2840 5008
1203 349 1266 415 ΙΙ
1649 358 1658 363 “
2272 358 2355 425 51

102 533 446 610 praeterea
479 542 766 606 magnae
795 522 1087 606 legiones
1119 542 1267 584 cum
1295 520 1447 584 loca
1478 542 1673 586 cursu

106 659 486 724 camporum
522 636 857 721 complent
875 684 890 709 ‚
912 635 1069 698 belli
1098 636 1448 698 simulacra
1478 636 1758 712 cienteS‚

53 771 71 811 5
104 753 312 836 fulgor
341 753 439 815 ibi
472 750 568 813 ad
599 749 846 812 caelum
876 770 948 811 se
978 749 1187 822 tollit,
1209 757 1491 834 totaque
1522 752 1767 814 circum

110 887 245 929 aere
274 864 655 927 renidescit
682 863 872 926 tellus
891 912 906 935 ,
931 870 1295 949 supterque
1324 864 1535 927 virum
1567 867 1633 928 vi

114 981 354 1042 excitur
384 977 684 1063 pedibus
715 977 968 1039 sonitus
990 1025 1004 1050 ‚
1030 977 1451 1060 clamoreque
1480 987 1741 1042 montes

110 1093 212 1154 icti
237 1093 577 1155 reiectant
605 1112 804 1155 voces
837 1089 924 1152 ad
953 1089 1175 1153 sidera
1203 1089 1460 1164 mundi,

117 1213 177 1268 et
203 1207 457 1268 circum
491 1205 777 1269 volitant
807 1204 1064 1288 equites
1095 1203 1485 1288 mediosque
1513 1212 1792 1290 repente

57 1334 78 1378 ο
113 1321 490 1383 tramittunt
519 1316 742 1382 valido
775 1317 1151 1402 quatientes
1180 1319 1424 1404 impete
1456 1338 1763 1404 campos:

116 1441 174 1495 et
197 1440 423 1495 tamen
457 1439 561 1494 est
593 1430 859 1515 quidam
887 1432 1075 1494 locus
1107 1432 1257 1495 altis
1286 1431 1621 1496 montibus
1642 1481 1657 1507 ‚
1689 1432 1865 1495 unde

115 1554 279 1609 stare
308 1545 635 1609 videntur
667 1553 734 1609 et
759 1546 828 1608 in
859 1545 1106 1630 campis
1139 1531 1505 1610 consistere
1532 1546 1807 1639 fulgor.-

188 1660 382 1723 Nunc
414 1657 578 1745 age,
600 1661 728 1723 iam
759 1659 1491 1745 deinceps'cunctarum
1525 1661 1800 1725 exordia
1827 1685 2047 1754 rerum

119 1775 321 1857 qualia
351 1775 494 1837 sint
526 1782 595 1838 et
626 1796 818 1859 quam
847 1774 1046 1859 longe
1079 1774 1397 1838 distantia
1426 1774 1654 1837 formis

53 1904 81 1946 ·5
120 1891 372 1975 percipe
394 1939 409 1964 ‚
433 1868 814 1973 multigenis
849 1864 1044 1972 quam
1072 1889 1205 1952 sint
1234 1889 1488 1952 variata
1515 1889 1772 1974 figuris3

121 2024 243 2065 non
274 2025 412 2088 quo
445 2003 658 2065 multa
684 2024 919 2087 parum
949 2002 1136 2065 simili
1167 2004 1301 2066 sint
1332 2002 1638 2089 praedita
1663 2003 1907 2079 forma,

122 2115 230 2178 sed
261 2118 422 2201 quia
451 2139 594 2180 non
625 2118 824 2202 volgo
854 2118 1041 2201 paria
1073 2118 1375 2180 omnibus
1409 2118 1626 2181 omnia
1657 2127 1996 2182 constent.

122 2252 231 2293 nec
257 2233 535 2294 mirum:
560 2253 708 2293 nam
741 2253 887 2294 cum
917 2231 1007 2295 sit
1035 2253 1261 2295 eorum
1294 2231 1489 2317 copia
1516 2240 1734 2307 tanta,

122 2354 186 2408 ut
208 2367 433 2431 neque
466 2346 650 2419 finis,
673 2347 770 2408 uti
801 2345 1032 2421 docui,
1054 2367 1272 2430 neque
1303 2367 1558 2408 summa
1586 2347 1673 2410 sit
1695 2347 1864 2427 ulla,

53 2474 89 2519 ιο
127 2458 396 2535 debent,
419 2460 495 2523 ni
522 2460 789 2535 mirum,
811 2481 951 2522 non
982 2460 1286 2523 omnibus
1319 2460 1538 2523 omnia
1567 2428 1874 2545 p(rsum

126 2594 257 2637 esse
286 2576 441 2659 pari
472 2574 583 2637 filo
615 2574 937 2659 similique
968 2573 1233 2638 adfecta
1259 2574 1500 2659 figura

124 2691 500 2771 parturiunt
529 2709 738 2772 genus
767 2673 1125 2751 humanu'm
1153 2696 1507 2772 mutaeque
1537 2696 1846 2751 natantes

128 2804 614 2888 squamigerum
643 2800 938 2886 pecudes
971 2810 1038 2866 et
1064 2802 1242 2865 laeta
1272 2809 1573 2866 arm'enta
1600 2801 1916 2886 feraeque
1935 2852 1950 2878 ‚

128 2923 186 2978 et
210 2918 437 2980 variae
469 2915 776 2979 volucres
795 2916 1149 2991 ‚laetantia
1180 2938 1350 2999 quae
1377 2916 1528 2979 loca
1557 2938 1878 3001 aquarum
1945 2908 1947 2910 ’

53 3043 92 3086 45
129 3031 596 3094 concelebrant
625 3032 869 3094 circum
896 3030 1076 3115 ripas
1106 3029 1448 3115 fontisque
1477 3030 1825 3114 lacusque,

132 3152 190 3206 et
218 3167 388 3229 quae
418 3144 823 3229 pervolgant
851 3165 1123 3207 nemora
1152 3144 1300 3207 avia
1330 3145 1843 3231 pervolitantes3

135 3278 408 3339 quorum
439 3281 643 3321 unum
677 3257 941 3343 quidvis
972 3260 1336 3342 generatim
1367 3257 1627 3322 sumere
1655 3280 1888 3344 perge:

132 3370 415 3436 invenies
446 3379 673 3435 tamen
701 3374 872 3436 inter
901 3395 973 3436 se
1007 3373 1271 3446 differre
1298 3374 1556 3458 figuris,

132 3506 240 3566 nec
268 3487 538 3551 ratione
570 3485 696 3548 alia
723 3486 947 3572 proles
979 3508 1385 3573 cognoscere
1414 3497 1693 3566 matrem

54 3611 98 3656 50
131 3606 239 3664 nec
267 3609 484 3664 mater
513 3607 750 3687 posset
774 3601 1063 3686 prolem3
1089 3600 1274 3686 quod
1302 3625 1504 3687 posse
1535 3600 1835 3665 videmus
1854 3649 1868 3675 ‚

138 3734 249 3778 nec
276 3715 495 3778 minus
527 3722 734 3798 atque
762 3713 1063 3778 homines
1092 3716 1267 3779 inter
1297 3738 1368 3779 se
1398 3724 1560 3779 nota
1590 3717 1834 3780 cluere.

139 3848 270 3891 nam
302 3850 508 3915 saepe
540 3836 698 3891 ante
731 3828 925 3891 deu‘m
955 3830 1200 3892 vitulus
1232 3829 1510 3893 delubra
1541 3829 1787 3892 decora

140 3942 517 4006 turicremas
549 3950 833 4027 propter
859 3951 1188 4007 mactatus
1221 3943 1516 4006 concidit
1546 3964 1695 4007 aras
1713 3991 1727 4016 ‚

149 4222 233 4270 325
268 4223 354 4273 ubi
404 4222 424 4290 ΙΙ
473 4227 573 4273 331
616 4218 761 4271 unde
796 4228 1057 4276 omissam.
1103 4221 1122 4289 ΙΙ
1171 4227 1267 4273 337
1307 4227 1547 4273 constat.
1598 4222 1618 4289 ΙΙ
1666 4226 1761 4273 342
1800 4218 2052 4274 Praetcrc
2101 4219 2120 4289 ΙΙ
2171 4222 2266 4270 343
2304 4236 2388 4270 ar-

148 4300 291 4355 busta
324 4306 342 4374 11
379 4312 477 4356 347
522 4300 757 4372 quodvis

1911 4404 1989 4464 4.
