2840 5008
510 330 606 449 00
770 475 775 479 Q
1596 384 1691 451 111

514 553 700 639 quod
727 575 936 639 genus
970 575 1004 617 e
1036 554 1251 619 thuris
1284 555 1537 641 glaebis
1568 555 1853 620 evellere
1884 557 2164 622 odorem

509 668 695 732 haud
719 668 913 732 facile
944 676 1047 732 est
1064 717 1079 743 ‚
1105 669 1265 753 quin
1291 671 1579 734 intereat
1609 678 1848 736 natura
1877 695 2148 758 quoque
2180 676 2320 739 eius
2340 727 2353 740 .

511 785 606 847 sic
636 784 831 846 animi
862 790 1065 867 atque
1095 785 1348 847 animae
1378 793 1686 849 naturam
1718 808 2004 871 corpore
2032 796 2180 853 toto

367 915 464 960 330
511 898 861 961 extrahere
890 897 1055 961 haut
1081 896 1274 962 facile
1305 907 1410 963 est
1429 949 1443 976 ‚
1470 901 1628 984 quin
1659 901 1878 964 omnia
1908 900 2398 968 dissoluantur.

509 1012 791 1099 inplexis
818 1013 912 1075 ita
938 1013 1278 1097 principiis
1308 1016 1393 1077 ab
1426 1014 1676 1100 origine
1705 1016 1918 1100 prima

508 1129 682 1191 inter
713 1147 785 1190 se
813 1126 980 1190 fiunt
1010 1129 1306 1192 consorti
1334 1128 1643 1214 praedita
1669 1129 1836 1206 vita,

505 1262 631 1305 nec
661 1241 785 1305 slbi
817 1220 1120 1326 quaeque
1151 1244 1291 1306 sine
1321 1244 1592 1307 alterius
1619 1244 1687 1308 vi
1714 1265 1918 1328 posse
1949 1243 2213 1309 videtur

508 1356 813 1442 corporis
843 1363 1045 1440 atque
1075 1358 1272 1439 animi
1300 1380 1604 1422 seorsum
1632 1359 1876 1422 sentire
1903 1366 2237 1443 potestaS‚

365 1488 461 1534 335
506 1470 632 1533 sed
661 1471 1115 1559 communibus
1144 1471 1319 1535 inter
1351 1493 1464 1535 eas
1497 1472 1826 1538 conflatur
1854 1474 2186 1558 utrimque

509 1587 796 1650 motibus
826 1606 1147 1649 accensus
1177 1586 1370 1650 nobis
1400 1608 1524 1672 per
1550 1587 1812 1657 viscera
1839 1609 2101 1651 sensuS.

509 1707 859 1784 praeterea
887 1722 1132 1785 corpus
1160 1722 1283 1785 per
1312 1722 1384 1764 se
1413 1723 1539 1764 nec
1567 1702 1854 1786 gignitur
1882 1724 2194 1788 umquam

507 1837 632 1878 nec
662 1815 901 1878 crescit
927 1836 1145 1899 neque
1173 1822 1332 1900 post
1358 1823 1637 1880 mortem
1670 1815 1914 1880 durare
1943 1817 2237 1881 videtur.

505 1951 642 1992 non
672 1909 840 1992 enim
859 1978 873 2005 ‚
894 1937 970 1993 ut
997 1951 1189 1994 umor
1218 1950 1433 2014 aquae
1464 1929 1733 1995 dimittit
1761 1952 1965 2016 saepe
1993 1953 2306 2016 vaporem
2325 1982 2339 2007 ‚

370 2062 467 2107 340
514 2045 627 2129 qui
658 2043 854 2107 datus
889 2051 1024 2119 est,
1047 2064 1264 2128 neque
1296 2065 1376 2107 ea
1404 2065 1605 2108 causa
1635 2046 2029 2109 convellitur
2057 2047 2230 2132 ipse,

510 2157 633 2237 sed
659 2166 886 2222 manet
910 2158 1256 2221 incolumis
1276 2206 1291 2233 ,
1313 2180 1453 2222 non
1470 2208 1485 2234 ‚
1506 2160 1776 2244 inquam
1796 2208 1811 2233 ‚
1835 2160 1931 2223 sic
1961 2160 2194 2224 animai

510 2272 856 2336 discidium
883 2279 1172 2359 possunt
1200 2280 1385 2337 artus
1414 2273 1713 2360 perferre
1740 2275 1985 2349 relicti,

509 2387 630 2480 sed
659 2387 926 2474 penitus
955 2394 1238 2472 pereunt
1269 2387 1573 2450 convulsi
1604 2409 1864 2472 conque
1893 2395 2313 2473 putrescunt.

508 2527 592 2567 ex
618 2504 887 2568 ineunte
918 2525 1083 2567 aevo
1114 2501 1209 2566 sic
1240 2501 1546 2588 corporis
1576 2511 1777 2588 atque
1808 2503 2046 2566 animai

370 2636 465 2681 345
511 2626 739 2682 mutua
765 2618 984 2682 vitalis
1016 2618 1284 2682 discunt
1313 2617 1622 2702 contagia
1648 2625 1867 2682 motus
1884 2667 1899 2694 ,

507 2733 820 2797 maternis
851 2733 1045 2824 etiam
1074 2733 1380 2797 membris
1411 2732 1697 2816 alvoque
1728 2739 2002 2816 reposta
2021 2780 2036 2807 ,
2219 2811 2223 2816 ἢ

512 2846 857 2910 discidium
885 2855 961 2910 ut
989 2854 1279 2931 nequeat
1304 2845 1447 2910 fieri
1477 2847 1618 2910 sine
1647 2853 1837 2932 peste
1867 2847 2202 2932 maloque3

507 2969 584 3025 ut
611 2959 843 3026 videas
865 3009 879 3035 ‚
905 2962 1213 3044 quoniam
1246 2961 1663 3025 coniunctast
1693 2981 1894 3024 causa
1924 2962 2153 3025 salutis
2170 3010 2186 3036 ‚

510 3075 929 3139 coniunctam
961 3096 1228 3159 quoque
1257 3082 1558 3139 naturam
1593 3074 1961 3138 consistere
1993 3097 2246 3139 eorum.

364 3209 461 3253 350
594 3188 832 3274 [Quod
863 3210 1064 3273 super
1094 3196 1230 3264 est,
1253 3188 1461 3273 siquis
1493 3210 1739 3275 corpus
1770 3190 2017 3253 sentire
2046 3189 2322 3265 refutat,

508 3312 710 3388 atque
740 3303 1022 3367 animam
1053 3301 1268 3366 credit
1294 3304 1690 3389 permixtam
1719 3324 2002 3389 corpore
2033 3312 2179 3368 toto

510 3419 847 3504 suscipere
875 3418 1054 3481 hunc
1083 3424 1335 3482 motum
1366 3440 1561 3502 quem
1592 3438 1858 3480 sensum
1888 3419 2381 3493 nominitamus,

506 3533 612 3597 vel
641 3532 1026 3596 manifestas
1054 3552 1163 3594 res
1195 3539 1431 3594 contra
1459 3552 1789 3617 verasque
1818 3540 2178 3617 repugnat.

508 3647 669 3733 quid
700 3648 786 3712 sit
815 3648 984 3710 enim
1016 3667 1259 3732 corpus
1291 3646 1536 3709 sentire
1566 3646 1714 3730 quis
1745 3645 2009 3710 adferet
2037 3668 2375 3730 umquam,

363 3780 459 3825 355
505 3764 562 3826 si
590 3784 727 3826 non
755 3762 905 3846 ipsa
930 3761 1148 3846 palam
1181 3759 1367 3845 quod
1395 3757 1504 3823 res
1538 3759 1725 3823 dedit
1755 3782 1832 3824 ac
1864 3760 2092 3824 docuit
2119 3761 2291 3823 nos?

507 3887 577 3939 at
606 3875 876 3939 dimissa
904 3875 1119 3938 anima
1149 3896 1394 3959 corpus
1427 3883 1613 3938 caret
1640 3874 1936 3959 undique
1967 3896 2199 3938 sensut

511 4159 609 4205 330
646 4158 735 4205 aut
781 4151 801 4219 11
850 4158 946 4204 332
985 4154 1219 4205 consorti
1256 4137 1388 4205 fiimt
1433 4151 1454 4218 Ιι
1499 4153 1664 4205 vitae.
1704 4152 1724 4220 Η
1761 4159 1857 4204 335
1898 4169 1989 4206 eos
2029 4154 2048 4220 Η
2089 4159 2187 4205 346
2223 4159 2475 4222 reposto.
2509 4152 2529 4219 Η
2568 4154 2657 4202 347
2696 4157 2754 4198 ut.

511 4244 775 4290 omissum.
