2840 5008
472 303 604 369 152
1529 306 1657 373 IIII

547 477 772 561 Atque
801 477 868 539 in
900 499 1123 541 amore
1153 479 1324 542 mala
1351 479 1522 541 haec
1553 480 1830 565 proprio
1863 501 2246 564 summeque
2276 479 2569 543 secundo

462 591 918 654 inveniuntur:
941 593 1008 654 in
1039 592 1328 656 adverso
1358 615 1522 657 vero
1555 603 1756 678 atque
1786 595 1969 678 inopi
1998 604 2184 666 sunt,

466 704 797 789 prendere
830 727 998 789 quae
1026 708 1249 790 possis
1280 709 1624 771 oculorum
1653 708 1897 770 lumine
1926 705 2197 794 operm,

466 818 962 883 innumerabilia
980 846 996 896 ς
1017 829 1093 885 111,
1121 823 1351 885 melius
1382 823 1656 906 vigilare
1687 823 1774 885 sit
1803 830 1988 898 ante,

312 949 434 994 1145
468 954 600 1017 qua
629 932 829 998 docui
857 936 1116 999 ratione
1136 986 1150 1010 ‚
1176 957 1551 1020 cavereque
1580 959 1666 1000 ne
1694 937 2035 1000 inliciaris.

468 1068 618 1110 nam
648 1049 863 1111 vitare
881 1099 897 1124 ‚
919 1051 1151 1136 plagas
1180 1052 1248 1113 in
1279 1052 1525 1115 amoris
1555 1073 1640 1114 ne
1670 1053 2010 1126 iaciamur,

470 1184 605 1225 non
638 1163 730 1226 ita
763 1163 1028 1228 difficile
1061 1175 1164 1229 est
1196 1188 1392 1250 quam
1427 1176 1694 1250 captum
1723 1166 1976 1229 retibus
2006 1166 2166 1249 ipsis

472 1278 653 1339 exire
685 1287 752 1341 et
780 1279 1039 1343 validos
1071 1282 1355 1344 Veneris
1385 1302 1818 1368 perrumpere
1849 1279 2068 1343 nodos
2088 1327 2101 1340 .

475 1400 541 1482 et
567 1401 788 1455 tamen
817 1394 1169 1479 implicitus
1200 1417 1470 1479 quoque
1500 1395 1722 1481 possis
1751 1396 1953 1478 inque
1981 1393 2250 1477 peditus

314 1522 441 1568 1150
474 1504 761 1590 effugere
790 1508 1100 1573 infestum
1118 1559 1132 1586 ,
1157 1511 1281 1573 nisi
1310 1518 1454 1573 tute
1483 1510 1602 1572 tibi
1634 1509 1872 1573 obvius
1904 1509 2134 1571 obstes

478 1627 545 1683 et
572 1628 842 1703 praeter
871 1624 1091 1687 mittas
1123 1626 1317 1687 animi
1347 1624 1508 1687 vitia
1539 1625 1754 1688 omnia
1783 1623 2064 1708 primum

476 1742 590 1798 aut
621 1757 791 1818 quae
822 1739 1102 1822 eorpori’
1134 1747 1291 1801 sunt
1321 1739 1460 1801 eius
1479 1786 1494 1812 ‚
1518 1740 1572 1800 si
1605 1759 1801 1822 quam
1832 1738 2005 1822 petis
2036 1757 2114 1799 ae
2142 1735 2273 1798 vis.

475 1871 627 1912 nam
654 1849 910 1914 faciunt
936 1852 1237 1916 homines
1268 1854 1656 1937 plerumque
1687 1850 1997 1937 cupidine
2029 1850 2208 1912 caeci

481 1972 548 2027 et
577 1964 879 2029 tribuunt
909 1987 985 2029 ea
1016 1989 1186 2051 quae
1216 1989 1353 2029 non
1383 1975 1542 2048 sunt
1567 1967 1672 2029 his
1705 1962 2056 2028 commoda
2085 1985 2271 2028 vere.

321 2074 448 2140 '1155
479 2080 881 2144 multimodis
910 2082 1110 2166 igitur
1141 2103 1387 2167 pravas
1420 2083 1770 2166 turpisque
1800 2079 2103 2142 videmus

481 2217 629 2259 esse
656 2195 724 2257 in
755 2194 1006 2258 deliciis
1037 2217 1427 2279 summoque
1455 2197 1523 2258 in
1552 2181 1810 2259 hohore
1839 2195 2093 2278 vigere.

483 2317 686 2393 atque
717 2309 882 2371 alios
914 2309 1020 2371 alii
1049 2308 1341 2371 inrident
1370 2309 1840 2394 Veneremque
1871 2307 2160 2371 siiadent

483 2432 561 2487 ub
586 2424 888 2510 placent,
914 2424 1228 2510 quoniam
1257 2423 1461 2487 foedo
1494 2424 1916 2488 adflictentur
1948 2442 2199 2494 amore,

482 2561 608 2603 nec
637 2561 758 2602 sua
786 2540 1154 2626 respiciunt
1182 2540 1402 2602 miseri
1431 2540 1604 2603 mala
1632 2541 1915 2602 maxima
1944 2557 2171 2622 saepe.

323 2670 450 2716 1160
479 2655 669 2738 nigra
696 2654 1057 2719 melichrus
1085 2663 1188 2719 est
1206 2704 1221 2729 ‚
1240 2654 1559 2718 inmunda
1589 2661 1655 2717 et
1684 2652 1893 2717 fetida
1921 2672 2227 2714 aeosmos
2245 2699 2259 2725 ,

489 2770 708 2831 caesia
734 2768 1102 2831 Palladium
1122 2819 1136 2845 ,
1158 2790 1447 2832 nervosa
1477 2776 1545 2831 et
1573 2769 1791 2852 lignea
1822 2766 2063 2830 dorcas
2080 2813 2094 2840 ,

487 2882 767 2966 parvula
785 2931 799 2956 ‚
823 2883 1092 2968 pumilio
1112 2931 1127 2957 ,
1151 2883 1457 2946 chariton
1485 2883 1613 2946 mia
1630 2931 1645 2957 ,
1668 2889 1817 2945 tota
1845 2901 2095 2957 merum
2126 2878 2252 2952 sal,

489 3017 730 3082 magna
758 3005 960 3081 atque
988 2998 1266 3059 inmanis
1298 2997 1660 3082 cata-plexis
1689 2997 2019 3080 plenaque
2047 2992 2356 3056 honoris.

493 3111 690 3174 balba
718 3112 902 3195 loqui
929 3133 1065 3174 non
1099 3112 1276 3195 quit,
1298 3111 1557 3174 traulizi
1575 3161 1589 3185 ‚
1612 3119 1795 3174 muta
1824 3107 2083 3193 pudens
2115 3115 2245 3169 est:

333 3244 459 3289 1165
491 3234 561 3289 at
589 3225 876 3310 flagrans
897 3275 911 3301 ‚
935 3225 1172 3290 odiosa
1190 3275 1204 3302 ‚
1229 3225 1583 3311 loquacula
1602 3274 1616 3299 ‚
1641 3221 2077 3308 Lampadium
2105 3221 2206 3283 fit.

490 3341 777 3404 ischnon
808 3342 1190 3430 eromenion
1217 3349 1356 3403 tum
1384 3341 1461 3403 fit
1480 3388 1493 3414 ‚
1519 3361 1667 3402 cum
1696 3338 1922 3401 vivere
1951 3357 2087 3398 non
2117 3334 2260 3419 quit

493 3476 657 3540 prae
684 3454 925 3517 macie:
948 3453 1230 3521 rhadine
1260 3462 1491 3517 verost
1518 3455 1646 3516 iam
1675 3459 1943 3516 mortua
1969 3449 2170 3513 tussi.

497 3579 568 3634 at
593 3570 823 3633 Lamia
852 3578 920 3633 et
947 3589 1308 3633 mammosa
1339 3546 1541 3631 Ceres
1574 3575 1676 3631 est
1703 3568 1853 3653 ipsa
1882 3566 1964 3629 ab
1995 3561 2240 3627 Iaccho
2259 3610 2273 3634 ‚

500 3685 732 3748 simula
761 3685 984 3748 Silena
1014 3704 1092 3747 ae
1123 3662 1418 3747 salsurast
1437 3730 1451 3756 ‚
1473 3682 1747 3744 labeosa
1776 3680 2094 3764 philema.

338 3816 466 3862 1170
497 3807 722 3862 cetera
753 3798 836 3861 de
866 3820 1109 3883 genere
1138 3798 1270 3861 hoc
1299 3798 1572 3882 longum
1600 3804 1704 3859 est
1732 3796 1788 3857 si
1819 3794 2041 3857 dicere
2072 3810 2305 3854 coner.

502 3912 625 3976 sed
651 3921 872 3976 tamen
903 3922 1048 3976 esto
1079 3914 1206 3975 iam
1237 3923 1491 3996 quanto
1523 3912 1624 3973 vis
1658 3910 1791 3973 oris
1820 3909 2111 3980 honore,

513 4204 639 4248 1141
681 4194 815 4247 male
871 4195 889 4261 Η
951 4200 1077 4244 1145
1116 4193 1437 4262 inIIguiaris.
1494 4195 1514 4262 ΙΙ
1573 4197 1700 4243 1152
1741 4189 1819 4242 Ut
1856 4187 1875 4257 ΙΙ
1913 4189 1958 4241 si
1997 4194 2261 4240 omissum.
2303 4184 2323 4251 ΙΙ
2357 4184 2536 4254 ’Ῑῖρθῐίε
2567 4184 2585 4251 ΙΙ
2623 4183 2720 4233 1154

508 4280 553 4331 is
589 4281 607 4347 ΙΙ
654 4284 781 4331 1156
819 4277 1025 4329 delictis
1064 4276 1084 4345 ΙΙ
1127 4281 1253 4329 1160
1292 4274 1493 4328 foetida
1528 4275 1548 4342 ΙΙ
1590 4280 1718 4326 1168
1757 4274 1946 4325 iamina
1981 4273 2001 4340 Η
2044 4276 2173 4322 1170
2212 4267 2311 4321 esti
2328 4286 2352 4319 z.
