2840 5008
488 392 628 460 272
1548 388 1643 457 IV

486 564 797 630 Cererem
827 570 1171 639 ornasset3
1203 583 1339 647 quo
1369 563 1553 628 facto
1585 571 1965 638 constaret,
1995 564 2186 648 quod
2217 586 2399 629 nunc
2426 586 2691 649 prorsus

481 661 878 741 incredibile
908 660 1085 725 duco
1106 709 1120 735 ‚
1161 660 1400 725 Latine
1425 663 1734 744 qeminam
1763 661 1899 726 dici
1923 683 2131 746 posse
2160 663 2299 746 (ita
2329 665 2502 727 enim
2530 664 2692 729 Tur-

485 763 698 827 nebus
719 761 1206 844 interpretatur
1228 757 1495 823 advers.
1508 782 1721 836 xxvn,
1735 761 1846 844 34)
1868 760 2137 844 plenam
2157 808 2174 836 ‚
2194 763 2488 846 amplam
2507 811 2523 837 ‚
2546 764 2692 827 obe-

348 853 370 876 ⁶
485 882 626 926 sam
657 908 672 924 .
718 868 824 924 est
865 865 1088 923 autem
1128 857 1240 921 hic
1271 878 1511 921 versus
1554 879 1640 921 ex
1668 880 1749 922 eo
1779 879 2026 944 genere
2059 906 2076 932 ‚
2121 859 2237 943 qui
2268 860 2386 921 vix
2417 870 2694 944 possunt

485 967 673 1025 certa
719 955 1186 1023 emendatione
1230 956 1498 1020 restitui
1533 1006 1547 1019 .
1606 957 1767 1020 mihi
1809 958 2091 1021 maxime
2136 959 2481 1041 probatur
2525 959 2696 1042 quod

482 1058 812 1123 Avantius
853 1056 924 1120 in
964 1055 1210 1119 ceteris
1238 1053 1441 1119 valde
1482 1075 1774 1139 peccans
1818 1055 2049 1131 dedit,
2090 1055 2492 1120 AtLAnnA
2518 1104 2532 1117 .
2576 1057 2692 1120 La-

480 1160 670 1223 miam
698 1162 922 1220 autem
949 1174 1088 1216 non
1116 1159 1253 1216 tam
1281 1176 1525 1217 saevam
1554 1160 1626 1217 et
1634 1155 1917 1241 ferocem
1939 1153 2074 1217 dici
2102 1153 2420 1217 existimo
2440 1203 2458 1228 ‚
2488 1161 2567 1217 ut
2597 1175 2694 1217 ex-

481 1256 760 1341 ponitur
785 1254 856 1317 in
883 1251 1211 1338 glossario
1243 1249 1405 1314 Maii
1446 1251 1514 1314 in
1543 1258 1891 1315 auctorum
1935 1251 2373 1315 classicorum
2418 1259 2610 1315 tomo
2637 1274 2696 1314 v1
2780 1241 2781 1328 Ῐ

481 1376 547 1440 p.
565 1354 721 1427 531,
754 1372 953 1437 quam
980 1357 1241 1415 vastam
1272 1347 1670 1414 manducam
1699 1370 2046 1414 voracem:
2079 1358 2147 1412 et
2177 1350 2264 1415 ab
2295 1350 2602 1434 ingluvie
2631 1371 2699 1413 ac
2780 1339 2783 1422 l

482 1452 856 1518 voracitate
876 1449 1174 1516 Lamiam
1198 1446 1606 1532 appellatam
1638 1468 1786 1512 esse
1806 1447 2189 1512 Lobeckius
2219 1448 2472 1511 statuit
2499 1449 2573 1511 in
2604 1449 2697 1533 fm-

482 1548 730 1636 marnxsp
758 1570 824 1632 p.
844 1546 967 1612 326
988 1594 1001 1609 .
1046 1545 1261 1609 altero
1303 1552 1532 1609 tamen
1560 1546 1674 1610 illo
1706 1545 1910 1610 modo
1939 1546 2168 1630 potius
2198 1567 2490 1609 uxorem
2522 1566 2697 1610 suam

481 1648 716 1713 Amas·
763 1645 927 1710 dicit
969 1664 1179 1709 senex
1221 1642 1407 1727 apud
1447 1643 1896 1709 Menandrum
1949 1644 2019 1707 in
2062 1644 2336 1708 comicis
2381 1643 2697 1707 Meinekii

480 1767 544 1830 p.
562 1743 684 1808 945
715 1744 840 1828 (1v,
857 1764 921 1827 p.
959 1740 1148 1825 191).

650 1841 827 1905 1169.
856 1840 1171 1905 Summum
1202 1861 1499 1903 SILENA
1528 1861 1623 1902 Ac
1653 1859 2097 1914 sATURAsT,
2130 1861 2507 1903 LAnnosA
2540 1863 2694 1904 Pm-

479 1963 721 2005 ann.
769 1938 1120 2024 Oblongus
1156 1937 1374 2022 prima
1400 1958 1603 2000 manu
1631 1936 1946 2001 Simulena
1984 1939 2211 2001 silena.
2255 1945 2570 2002 ceterum
2598 1939 2696 2002 hic

481 2040 701 2105 codex
725 2036 988 2102 Graeca
1015 2036 1348 2100 vocabula
1378 2034 1915 2100 emendatissime
1940 2036 2196 2120 scripta
2225 2035 2550 2117 exhibet,
2581 2036 2693 2101 sed

478 2138 721 2203 litteris
749 2135 1048 2212 Latinis3
1094 2155 1261 2220 quas
1306 2133 1602 2197 editores
1623 2182 1641 2212 ,
1685 2132 1936 2218 perditi
1978 2134 2235 2198 scilicet
2276 2134 2693 2200 litteratores

481 2238 782 2302 Graecae
806 2235 1070 2324 linguae
1093 2281 1107 2306 ‚
1131 2253 1281 2296 cum
1302 2231 1599 2295 tolerare
1621 2251 1760 2295 non
1781 2239 2064 2316 possent
2078 2278 2096 2307 ‚
2126 2233 2402 2304 nomina
2422 2236 2693 2321 propria
2786 2313 2787 2328 χ

481 2355 753 2421 quoque
786 2381 803 2409 ‚
857 2353 1029 2417 quae
1071 2330 1426 2394 Lucretius
1472 2330 1694 2393 omnia
1736 2329 1979 2394 Latina
2022 2329 2214 2393 dedit
2243 2378 2259 2405 ‚
2302 2332 2691 2411 Palladium,
2786 2331 2787 2334 ’

480 2432 932 2519 Lampadium,
974 2430 1218 2503 Silena,
1261 2429 1496 2493 Satura
1511 2475 1529 2508 ,
1573 2427 1758 2491 nulla
1786 2449 1936 2491 cum
1962 2427 2096 2492 fide
2128 2426 2408 2493 Graecis
2453 2431 2692 2494 litteris
2786 2431 2787 2480 ἶ

480 2538 898 2598 exornarunt
919 2578 933 2592 .
978 2550 1134 2593 nam
1162 2535 1431 2593 veteres
1460 2528 1551 2592 illi
1582 2548 1754 2612 quae
1782 2529 1976 2592 nimis
2008 2525 2269 2591 Graeca
2298 2528 2692 2593 viderentur

477 2622 575 2696 ita
603 2631 918 2695 solebant
953 2627 1337 2703 inflectere3
1380 2632 1459 2688 ut
1486 2624 1781 2690 Lucilius
1823 2625 2008 2710 apud
2036 2624 2330 2689 Nonium
2368 2651 2435 2712 p.
2457 2627 2690 2707 359,14

479 2729 720 2815 Siquod
742 2728 988 2791 verbwm
1013 2726 1363 2789 inusitatum
1392 2730 1500 2788 aat
1522 2726 1903 2787 zetematinm
1931 2724 2301 2812 offenderam
2316 2772 2334 2803 ,
2376 2725 2688 2810 idemque

476 2827 550 2889 in
574 2825 886 2890 versibus
928 2826 1014 2889 ab
1046 2823 1349 2908 Hauptio
1390 2823 1462 2887 in
1490 2821 1845 2909 Philologo
1890 2821 2391 2889 Schneidewini
2422 2848 2448 2888 1
2476 2847 2548 2909 p.
2582 2825 2687 2888 163

479 2923 716 2988 eximie
756 2921 1087 2984 restitutis
1126 2922 1185 2984 T
1171 2944 1287 3006 yro
1327 2920 1738 3005 eupatereiam
1778 2921 2050 3006 aliquam
2072 2944 2217 2985 ,rem
2256 2924 2561 3007 insiynem
2589 2925 2688 2987 Iza-

478 3023 670 3086 buisse
693 3069 708 3096 ,
749 3018 911 3083 item
953 3018 1082 3081 alio
1127 3018 1277 3080 loco
1318 3041 1395 3081 ne
1423 3017 1861 3082 rhetoricotero’
1892 3029 1956 3081 tu
1982 3020 2063 3083 sis
2090 3066 2103 3081 .
2149 3027 2449 3084 ceterum
2477 3043 2688 3106 neque

480 3120 757 3186 Graecis
787 3138 1007 3203 neque
1029 3116 1288 3180 Latinis
1309 3115 1554 3179 litteris
1578 3116 1784 3180 scribi
1813 3116 2106 3183 debebat
2130 3117 2335 3182 Silene
2364 3142 2444 3181 ae
2466 3117 2686 3206 Satyra

478 3231 598 3284 est:
616 3239 771 3281 nam
787 3216 1060 3282 vocales
1081 3214 1377 3278 Graecas
1393 3212 1771 3298 productas
1791 3220 2034 3300 politae
2050 3213 2275 3278 Latini
2289 3224 2458 3299 post
2473 3215 2687 3280 Plauti

479 3322 767 3380 aetatem
791 3336 929 3378 non
951 3314 1274 3377 eliserunt
1289 3361 1305 3389 ‚
1336 3314 1466 3377 nisi
1486 3314 1885 3398 pauciiique
1907 3335 2060 3379 raro
2081 3362 2095 3376 .
2119 3314 2401 3377 Plautus
2425 3315 2499 3378 in
2523 3314 2685 3399 Cap-

477 3413 635 3477 tivis
678 3433 760 3486 1v,
779 3410 837 3491 2,
863 3411 980 3474 110
1019 3434 1095 3475 ne
1124 3422 1224 3474 ton
1249 3414 1475 3496 Apollo
1505 3461 1519 3476 .
1564 3424 1622 3476 et
1645 3415 1941 3477 servolum
1963 3460 1978 3487 ‚
2022 3414 2091 3476 in
2117 3411 2407 3496 Epidico
2458 3436 2519 3488 v,
2540 3414 2681 3488 217

475 3510 833 3597 Apolactizo
874 3510 1152 3572 inimicos
1180 3512 1374 3574 omnis
1395 3558 1409 3570 .
1455 3510 1750 3575 Lucilius
1778 3510 1980 3575 Nonii
2022 3535 2085 3598 p.
2104 3510 2242 3584 540,
2261 3510 2344 3573 28
2371 3513 2682 3600 amfitapoe

477 3622 532 3675 et
560 3659 574 3673 .
617 3608 914 3696 tragicus
953 3608 1025 3672 in
1065 3607 1338 3674 Tuscul.
1367 3632 1437 3683 11,
1466 3608 1548 3671 36
1586 3608 1801 3687 Quibu'
1827 3610 2019 3693 maqi'
2051 3609 2374 3692 palaestra
2415 3609 2680 3673 Eua-ota.

476 3708 877 3792 Propertius
905 3706 1020 3772 Ino
1043 3707 1224 3770 etiam
1239 3754 1257 3785 ,
1297 3707 1537 3771 Callisto
1565 3707 1867 3770 Arcadios
1884 3755 1898 3780 ‚
1927 3707 1998 3769 in
2024 3728 2123 3781 111,
2140 3704 2239 3780 28,
2276 3704 2353 3769 19
2377 3706 2493 3769 23.
2521 3706 2681 3770 Ver·

475 3806 675 3891 gilius
711 3806 882 3870 Circe
908 3809 974 3870 in
989 3854 1006 3885 ‚
1036 3807 1267 3869 Allecto
1294 3804 1519 3891 infecta
1544 3853 1561 3883 ,
1599 3805 1831 3869 Allecto
1858 3805 1925 3867 in
1961 3806 2218 3868 Teucros
2238 3851 2256 3881 ,
2286 3804 2452 3869 Aen.
2471 3826 2589 3878 vu,
2608 3803 2680 3867 20

474 3904 593 3968 341
627 3903 750 3965 476
774 3951 788 3966 .
833 3902 1270 3969 Germanicus
1299 3901 1420 3965 262
1454 3901 1704 3966 Electra
1732 3903 2117 3988 Alcyoneque
2135 3949 2149 3964 .
2196 3899 2401 3964 Silius
2432 3902 2678 3965 Parthe-

473 4025 628 4087 nope
654 4023 762 4079 ac,
805 4002 1013 4066 Melite
1040 4013 1126 4082 et,
1157 4003 1450 4086 Drepane
1481 4012 1691 4087 atque,
1723 4023 1869 4075 v111,
1888 4000 2010 4064 536
2038 4023 2173 4073 xw,
2192 3999 2310 4062 251
2344 3997 2505 4062 269.
2535 4001 2677 4063 Sta-

475 4101 608 4164 tius
648 4101 707 4163 T
699 4099 969 4185 &saphane
998 4111 1054 4162 et
1089 4099 1307 4163 Theb.
1332 4120 1479 4172 vm,
1509 4098 1623 4161 66.
1666 4119 1820 4161 nam
1846 4097 2182 4182 Vergilius
2227 4117 2366 4159 non
2414 4097 2678 4181 scripsit

474 4199 683 4267 Beroe·
722 4199 975 4263 Ismarii
1002 4221 1063 4272 v,
1082 4197 1205 4261 620
1226 4247 1242 4273 ‚
1281 4218 1502 4280 neque
1541 4198 1765 4282 Cinyra
1807 4209 1864 4260 et
1889 4219 1952 4271 x,
1987 4195 2139 4270 186,
2180 4215 2305 4258 nec
2350 4193 2586 4267 Cicer-o
2615 4196 2678 4258 in

475 4297 741 4361 Arateis
770 4296 896 4376 (de
924 4302 1169 4358 natura
1200 4294 1480 4358 deorum
1512 4317 1581 4375 11,
1611 4295 1762 4380 111)
1792 4293 2188 4359 Andromeda
2217 4292 2540 4378 aufuyiens
2569 4301 2676 4355 aut

472 4392 603 4469 435
624 4393 1021 4459 Andromeda
1050 4403 1138 4456 et.
1181 4389 1303 4455 sed
1333 4391 1694 4457 Terentius
1733 4399 1920 4457 recte
1958 4391 2438 4477 Hecyrasmzuic
2468 4413 2672 4461 nomen
