<?xml version="1.0" encoding="UTF-8"?>
<!DOCTYPE html PUBLIC "-//W3C//DTD XHTML 1.0 Transitional//EN"
    "http://www.w3.org/TR/xhtml1/DTD/xhtml1-transitional.dtd">
<html xmlns="http://www.w3.org/1999/xhtml" xml:lang="en" lang="en">
 <head>
  <title>
</title>
<meta http-equiv="Content-Type" content="text/html;charset=utf-8" />
  <meta name='ocr-system' content='tesseract 3.04.00' />
  <meta name='ocr-capabilities' content='ocr_page ocr_carea ocr_par ocr_line ocrx_word'/>
</head>
<body>
  <div class='ocr_page' id='page_1' title='image "./tlucreticarider02lachgoog_0397.png"; bbox 0 0 2840 5008; ppageno 0'>
   <div class='ocr_carea' id='block_1_1' title="bbox 1209 409 2344 492">
    <p class='ocr_par' dir='ltr' id='par_1_1' title="bbox 1209 409 2344 492">
     <span class='ocr_line' id='line_1_1' title="bbox 1209 409 2344 492; baseline -0.001 0"><span class='ocrx_word' id='word_1_1' title='bbox 1209 409 1318 492; x_wconf 75' lang='lat'>11&#39;</span> <span class='ocrx_word' id='word_1_2' title='bbox 2211 417 2344 491; x_wconf 81' lang='lat'>137</span> 
     </span>
    </p>
   </div>
   <div class='ocr_carea' id='block_1_2' title="bbox 58 597 2376 4206">
    <p class='ocr_par' dir='ltr' id='par_1_2' title="bbox 113 597 2376 1365">
     <span class='ocr_line' id='line_1_2' title="bbox 113 597 2376 688; baseline -0.003 -21"><span class='ocrx_word' id='word_1_3' title='bbox 113 622 446 688; x_wconf 87' lang='lat' dir='ltr'>umquam</span> <span class='ocrx_word' id='word_1_4' title='bbox 479 600 781 684; x_wconf 86' lang='lat' dir='ltr'>(notavit</span> <span class='ocrx_word' id='word_1_5' title='bbox 814 619 894 662; x_wconf 85' lang='lat' dir='ltr'>ea</span> <span class='ocrx_word' id='word_1_6' title='bbox 920 597 1174 662; x_wconf 89' lang='lat' dir='ltr'>Paulus</span> <span class='ocrx_word' id='word_1_7' title='bbox 1206 598 1533 662; x_wconf 80' lang='lat' dir='ltr'>diaconus</span> <span class='ocrx_word' id='word_1_8' title='bbox 1562 619 1626 681; x_wconf 91' lang='lat' dir='ltr'>p.</span> <span class='ocrx_word' id='word_1_9' title='bbox 1647 597 1726 662; x_wconf 86' lang='lat'>50</span> <span class='ocrx_word' id='word_1_10' title='bbox 1756 598 1917 681; x_wconf 84' lang='lat'>49),</span> <span class='ocrx_word' id='word_1_11' title='bbox 1957 619 2137 662; x_wconf 91' lang='lat' dir='ltr'>nunc</span> <span class='ocrx_word' id='word_1_12' title='bbox 2168 603 2376 661; x_wconf 74' lang='lat' dir='ltr'>certe</span> 
     </span>
     <span class='ocr_line' id='line_1_3' title="bbox 117 694 2353 780; baseline -0.002 -17"><span class='ocrx_word' id='word_1_13' title='bbox 117 707 553 764; x_wconf 87' lang='lat' dir='ltr'>evanuerunt</span> <span class='ocrx_word' id='word_1_14' title='bbox 584 747 602 777; x_wconf 85' lang='lat'><em>‚</em></span> <span class='ocrx_word' id='word_1_15' title='bbox 648 716 866 780; x_wconf 87' lang='lat' dir='ltr'>neque</span> <span class='ocrx_word' id='word_1_16' title='bbox 899 695 1247 760; x_wconf 86' lang='lat' dir='ltr'>adsentior</span> <span class='ocrx_word' id='word_1_17' title='bbox 1275 695 1437 759; x_wconf 87' lang='lat' dir='ltr'>viris</span> <span class='ocrx_word' id='word_1_18' title='bbox 1468 694 1872 759; x_wconf 77' lang='lat' dir='ltr'><strong>doctissimis</strong></span> <span class='ocrx_word' id='word_1_19' title='bbox 1905 696 2021 780; x_wconf 89' lang='lat' dir='ltr'>qui</span> <span class='ocrx_word' id='word_1_20' title='bbox 2047 696 2119 758; x_wconf 91' lang='lat' dir='ltr'>in</span> <span class='ocrx_word' id='word_1_21' title='bbox 2146 696 2353 760; x_wconf 85' lang='lat' dir='ltr'>Hirtii</span> 
     </span>
     <span class='ocr_line' id='line_1_4' title="bbox 116 792 2348 879; baseline -0.002 -17"><span class='ocrx_word' id='word_1_22' title='bbox 116 799 199 862; x_wconf 88' lang='lat' dir='ltr'>de</span> <span class='ocrx_word' id='word_1_23' title='bbox 229 797 419 862; x_wconf 90' lang='lat' dir='ltr'>bello</span> <span class='ocrx_word' id='word_1_24' title='bbox 458 795 716 859; x_wconf 82' lang='lat' dir='ltr'>Gallico</span> <span class='ocrx_word' id='word_1_25' title='bbox 750 794 1226 858; x_wconf 87' lang='lat' dir='ltr'>commentario</span> <span class='ocrx_word' id='word_1_26' title='bbox 1269 817 1392 857; x_wconf 85' lang='lat' dir='ltr'>vm</span> <span class='ocrx_word' id='word_1_27' title='bbox 1420 792 1705 878; x_wconf 45' lang='lat' dir='ltr'>praef}</span> <span class='ocrx_word' id='word_1_28' title='bbox 1748 795 2167 879; x_wconf 88' lang='lat' dir='ltr'>scripserunt</span> <span class='ocrx_word' id='word_1_29' title='bbox 2209 818 2348 858; x_wconf 77' lang='lat' dir='ltr'>cou-</span> 
     </span>
     <span class='ocr_line' id='line_1_5' title="bbox 115 890 2350 978; baseline -0.002 -18"><span class='ocrx_word' id='word_1_30' title='bbox 115 896 512 960; x_wconf 72' lang='lat' dir='ltr'>haerentibus</span> <span class='ocrx_word' id='word_1_31' title='bbox 540 940 555 956; x_wconf 91' lang='lat'><strong>.</strong></span> <span class='ocrx_word' id='word_1_32' title='bbox 583 915 722 956; x_wconf 91' lang='lat' dir='ltr'>non</span> <span class='ocrx_word' id='word_1_33' title='bbox 748 893 959 978; x_wconf 84' lang='lat' dir='ltr'>magis</span> <span class='ocrx_word' id='word_1_34' title='bbox 991 891 1312 957; x_wconf 76' lang='lat' dir='ltr'>credibile</span> <span class='ocrx_word' id='word_1_35' title='bbox 1344 890 1520 955; x_wconf 89' lang='lat' dir='ltr'>duco</span> <span class='ocrx_word' id='word_1_36' title='bbox 1552 891 1738 976; x_wconf 90' lang='lat' dir='ltr'>quod</span> <span class='ocrx_word' id='word_1_37' title='bbox 1762 891 2206 970; x_wconf 76' lang='lat' dir='ltr'>Quintilianus</span> <span class='ocrx_word' id='word_1_38' title='bbox 2232 915 2273 967; x_wconf 90' lang='lat'>1,</span> <span class='ocrx_word' id='word_1_39' title='bbox 2292 892 2350 966; x_wconf 82' lang='lat'>6,</span> 
     </span>
     <span class='ocr_line' id='line_1_6' title="bbox 121 989 2350 1076; baseline -0.001 -19"><span class='ocrx_word' id='word_1_40' title='bbox 121 994 193 1057; x_wconf 87' lang='grc'>17</span> <span class='ocrx_word' id='word_1_41' title='bbox 215 991 573 1057; x_wconf 85' lang='lat' dir='ltr'>rettulisse</span> <span class='ocrx_word' id='word_1_42' title='bbox 597 991 1012 1054; x_wconf 86' lang='lat' dir='ltr'>existimatur</span> <span class='ocrx_word' id='word_1_43' title='bbox 1027 1038 1042 1066; x_wconf 93' lang='lat'>,</span> <span class='ocrx_word' id='word_1_44' title='bbox 1060 989 1269 1054; x_wconf 85' lang='lat' dir='ltr'>fuisse</span> <span class='ocrx_word' id='word_1_45' title='bbox 1293 989 1626 1075; x_wconf 88' lang='lat' dir='ltr'>quosdam</span> <span class='ocrx_word' id='word_1_46' title='bbox 1650 990 1761 1073; x_wconf 91' lang='lat' dir='ltr'>qui</span> <span class='ocrx_word' id='word_1_47' title='bbox 1783 990 1982 1053; x_wconf 93' lang='lat' dir='ltr'>nimio</span> <span class='ocrx_word' id='word_1_48' title='bbox 2003 990 2350 1076; x_wconf 83' lang='lat' dir='ltr'>analogiae</span> 
     </span>
     <span class='ocr_line' id='line_1_7' title="bbox 119 1088 2351 1173; baseline -0.001 -18"><span class='ocrx_word' id='word_1_49' title='bbox 119 1089 347 1155; x_wconf 87' lang='lat' dir='ltr'>studio</span> <span class='ocrx_word' id='word_1_50' title='bbox 368 1090 580 1153; x_wconf 71' lang='lat' dir='ltr'>conire</span> <span class='ocrx_word' id='word_1_51' title='bbox 599 1088 933 1165; x_wconf 89' lang='lat' dir='ltr'>dicerent,</span> <span class='ocrx_word' id='word_1_52' title='bbox 967 1111 1107 1153; x_wconf 92' lang='lat' dir='ltr'>non</span> <span class='ocrx_word' id='word_1_53' title='bbox 1124 1091 1284 1154; x_wconf 82' lang='lat' dir='ltr'>coire</span> <span class='ocrx_word' id='word_1_54' title='bbox 1312 1138 1326 1154; x_wconf 84' lang='lat'><strong>.</strong></span> <span class='ocrx_word' id='word_1_55' title='bbox 1353 1110 1520 1152; x_wconf 89' lang='lat' dir='ltr'>vero</span> <span class='ocrx_word' id='word_1_56' title='bbox 1539 1089 1819 1173; x_wconf 82' lang='lat' dir='ltr'>propius</span> <span class='ocrx_word' id='word_1_57' title='bbox 1839 1095 1945 1152; x_wconf 90' lang='lat' dir='ltr'>est</span> <span class='ocrx_word' id='word_1_58' title='bbox 1962 1109 2079 1152; x_wconf 87' lang='lat' dir='ltr'>cos</span> <span class='ocrx_word' id='word_1_59' title='bbox 2098 1088 2351 1153; x_wconf 86' lang='lat' dir='ltr'>dixisse</span> 
     </span>
     <span class='ocr_line' id='line_1_8' title="bbox 120 1187 2352 1273; baseline -0 -20"><span class='ocrx_word' id='word_1_60' title='bbox 120 1191 351 1253; x_wconf 82' lang='lat' dir='ltr'>coivere</span> <span class='ocrx_word' id='word_1_61' title='bbox 386 1237 405 1267; x_wconf 89' lang='lat'><strong><em>,</em></strong></span> <span class='ocrx_word' id='word_1_62' title='bbox 456 1208 600 1250; x_wconf 91' lang='lat' dir='ltr'>non</span> <span class='ocrx_word' id='word_1_63' title='bbox 629 1197 824 1252; x_wconf 81' lang='lat' dir='ltr'>eo‘iere</span> <span class='ocrx_word' id='word_1_64' title='bbox 853 1235 869 1252; x_wconf 87' lang='lat'><strong>.</strong></span> <span class='ocrx_word' id='word_1_65' title='bbox 913 1188 984 1251; x_wconf 92' lang='lat' dir='ltr'>in</span> <span class='ocrx_word' id='word_1_66' title='bbox 1013 1188 1359 1273; x_wconf 84' lang='lat' dir='ltr'>glossariis</span> <span class='ocrx_word' id='word_1_67' title='bbox 1388 1194 1615 1252; x_wconf 87' lang='lat' dir='ltr'>tamen</span> <span class='ocrx_word' id='word_1_68' title='bbox 1643 1187 1941 1264; x_wconf 76' lang='lat' dir='ltr'>Labbaei</span> <span class='ocrx_word' id='word_1_69' title='bbox 1969 1187 2169 1251; x_wconf 85' lang='lat' dir='ltr'>video</span> <span class='ocrx_word' id='word_1_70' title='bbox 2202 1209 2352 1252; x_wconf 91' lang='lat' dir='ltr'>esse</span> 
     </span>
     <span class='ocr_line' id='line_1_9' title="bbox 121 1286 1289 1365; baseline -0.001 -13"><span class='ocrx_word' id='word_1_71' title='bbox 121 1289 524 1352; x_wconf 78' lang='lat' dir='ltr'>conadunare</span> <span class='ocrx_word' id='word_1_72' title='bbox 545 1335 562 1365; x_wconf 86' lang='lat'><strong><em>,</em></strong></span> <span class='ocrx_word' id='word_1_73' title='bbox 594 1286 902 1351; x_wconf 78' lang='lat' dir='ltr'>conhabito</span> <span class='ocrx_word' id='word_1_74' title='bbox 927 1335 941 1362; x_wconf 84' lang='lat'>‚</span> <span class='ocrx_word' id='word_1_75' title='bbox 973 1287 1254 1351; x_wconf 79' lang='lat' dir='ltr'>conhibeo</span> <span class='ocrx_word' id='word_1_76' title='bbox 1276 1336 1289 1350; x_wconf 91' lang='lat'>.</span> 
     </span>
    </p>

    <p class='ocr_par' dir='ltr' id='par_1_3' title="bbox 123 1384 2354 1766">
     <span class='ocr_line' id='line_1_10' title="bbox 286 1384 2349 1469; baseline 0 -20"><span class='ocrx_word' id='word_1_77' title='bbox 286 1384 478 1449; x_wconf 88' lang='grc'><strong>1061.</strong></span> <span class='ocrx_word' id='word_1_78' title='bbox 523 1406 624 1447; x_wconf 81' lang='lat' dir='ltr'>EA</span> <span class='ocrx_word' id='word_1_79' title='bbox 665 1407 810 1460; x_wconf 72' lang='lat' dir='ltr'>Qus</span> <span class='ocrx_word' id='word_1_80' title='bbox 855 1406 1260 1449; x_wconf 61' lang='lat' dir='ltr'>commo-rx</span> <span class='ocrx_word' id='word_1_81' title='bbox 1302 1407 1669 1448; x_wconf 59' lang='lat' dir='ltr'>31:121:an</span> <span class='ocrx_word' id='word_1_82' title='bbox 1698 1384 2179 1469; x_wconf 74' lang='lat' dir='ltr'>MAGNARUM</span> <span class='ocrx_word' id='word_1_83' title='bbox 2216 1408 2349 1449; x_wconf 81' lang='lat' dir='ltr'>RE-</span> 
     </span>
     <span class='ocr_line' id='line_1_11' title="bbox 123 1481 2352 1572; baseline 0.001 -27"><span class='ocrx_word' id='word_1_84' title='bbox 123 1504 276 1546; x_wconf 73' lang='lat' dir='ltr'>num</span> <span class='ocrx_word' id='word_1_85' title='bbox 316 1505 677 1546; x_wconf 71' lang='grc' dir='ltr'><strong>ῈῙΕΒΕΝΤ</strong></span> <span class='ocrx_word' id='word_1_86' title='bbox 720 1506 819 1546; x_wconf 76' lang='lat' dir='ltr'>Ex</span> <span class='ocrx_word' id='word_1_87' title='bbox 861 1505 1168 1546; x_wconf 71' lang='lat' dir='ltr'>omnm:</span> <span class='ocrx_word' id='word_1_88' title='bbox 1215 1505 1529 1547; x_wconf 68' lang='lat' dir='ltr'>summm</span> <span class='ocrx_word' id='word_1_89' title='bbox 1563 1481 2279 1572; x_wconf 78' lang='lat' dir='ltr'>.·Quadratusflerent‚</span> <span class='ocrx_word' id='word_1_90' title='bbox 2312 1505 2352 1547; x_wconf 83' lang='lat' dir='ltr'>a</span> 
     </span>
     <span class='ocr_line' id='line_1_12' title="bbox 124 1579 2353 1670; baseline 0 -26"><span class='ocrx_word' id='word_1_91' title='bbox 124 1589 522 1645; x_wconf 89' lang='lat' dir='ltr'>correctore</span> <span class='ocrx_word' id='word_1_92' title='bbox 547 1581 818 1670; x_wconf 78' lang='lat' dir='ltr'>fluerent</span> <span class='ocrx_word' id='word_1_93' title='bbox 845 1629 859 1643; x_wconf 90' lang='lat'><strong>.</strong></span> <span class='ocrx_word' id='word_1_94' title='bbox 890 1581 958 1644; x_wconf 89' lang='lat' dir='ltr'>in</span> <span class='ocrx_word' id='word_1_95' title='bbox 996 1582 1168 1647; x_wconf 92' lang='lat' dir='ltr'>libro</span> <span class='ocrx_word' id='word_1_96' title='bbox 1201 1604 1261 1656; x_wconf 89' lang='lat' dir='ltr'>v,</span> <span class='ocrx_word' id='word_1_97' title='bbox 1278 1580 1402 1645; x_wconf 81' lang='lat'>429</span> <span class='ocrx_word' id='word_1_98' title='bbox 1447 1579 1682 1646; x_wconf 87' lang='lat' dir='ltr'>eadem</span> <span class='ocrx_word' id='word_1_99' title='bbox 1726 1582 1823 1645; x_wconf 90' lang='lat' dir='ltr'>sic</span> <span class='ocrx_word' id='word_1_100' title='bbox 1866 1582 2119 1666; x_wconf 88' lang='lat' dir='ltr'>scripta</span> <span class='ocrx_word' id='word_1_101' title='bbox 2162 1591 2320 1647; x_wconf 91' lang='lat' dir='ltr'>sunt</span> <span class='ocrx_word' id='word_1_102' title='bbox 2338 1633 2353 1659; x_wconf 90' lang='lat'>‚</span> 
     </span>
     <span class='ocr_line' id='line_1_13' title="bbox 134 1680 2354 1766; baseline 0.001 -23"><span class='ocrx_word' id='word_1_103' title='bbox 134 1681 407 1743; x_wconf 79' lang='lat' dir='ltr'>Tandem</span> <span class='ocrx_word' id='word_1_104' title='bbox 451 1681 809 1744; x_wconf 75' lang='lat' dir='ltr'>conveniant</span> <span class='ocrx_word' id='word_1_105' title='bbox 848 1704 924 1744; x_wconf 90' lang='lat' dir='ltr'>ea</span> <span class='ocrx_word' id='word_1_106' title='bbox 967 1703 1124 1766; x_wconf 80' lang='lat' dir='ltr'>quae</span> <span class='ocrx_word' id='word_1_107' title='bbox 1161 1691 1447 1744; x_wconf 78' lang='lat' dir='ltr'>conventa</span> <span class='ocrx_word' id='word_1_108' title='bbox 1473 1692 1712 1765; x_wconf 82' lang='lat' dir='ltr'>repente</span> <span class='ocrx_word' id='word_1_109' title='bbox 1741 1680 2120 1765; x_wconf 74' lang='lat' dir='ltr'>Maynarum</span> <span class='ocrx_word' id='word_1_110' title='bbox 2148 1705 2354 1745; x_wconf 82' lang='lat' dir='ltr'>rerum</span> 
     </span>
    </p>

    <p class='ocr_par' dir='ltr' id='par_1_4' title="bbox 58 1776 2355 3333">
     <span class='ocr_line' id='line_1_14' title="bbox 58 1776 2351 1867; baseline 0.002 -28"><span class='ocrx_word' id='word_1_111' title='bbox 58 1809 61 1814; x_wconf 93' lang='lat'><em>·</em></span> <span class='ocrx_word' id='word_1_112' title='bbox 112 1776 314 1863; x_wconf 82' lang='lat' dir='ltr'>fluunt</span> <span class='ocrx_word' id='word_1_113' title='bbox 340 1778 608 1842; x_wconf 77' lang='lat' dir='ltr'>exordia</span> <span class='ocrx_word' id='word_1_114' title='bbox 633 1800 812 1861; x_wconf 83' lang='lat' dir='ltr'>saepe</span> <span class='ocrx_word' id='word_1_115' title='bbox 842 1825 855 1839; x_wconf 90' lang='lat'><strong>.</strong></span> <span class='ocrx_word' id='word_1_116' title='bbox 887 1776 1067 1841; x_wconf 84' lang='lat' dir='ltr'>unde</span> <span class='ocrx_word' id='word_1_117' title='bbox 1096 1777 1425 1842; x_wconf 84' lang='lat' dir='ltr'>Marullus</span> <span class='ocrx_word' id='word_1_118' title='bbox 1454 1785 1640 1866; x_wconf 87' lang='lat' dir='ltr'>recte</span> <span class='ocrx_word' id='word_1_119' title='bbox 1668 1777 1831 1841; x_wconf 86' lang='lat' dir='ltr'>fecit</span> <span class='ocrx_word' id='word_1_120' title='bbox 1839 1778 2068 1867; x_wconf 77' lang='lat' dir='ltr'>fierent</span> <span class='ocrx_word' id='word_1_121' title='bbox 2094 1785 2351 1843; x_wconf 64' lang='lat' dir='ltr'>rixon-</span> 
     </span>
     <span class='ocr_line' id='line_1_15' title="bbox 129 1875 2350 1960; baseline 0.002 -24"><span class='ocrx_word' id='word_1_122' title='bbox 129 1897 262 1939; x_wconf 67' lang='lat' dir='ltr'>nu</span> <span class='ocrx_word' id='word_1_123' title='bbox 295 1922 310 1937; x_wconf 88' lang='lat'><strong>.</strong></span> <span class='ocrx_word' id='word_1_124' title='bbox 356 1882 726 1959; x_wconf 87' lang='lat' dir='ltr'>praeterea</span> <span class='ocrx_word' id='word_1_125' title='bbox 766 1875 1197 1940; x_wconf 91' lang='lat' dir='ltr'>scribendum</span> <span class='ocrx_word' id='word_1_126' title='bbox 1229 1882 1335 1940; x_wconf 89' lang='lat' dir='ltr'>est</span> <span class='ocrx_word' id='word_1_127' title='bbox 1374 1897 1409 1939; x_wconf 89' lang='lat' dir='ltr'>c</span> <span class='ocrx_word' id='word_1_128' title='bbox 1429 1898 1637 1939; x_wconf 65' lang='lat' dir='ltr'>oer:</span> <span class='ocrx_word' id='word_1_129' title='bbox 1658 1897 1803 1939; x_wconf 79' lang='lat' dir='ltr'>crA</span> <span class='ocrx_word' id='word_1_130' title='bbox 1842 1922 1858 1950; x_wconf 86' lang='lat'>‚</span> <span class='ocrx_word' id='word_1_131' title='bbox 1907 1876 2093 1960; x_wconf 90' lang='lat' dir='ltr'>quod</span> <span class='ocrx_word' id='word_1_132' title='bbox 2123 1900 2350 1943; x_wconf 89' lang='lat' dir='ltr'>serva-</span> 
     </span>
     <span class='ocr_line' id='line_1_16' title="bbox 127 1973 2351 2058; baseline 0.002 -23"><span class='ocrx_word' id='word_1_133' title='bbox 127 1979 278 2036; x_wconf 86' lang='lat' dir='ltr'>runt</span> <span class='ocrx_word' id='word_1_134' title='bbox 305 1974 743 2037; x_wconf 89' lang='lat' dir='ltr'>membranae</span> <span class='ocrx_word' id='word_1_135' title='bbox 772 1975 841 2037; x_wconf 89' lang='lat' dir='ltr'>in</span> <span class='ocrx_word' id='word_1_136' title='bbox 869 1995 1070 2037; x_wconf 88' lang='lat' dir='ltr'>versu</span> <span class='ocrx_word' id='word_1_137' title='bbox 1099 1973 1298 2037; x_wconf 89' lang='lat' dir='ltr'>huius</span> <span class='ocrx_word' id='word_1_138' title='bbox 1337 1973 1489 2036; x_wconf 88' lang='lat' dir='ltr'>libri</span> <span class='ocrx_word' id='word_1_139' title='bbox 1524 1974 1637 2037; x_wconf 90' lang='lat'>101</span> <span class='ocrx_word' id='word_1_140' title='bbox 1661 2022 1675 2048; x_wconf 90' lang='lat'>‚</span> <span class='ocrx_word' id='word_1_141' title='bbox 1717 1973 1980 2058; x_wconf 71' lang='lat' dir='ltr'>Exiyuis</span> <span class='ocrx_word' id='word_1_142' title='bbox 2019 1977 2351 2040; x_wconf 78' lang='lat' dir='ltr'>intervallis</span> 
     </span>
     <span class='ocr_line' id='line_1_17' title="bbox 132 2071 2352 2156; baseline 0.002 -23"><span class='ocrx_word' id='word_1_143' title='bbox 132 2083 400 2135; x_wconf 81' lang='lat' dir='ltr'>convecta</span> <span class='ocrx_word' id='word_1_144' title='bbox 428 2072 730 2136; x_wconf 80' lang='lat' dir='ltr'>resultant</span> <span class='ocrx_word' id='word_1_145' title='bbox 773 2119 786 2133; x_wconf 90' lang='lat'><strong>.</strong></span> <span class='ocrx_word' id='word_1_146' title='bbox 835 2082 1120 2136; x_wconf 76' lang='lat' dir='ltr'>conventa</span> <span class='ocrx_word' id='word_1_147' title='bbox 1149 2072 1321 2135; x_wconf 89' lang='lat' dir='ltr'>enim</span> <span class='ocrx_word' id='word_1_148' title='bbox 1358 2118 1374 2146; x_wconf 91' lang='lat'>‚</span> <span class='ocrx_word' id='word_1_149' title='bbox 1419 2071 1488 2133; x_wconf 90' lang='lat' dir='ltr'>in</span> <span class='ocrx_word' id='word_1_150' title='bbox 1518 2071 1690 2136; x_wconf 90' lang='lat' dir='ltr'>libro</span> <span class='ocrx_word' id='word_1_151' title='bbox 1724 2071 1957 2153; x_wconf 91' lang='lat' dir='ltr'>quinto</span> <span class='ocrx_word' id='word_1_152' title='bbox 1989 2074 2352 2156; x_wconf 89' lang='lat' dir='ltr'>probatum</span> 
     </span>
     <span class='ocr_line' id='line_1_18' title="bbox 130 2165 2351 2256; baseline 0.002 -26"><span class='ocrx_word' id='word_1_153' title='bbox 130 2165 557 2233; x_wconf 80' lang='lat' dir='ltr'>Wakefieldo</span> <span class='ocrx_word' id='word_1_154' title='bbox 585 2216 603 2244; x_wconf 90' lang='lat'>‚</span> <span class='ocrx_word' id='word_1_155' title='bbox 632 2168 795 2232; x_wconf 88' lang='lat' dir='ltr'>nulli</span> <span class='ocrx_word' id='word_1_156' title='bbox 822 2170 1090 2253; x_wconf 71' lang='lat' dir='ltr'>placere</span> <span class='ocrx_word' id='word_1_157' title='bbox 1118 2170 1344 2254; x_wconf 91' lang='lat' dir='ltr'>potuit</span> <span class='ocrx_word' id='word_1_158' title='bbox 1370 2169 1500 2232; x_wconf 88' lang='lat' dir='ltr'>nisi</span> <span class='ocrx_word' id='word_1_159' title='bbox 1520 2168 1918 2232; x_wconf 86' lang='lat' dir='ltr'>Eichstadio</span> <span class='ocrx_word' id='word_1_160' title='bbox 1948 2169 2351 2256; x_wconf 86' lang='lat' dir='ltr'>Forbigero-</span> 
     </span>
     <span class='ocr_line' id='line_1_19' title="bbox 135 2257 2350 2352; baseline 0.003 -25"><span class='ocrx_word' id='word_1_161' title='bbox 135 2285 255 2348; x_wconf 90' lang='lat' dir='ltr'>que</span> <span class='ocrx_word' id='word_1_162' title='bbox 286 2275 352 2330; x_wconf 87' lang='lat' dir='ltr'>et</span> <span class='ocrx_word' id='word_1_163' title='bbox 381 2266 683 2331; x_wconf 86' lang='lat' dir='ltr'>fortasse</span> <span class='ocrx_word' id='word_1_164' title='bbox 711 2267 792 2330; x_wconf 87' lang='lat' dir='ltr'>iis</span> <span class='ocrx_word' id='word_1_165' title='bbox 820 2257 966 2331; x_wconf 81' lang='lat' dir='ltr'>iure</span> <span class='ocrx_word' id='word_1_166' title='bbox 998 2267 1321 2331; x_wconf 90' lang='lat' dir='ltr'>consultis</span> <span class='ocrx_word' id='word_1_167' title='bbox 1354 2267 1466 2352; x_wconf 90' lang='lat' dir='ltr'>qui</span> <span class='ocrx_word' id='word_1_168' title='bbox 1506 2273 1772 2352; x_wconf 85' lang='lat' dir='ltr'>patrum</span> <span class='ocrx_word' id='word_1_169' title='bbox 1800 2274 2186 2331; x_wconf 88' lang='lat' dir='ltr'>nostrorum</span> <span class='ocrx_word' id='word_1_170' title='bbox 2213 2291 2350 2333; x_wconf 87' lang='lat' dir='ltr'>me-</span> 
     </span>
     <span class='ocr_line' id='line_1_20' title="bbox 133 2364 2351 2451; baseline 0.004 -28"><span class='ocrx_word' id='word_1_171' title='bbox 133 2364 333 2427; x_wconf 88' lang='lat' dir='ltr'>moria</span> <span class='ocrx_word' id='word_1_172' title='bbox 363 2365 691 2429; x_wconf 73' lang='lat' dir='ltr'>dicebant</span> <span class='ocrx_word' id='word_1_173' title='bbox 717 2388 970 2428; x_wconf 76' lang='lat' dir='ltr'>uxorem</span> <span class='ocrx_word' id='word_1_174' title='bbox 997 2367 1063 2429; x_wconf 79' lang='lat' dir='ltr'>in</span> <span class='ocrx_word' id='word_1_175' title='bbox 1088 2388 1340 2428; x_wconf 70' lang='lat' dir='ltr'>‘manum</span> <span class='ocrx_word' id='word_1_176' title='bbox 1370 2375 1757 2446; x_wconf 74' lang='lat' dir='ltr'>conventam5</span> <span class='ocrx_word' id='word_1_177' title='bbox 1780 2387 2181 2451; x_wconf 84' lang='lat' dir='ltr'>quamquam</span> <span class='ocrx_word' id='word_1_178' title='bbox 2212 2391 2351 2431; x_wconf 79' lang='lat' dir='ltr'>eon-</span> 
     </span>
     <span class='ocr_line' id='line_1_21' title="bbox 135 2462 2353 2548; baseline 0.004 -25"><span class='ocrx_word' id='word_1_179' title='bbox 135 2472 295 2525; x_wconf 82' lang='lat' dir='ltr'>venta</span> <span class='ocrx_word' id='word_1_180' title='bbox 332 2484 475 2548; x_wconf 86' lang='lat' dir='ltr'>pax</span> <span class='ocrx_word' id='word_1_181' title='bbox 526 2462 772 2527; x_wconf 91' lang='lat' dir='ltr'>dicitur</span> <span class='ocrx_word' id='word_1_182' title='bbox 801 2482 973 2547; x_wconf 89' lang='lat' dir='ltr'>quae</span> <span class='ocrx_word' id='word_1_183' title='bbox 1018 2463 1333 2527; x_wconf 87' lang='lat' dir='ltr'>convenit</span> <span class='ocrx_word' id='word_1_184' title='bbox 1360 2512 1376 2539; x_wconf 90' lang='lat'>,</span> <span class='ocrx_word' id='word_1_185' title='bbox 1424 2469 1492 2526; x_wconf 89' lang='lat' dir='ltr'>et</span> <span class='ocrx_word' id='word_1_186' title='bbox 1533 2469 1803 2547; x_wconf 85' lang='lat' dir='ltr'>pactum</span> <span class='ocrx_word' id='word_1_187' title='bbox 1847 2476 2193 2529; x_wconf 77' lang='lat' dir='ltr'>conventum</span> <span class='ocrx_word' id='word_1_188' title='bbox 2220 2515 2238 2546; x_wconf 90' lang='lat'><strong><em>,</em></strong></span> <span class='ocrx_word' id='word_1_189' title='bbox 2284 2477 2353 2532; x_wconf 86' lang='lat' dir='ltr'>et</span> 
     </span>
     <span class='ocr_line' id='line_1_22' title="bbox 137 2559 2351 2646; baseline 0.004 -26"><span class='ocrx_word' id='word_1_190' title='bbox 137 2559 234 2622; x_wconf 91' lang='lat' dir='ltr'>sol</span> <span class='ocrx_word' id='word_1_191' title='bbox 260 2584 518 2625; x_wconf 75' lang='lat' dir='ltr'>occasus</span> <span class='ocrx_word' id='word_1_192' title='bbox 541 2610 558 2640; x_wconf 85' lang='lat'><strong><em>,</em></strong></span> <span class='ocrx_word' id='word_1_193' title='bbox 591 2561 715 2624; x_wconf 85' lang='lat' dir='ltr'>sed</span> <span class='ocrx_word' id='word_1_194' title='bbox 743 2560 946 2624; x_wconf 92' lang='lat' dir='ltr'>homo</span> <span class='ocrx_word' id='word_1_195' title='bbox 977 2563 1208 2626; x_wconf 80' lang='lat' dir='ltr'>occisus</span> <span class='ocrx_word' id='word_1_196' title='bbox 1230 2610 1244 2636; x_wconf 88' lang='lat'>,</span> <span class='ocrx_word' id='word_1_197' title='bbox 1286 2572 1603 2626; x_wconf 77' lang='lat' dir='ltr'>conventus</span> <span class='ocrx_word' id='word_1_198' title='bbox 1629 2561 1967 2646; x_wconf 87' lang='lat' dir='ltr'>propheta</span> <span class='ocrx_word' id='word_1_199' title='bbox 1993 2564 2351 2629; x_wconf 89' lang='lat' dir='ltr'>Ambrosio</span> 
     </span>
     <span class='ocr_line' id='line_1_23' title="bbox 138 2657 2353 2738; baseline 0.004 -20"><span class='ocrx_word' id='word_1_200' title='bbox 138 2657 242 2738; x_wconf 93' lang='lat' dir='ltr'>(ut</span> <span class='ocrx_word' id='word_1_201' title='bbox 271 2658 769 2722; x_wconf 85' lang='lat' dir='ltr'>demonstravit</span> <span class='ocrx_word' id='word_1_202' title='bbox 792 2658 839 2722; x_wconf 92' lang='lat' dir='ltr'>I.</span> <span class='ocrx_word' id='word_1_203' title='bbox 859 2658 936 2723; x_wconf 59' lang='grc' dir='ltr'>Ἐς</span> <span class='ocrx_word' id='word_1_204' title='bbox 953 2658 1336 2724; x_wconf 85' lang='lat' dir='ltr'>Gronovius</span> <span class='ocrx_word' id='word_1_205' title='bbox 1363 2660 1875 2723; x_wconf 87' lang='lat' dir='ltr'>observatorum</span> <span class='ocrx_word' id='word_1_206' title='bbox 1902 2661 1971 2724; x_wconf 91' lang='lat' dir='ltr'>in</span> <span class='ocrx_word' id='word_1_207' title='bbox 1993 2662 2353 2728; x_wconf 86' lang='lat' dir='ltr'>ecclesias-</span> 
     </span>
     <span class='ocr_line' id='line_1_24' title="bbox 136 2753 2351 2842; baseline 0.006 -28"><span class='ocrx_word' id='word_1_208' title='bbox 136 2753 276 2818; x_wconf 85' lang='lat' dir='ltr'>ticis</span> <span class='ocrx_word' id='word_1_209' title='bbox 301 2757 477 2822; x_wconf 91' lang='lat' dir='ltr'>libro</span> <span class='ocrx_word' id='word_1_210' title='bbox 514 2779 578 2840; x_wconf 91' lang='lat' dir='ltr'>p.</span> <span class='ocrx_word' id='word_1_211' title='bbox 598 2756 762 2840; x_wconf 77' lang='lat'>228)</span> <span class='ocrx_word' id='word_1_212' title='bbox 809 2763 1175 2842; x_wconf 86' lang='lat' dir='ltr'>temptatus</span> <span class='ocrx_word' id='word_1_213' title='bbox 1208 2762 1277 2820; x_wconf 86' lang='lat' dir='ltr'>et</span> <span class='ocrx_word' id='word_1_214' title='bbox 1307 2764 1681 2821; x_wconf 90' lang='lat' dir='ltr'>commotus</span> <span class='ocrx_word' id='word_1_215' title='bbox 1710 2768 1911 2822; x_wconf 80' lang='lat' dir='ltr'>tautae</span> <span class='ocrx_word' id='word_1_216' title='bbox 1936 2762 2220 2825; x_wconf 77' lang='lat' dir='ltr'>miseriae</span> <span class='ocrx_word' id='word_1_217' title='bbox 2250 2765 2351 2827; x_wconf 85' lang='lat' dir='ltr'>de-</span> 
     </span>
     <span class='ocr_line' id='line_1_25' title="bbox 124 2851 2353 2941; baseline 0.005 -27"><span class='ocrx_word' id='word_1_218' title='bbox 124 2851 428 2935; x_wconf 77' lang='lat' dir='ltr'>formitate</span> <span class='ocrx_word' id='word_1_219' title='bbox 475 2906 490 2921; x_wconf 89' lang='lat'><strong>.</strong></span> <span class='ocrx_word' id='word_1_220' title='bbox 545 2857 811 2919; x_wconf 80' lang='lat' dir='ltr'>coniecta</span> <span class='ocrx_word' id='word_1_221' title='bbox 853 2865 1074 2921; x_wconf 85' lang='lat' dir='ltr'>autem</span> <span class='ocrx_word' id='word_1_222' title='bbox 1105 2904 1121 2932; x_wconf 85' lang='lat'>‚</span> <span class='ocrx_word' id='word_1_223' title='bbox 1170 2855 1357 2941; x_wconf 89' lang='lat' dir='ltr'>quod</span> <span class='ocrx_word' id='word_1_224' title='bbox 1398 2855 1597 2939; x_wconf 89' lang='lat' dir='ltr'>iidem</span> <span class='ocrx_word' id='word_1_225' title='bbox 1628 2856 1739 2921; x_wconf 90' lang='lat' dir='ltr'>hic</span> <span class='ocrx_word' id='word_1_226' title='bbox 1769 2858 1912 2921; x_wconf 91' lang='lat' dir='ltr'>sine</span> <span class='ocrx_word' id='word_1_227' title='bbox 1941 2867 2105 2922; x_wconf 87' lang='lat' dir='ltr'>nota</span> <span class='ocrx_word' id='word_1_228' title='bbox 2134 2868 2353 2926; x_wconf 86' lang='lat' dir='ltr'>trans-</span> 
     </span>
     <span class='ocr_line' id='line_1_26' title="bbox 138 2949 2355 3039; baseline 0.007 -31"><span class='ocrx_word' id='word_1_229' title='bbox 138 2949 395 3016; x_wconf 89' lang='lat' dir='ltr'>mittunt</span> <span class='ocrx_word' id='word_1_230' title='bbox 437 3002 452 3028; x_wconf 90' lang='lat'>,</span> <span class='ocrx_word' id='word_1_231' title='bbox 507 2953 702 3037; x_wconf 87' lang='lat' dir='ltr'>quasi</span> <span class='ocrx_word' id='word_1_232' title='bbox 729 2953 1086 3018; x_wconf 88' lang='lat' dir='ltr'>Lucretius</span> <span class='ocrx_word' id='word_1_233' title='bbox 1126 2953 1240 3017; x_wconf 89' lang='lat' dir='ltr'>hic</span> <span class='ocrx_word' id='word_1_234' title='bbox 1281 2954 1477 3018; x_wconf 88' lang='lat' dir='ltr'>aliter</span> <span class='ocrx_word' id='word_1_235' title='bbox 1521 2975 1720 3038; x_wconf 81' lang='lat' dir='ltr'>quam</span> <span class='ocrx_word' id='word_1_236' title='bbox 1763 2955 1832 3018; x_wconf 90' lang='lat' dir='ltr'>in</span> <span class='ocrx_word' id='word_1_237' title='bbox 1861 2957 2098 3039; x_wconf 89' lang='lat' dir='ltr'>quinto</span> <span class='ocrx_word' id='word_1_238' title='bbox 2129 2958 2355 3024; x_wconf 87' lang='lat' dir='ltr'>dicere</span> 
     </span>
     <span class='ocr_line' id='line_1_27' title="bbox 139 3051 2353 3141; baseline 0.006 -33"><span class='ocrx_word' id='word_1_239' title='bbox 139 3051 424 3128; x_wconf 87' lang='lat' dir='ltr'>potuerit</span> <span class='ocrx_word' id='word_1_240' title='bbox 470 3099 486 3126; x_wconf 90' lang='lat'>,</span> <span class='ocrx_word' id='word_1_241' title='bbox 539 3052 937 3115; x_wconf 88' lang='lat' dir='ltr'>sententiam</span> <span class='ocrx_word' id='word_1_242' title='bbox 979 3074 1116 3115; x_wconf 91' lang='lat' dir='ltr'>non</span> <span class='ocrx_word' id='word_1_243' title='bbox 1164 3053 1392 3136; x_wconf 86' lang='lat' dir='ltr'>explet</span> <span class='ocrx_word' id='word_1_244' title='bbox 1433 3053 1559 3115; x_wconf 87' lang='lat' dir='ltr'>nisi</span> <span class='ocrx_word' id='word_1_245' title='bbox 1598 3052 1836 3117; x_wconf 88' lang='lat' dir='ltr'>addita</span> <span class='ocrx_word' id='word_1_246' title='bbox 1862 3054 1994 3119; x_wconf 93' lang='lat' dir='ltr'>loci</span> <span class='ocrx_word' id='word_1_247' title='bbox 2025 3056 2353 3141; x_wconf 86' lang='lat' dir='ltr'>significa-</span> 
     </span>
     <span class='ocr_line' id='line_1_28' title="bbox 139 3143 2353 3239; baseline 0.006 -35"><span class='ocrx_word' id='word_1_248' title='bbox 139 3143 310 3209; x_wconf 88' lang='lat' dir='ltr'>tione</span> <span class='ocrx_word' id='word_1_249' title='bbox 340 3195 355 3222; x_wconf 92' lang='lat'>,</span> <span class='ocrx_word' id='word_1_250' title='bbox 399 3156 478 3212; x_wconf 92' lang='lat' dir='ltr'>ut</span> <span class='ocrx_word' id='word_1_251' title='bbox 528 3149 730 3232; x_wconf 87' lang='lat' dir='ltr'>paulo</span> <span class='ocrx_word' id='word_1_252' title='bbox 760 3157 921 3233; x_wconf 89' lang='lat' dir='ltr'>post</span> <span class='ocrx_word' id='word_1_253' title='bbox 958 3151 1241 3215; x_wconf 80' lang='lat' dir='ltr'>Conicere</span> <span class='ocrx_word' id='word_1_254' title='bbox 1267 3153 1333 3214; x_wconf 82' lang='lat' dir='ltr'>in</span> <span class='ocrx_word' id='word_1_255' title='bbox 1363 3152 1499 3215; x_wconf 83' lang='lat' dir='ltr'>loca</span> <span class='ocrx_word' id='word_1_256' title='bbox 1526 3174 1799 3238; x_wconf 81' lang='lat' dir='ltr'>quaeque</span> <span class='ocrx_word' id='word_1_257' title='bbox 1827 3165 2010 3239; x_wconf 80' lang='lat' dir='ltr'>queat</span> <span class='ocrx_word' id='word_1_258' title='bbox 2032 3155 2221 3218; x_wconf 86' lang='lat' dir='ltr'>simili</span> <span class='ocrx_word' id='word_1_259' title='bbox 2248 3179 2353 3218; x_wconf 86' lang='lat' dir='ltr'>ra-</span> 
     </span>
     <span class='ocr_line' id='line_1_29' title="bbox 141 3241 1154 3333; baseline 0.009 -32"><span class='ocrx_word' id='word_1_260' title='bbox 141 3241 286 3306; x_wconf 79' lang='lat' dir='ltr'>tione</span> <span class='ocrx_word' id='word_1_261' title='bbox 309 3247 520 3333; x_wconf 81' lang='lat' dir='ltr'>Atque</span> <span class='ocrx_word' id='word_1_262' title='bbox 547 3247 666 3310; x_wconf 77' lang='lat' dir='ltr'>hue</span> <span class='ocrx_word' id='word_1_263' title='bbox 692 3259 830 3311; x_wconf 82' lang='lat' dir='ltr'>sunt</span> <span class='ocrx_word' id='word_1_264' title='bbox 857 3249 1122 3312; x_wconf 78' lang='lat' dir='ltr'>coniecta</span> <span class='ocrx_word' id='word_1_265' title='bbox 1140 3295 1154 3310; x_wconf 90' lang='lat'><strong>.</strong></span> 
     </span>
    </p>

    <p class='ocr_par' dir='ltr' id='par_1_5' title="bbox 298 3343 2358 3426">
     <span class='ocr_line' id='line_1_30' title="bbox 298 3343 2358 3426; baseline 0.004 -21"><span class='ocrx_word' id='word_1_266' title='bbox 298 3343 478 3409; x_wconf 87' lang='lat'>1070.</span> <span class='ocrx_word' id='word_1_267' title='bbox 527 3344 757 3409; x_wconf 70' lang='lat' dir='ltr'>Nunc</span> <span class='ocrx_word' id='word_1_268' title='bbox 817 3369 911 3408; x_wconf 78' lang='grc' dir='ltr'>ΕΤ</span> <span class='ocrx_word' id='word_1_269' title='bbox 969 3368 1407 3411; x_wconf 73' lang='lat' dir='ltr'>sssmmxsus</span> <span class='ocrx_word' id='word_1_270' title='bbox 1473 3370 1545 3411; x_wconf 89' lang='lat' dir='ltr'>s1</span> <span class='ocrx_word' id='word_1_271' title='bbox 1593 3369 1852 3411; x_wconf 75' lang='lat' dir='ltr'><strong>TANTA</strong></span> <span class='ocrx_word' id='word_1_272' title='bbox 1894 3373 2034 3414; x_wconf 76' lang='lat' dir='ltr'>Esr</span> <span class='ocrx_word' id='word_1_273' title='bbox 2080 3372 2317 3414; x_wconf 80' lang='lat' dir='ltr'>OOPlA</span> <span class='ocrx_word' id='word_1_274' title='bbox 2343 3401 2358 3426; x_wconf 80' lang='lat'>,</span> 
     </span>
    </p>

    <p class='ocr_par' dir='ltr' id='par_1_6' title="bbox 80 3435 2359 4091">
     <span class='ocr_line' id='line_1_31' title="bbox 80 3435 2358 3534; baseline 0.006 -37"><span class='ocrx_word' id='word_1_275' title='bbox 80 3466 85 3471; x_wconf 71' lang='lat'>,</span> <span class='ocrx_word' id='word_1_276' title='bbox 146 3435 311 3502; x_wconf 83' lang='lat'><strong>1072.</strong></span> <span class='ocrx_word' id='word_1_277' title='bbox 344 3441 496 3508; x_wconf 89' lang='lat' dir='ltr'>V1s</span> <span class='ocrx_word' id='word_1_278' title='bbox 528 3464 799 3506; x_wconf 79' lang='lat' dir='ltr'>EADEM</span> <span class='ocrx_word' id='word_1_279' title='bbox 828 3466 1147 3507; x_wconf 72' lang='lat' dir='ltr'><strong>NATURA</strong></span> <span class='ocrx_word' id='word_1_280' title='bbox 1177 3466 1445 3508; x_wconf 75' lang='lat' dir='ltr'><strong>MANET</strong></span> <span class='ocrx_word' id='word_1_281' title='bbox 1481 3492 1496 3508; x_wconf 92' lang='lat'><strong>.</strong></span> <span class='ocrx_word' id='word_1_282' title='bbox 1535 3445 1859 3510; x_wconf 88' lang='lat' dir='ltr'>Marullus</span> <span class='ocrx_word' id='word_1_283' title='bbox 1905 3449 2121 3534; x_wconf 84' lang='lat' dir='ltr'>Visque</span> <span class='ocrx_word' id='word_1_284' title='bbox 2149 3450 2358 3512; x_wconf 86' lang='lat' dir='ltr'>eadem</span> 
     </span>
     <span class='ocr_line' id='line_1_32' title="bbox 146 3540 2356 3628; baseline 0.004 -27"><span class='ocrx_word' id='word_1_285' title='bbox 146 3545 194 3595; x_wconf 79' lang='lat' dir='ltr'>et</span> <span class='ocrx_word' id='word_1_286' title='bbox 227 3550 449 3604; x_wconf 78' lang='lat' dir='ltr'>natura</span> <span class='ocrx_word' id='word_1_287' title='bbox 482 3589 500 3615; x_wconf 89' lang='lat'>‚</span> <span class='ocrx_word' id='word_1_288' title='bbox 542 3540 1006 3605; x_wconf 83' lang='lat' dir='ltr'>Wakefieldus</span> <span class='ocrx_word' id='word_1_289' title='bbox 1064 3543 1251 3628; x_wconf 74' lang='lat' dir='ltr'>une</span> <span class='ocrx_word' id='word_1_290' title='bbox 1292 3544 1504 3607; x_wconf 87' lang='lat' dir='ltr'>eadem</span> <span class='ocrx_word' id='word_1_291' title='bbox 1548 3554 1777 3608; x_wconf 78' lang='lat' dir='ltr'>natura</span> <span class='ocrx_word' id='word_1_292' title='bbox 1818 3556 2024 3608; x_wconf 82' lang='lat' dir='ltr'>manet</span> <span class='ocrx_word' id='word_1_293' title='bbox 2060 3594 2074 3608; x_wconf 91' lang='lat'><strong>.</strong></span> <span class='ocrx_word' id='word_1_294' title='bbox 2120 3545 2244 3608; x_wconf 90' lang='lat' dir='ltr'>sed</span> <span class='ocrx_word' id='word_1_295' title='bbox 2287 3548 2356 3609; x_wconf 95' lang='lat' dir='ltr'>in</span> 
     </span>
     <span class='ocr_line' id='line_1_33' title="bbox 147 3632 2356 3727; baseline 0.006 -33"><span class='ocrx_word' id='word_1_296' title='bbox 147 3632 358 3714; x_wconf 87' lang='lat' dir='ltr'>priore</span> <span class='ocrx_word' id='word_1_297' title='bbox 385 3639 688 3708; x_wconf 87' lang='lat' dir='ltr'>membro</span> <span class='ocrx_word' id='word_1_298' title='bbox 722 3660 871 3702; x_wconf 89' lang='lat' dir='ltr'>cum</span> <span class='ocrx_word' id='word_1_299' title='bbox 900 3639 1027 3702; x_wconf 88' lang='lat' dir='ltr'>fuit</span> <span class='ocrx_word' id='word_1_300' title='bbox 1055 3650 1113 3702; x_wconf 82' lang='lat' dir='ltr'>et</span> <span class='ocrx_word' id='word_1_301' title='bbox 1139 3640 1523 3704; x_wconf 90' lang='lat' dir='ltr'>coniunctio</span> <span class='ocrx_word' id='word_1_302' title='bbox 1556 3687 1573 3715; x_wconf 91' lang='lat'>‚</span> <span class='ocrx_word' id='word_1_303' title='bbox 1609 3641 1681 3703; x_wconf 90' lang='lat' dir='ltr'>in</span> <span class='ocrx_word' id='word_1_304' title='bbox 1712 3640 1925 3704; x_wconf 87' lang='lat' dir='ltr'>altero</span> <span class='ocrx_word' id='word_1_305' title='bbox 1957 3664 2073 3727; x_wconf 81' lang='lat' dir='ltr'>que</span> <span class='ocrx_word' id='word_1_306' title='bbox 2101 3663 2356 3725; x_wconf 90' lang='lat' dir='ltr'>ponere</span> 
     </span>
     <span class='ocr_line' id='line_1_34' title="bbox 148 3735 2359 3819; baseline 0.006 -27"><span class='ocrx_word' id='word_1_307' title='bbox 148 3735 273 3790; x_wconf 71' lang='lat' dir='ltr'>tam</span> <span class='ocrx_word' id='word_1_308' title='bbox 304 3742 533 3798; x_wconf 87' lang='lat' dir='ltr'>castae</span> <span class='ocrx_word' id='word_1_309' title='bbox 566 3736 889 3799; x_wconf 86' lang='lat' dir='ltr'>orationis</span> <span class='ocrx_word' id='word_1_310' title='bbox 919 3742 1165 3819; x_wconf 64' lang='lat' dir='ltr'>poetae</span> <span class='ocrx_word' id='word_1_311' title='bbox 1192 3758 1333 3800; x_wconf 91' lang='lat' dir='ltr'>non</span> <span class='ocrx_word' id='word_1_312' title='bbox 1360 3737 1519 3801; x_wconf 89' lang='lat' dir='ltr'>licet</span> <span class='ocrx_word' id='word_1_313' title='bbox 1542 3785 1555 3799; x_wconf 91' lang='lat'><strong>.</strong></span> <span class='ocrx_word' id='word_1_314' title='bbox 1588 3738 2016 3801; x_wconf 88' lang='lat' dir='ltr'>scribendum</span> <span class='ocrx_word' id='word_1_315' title='bbox 2040 3746 2145 3802; x_wconf 88' lang='lat' dir='ltr'>est</span> <span class='ocrx_word' id='word_1_316' title='bbox 2167 3741 2359 3805; x_wconf 76' lang='lat' dir='ltr'>Nunc</span> 
     </span>
     <span class='ocr_line' id='line_1_35' title="bbox 149 3834 2357 3920; baseline 0.005 -29"><span class='ocrx_word' id='word_1_317' title='bbox 149 3844 237 3887; x_wconf 79' lang='lat' dir='ltr'>Ex</span> <span class='ocrx_word' id='word_1_318' title='bbox 273 3834 594 3896; x_wconf 75' lang='lat' dir='ltr'>seminibus</span> <span class='ocrx_word' id='word_1_319' title='bbox 613 3881 631 3911; x_wconf 86' lang='grc'>,</span> <span class='ocrx_word' id='word_1_320' title='bbox 660 3835 716 3897; x_wconf 90' lang='lat' dir='ltr'>si</span> <span class='ocrx_word' id='word_1_321' title='bbox 754 3845 922 3897; x_wconf 74' lang='lat' dir='ltr'>tanta</span> <span class='ocrx_word' id='word_1_322' title='bbox 957 3845 1041 3898; x_wconf 87' lang='lat' dir='ltr'>est</span> <span class='ocrx_word' id='word_1_323' title='bbox 1068 3837 1245 3920; x_wconf 79' lang='lat' dir='ltr'>eopia</span> <span class='ocrx_word' id='word_1_324' title='bbox 1456 3885 1471 3911; x_wconf 82' lang='lat'>‚</span> <span class='ocrx_word' id='word_1_325' title='bbox 1497 3835 1555 3915; x_wconf 80' lang='lat' dir='ltr'><strong>Q</strong></span> <span class='ocrx_word' id='word_1_326' title='bbox 1575 3859 1652 3899; x_wconf 84' lang='lat' dir='ltr'>Ul</span> <span class='ocrx_word' id='word_1_327' title='bbox 1667 3859 1699 3900; x_wconf 91' lang='lat' dir='ltr'>s</span> <span class='ocrx_word' id='word_1_328' title='bbox 1730 3838 1943 3900; x_wconf 86' lang='lat' dir='ltr'>eadem</span> <span class='ocrx_word' id='word_1_329' title='bbox 1969 3849 2198 3901; x_wconf 74' lang='lat' dir='ltr'>natm-a</span> <span class='ocrx_word' id='word_1_330' title='bbox 2227 3862 2357 3905; x_wconf 88' lang='lat' dir='ltr'>ma-</span> 
     </span>
     <span class='ocr_line' id='line_1_36' title="bbox 151 3933 2359 4022; baseline 0.005 -30"><span class='ocrx_word' id='word_1_331' title='bbox 151 3934 239 3984; x_wconf 70' lang='lat' dir='ltr'>net</span> <span class='ocrx_word' id='word_1_332' title='bbox 440 3978 459 4009; x_wconf 84' lang='grc'>,</span> <span class='ocrx_word' id='word_1_333' title='bbox 502 3953 736 3994; x_wconf 79' lang='lat' dir='ltr'>necesse</span> <span class='ocrx_word' id='word_1_334' title='bbox 774 3942 857 3995; x_wconf 88' lang='lat' dir='ltr'>est</span> <span class='ocrx_word' id='word_1_335' title='bbox 897 3933 1214 4022; x_wconf 69' lang='lat' dir='ltr'>cmfiteare</span> <span class='ocrx_word' id='word_1_336' title='bbox 1244 3933 1397 3997; x_wconf 87' lang='lat' dir='ltr'>Esse</span> <span class='ocrx_word' id='word_1_337' title='bbox 1433 3935 1587 3998; x_wconf 88' lang='lat' dir='ltr'>alios</span> <span class='ocrx_word' id='word_1_338' title='bbox 1615 3936 1755 3999; x_wconf 84' lang='lat' dir='ltr'>aliis</span> <span class='ocrx_word' id='word_1_339' title='bbox 1784 3947 2089 4000; x_wconf 84' lang='lat' dir='ltr'>terrarum</span> <span class='ocrx_word' id='word_1_340' title='bbox 2117 3938 2184 4000; x_wconf 78' lang='lat' dir='ltr'>in</span> <span class='ocrx_word' id='word_1_341' title='bbox 2201 3961 2359 4022; x_wconf 79' lang='lat' dir='ltr'>par-</span> 
     </span>
     <span class='ocr_line' id='line_1_37' title="bbox 152 4017 510 4091; baseline 0.022 -8"><span class='ocrx_word' id='word_1_342' title='bbox 152 4017 291 4083; x_wconf 77' lang='lat' dir='ltr'>tibus</span> <span class='ocrx_word' id='word_1_343' title='bbox 318 4027 478 4090; x_wconf 84' lang='lat' dir='ltr'>orbis</span> <span class='ocrx_word' id='word_1_344' title='bbox 497 4077 510 4091; x_wconf 91' lang='lat'>.</span> 
     </span>
    </p>

    <p class='ocr_par' dir='ltr' id='par_1_7' title="bbox 306 4121 2361 4206">
     <span class='ocr_line' id='line_1_38' title="bbox 306 4121 2361 4206; baseline 0.006 -24"><span class='ocrx_word' id='word_1_345' title='bbox 306 4121 482 4187; x_wconf 84' lang='lat'>1073.</span> <span class='ocrx_word' id='word_1_346' title='bbox 526 4122 943 4190; x_wconf 72' lang='lat' dir='ltr'>ConlcERE</span> <span class='ocrx_word' id='word_1_347' title='bbox 990 4150 1069 4190; x_wconf 76' lang='grc' dir='ltr'>1Ν</span> <span class='ocrx_word' id='word_1_348' title='bbox 1113 4150 1325 4192; x_wconf 81' lang='lat' dir='ltr'>LOCA</span> <span class='ocrx_word' id='word_1_349' title='bbox 1371 4150 1753 4206; x_wconf 74' lang='lat' dir='ltr'><strong>QUAEQUE</strong></span> <span class='ocrx_word' id='word_1_350' title='bbox 1797 4153 2171 4196; x_wconf 81' lang='lat' dir='ltr'><strong>ATSIMILI</strong></span> <span class='ocrx_word' id='word_1_351' title='bbox 2218 4155 2361 4194; x_wconf 81' lang='lat' dir='ltr'>RA-</span> 
     </span>
    </p>
   </div>
   <div class='ocr_carea' id='block_1_3' title="bbox 155 4220 2363 4384">
    <p class='ocr_par' dir='ltr' id='par_1_8' title="bbox 155 4220 2363 4384">
     <span class='ocr_line' id='line_1_39' title="bbox 155 4220 2363 4315; baseline 0.009 -44"><span class='ocrx_word' id='word_1_352' title='bbox 155 4230 380 4281; x_wconf 77' lang='lat' dir='ltr'>TIONE</span> <span class='ocrx_word' id='word_1_353' title='bbox 401 4269 414 4282; x_wconf 90' lang='lat'>.</span> <span class='ocrx_word' id='word_1_354' title='bbox 440 4220 832 4301; x_wconf 82' lang='lat' dir='ltr'>Quadratus</span> <span class='ocrx_word' id='word_1_355' title='bbox 856 4226 1156 4290; x_wconf 84' lang='lat' dir='ltr'>adsimili.</span> <span class='ocrx_word' id='word_1_356' title='bbox 1174 4226 1330 4290; x_wconf 87' lang='lat' dir='ltr'>Itali</span> <span class='ocrx_word' id='word_1_357' title='bbox 1364 4233 1431 4288; x_wconf 87' lang='lat' dir='ltr'>ct</span> <span class='ocrx_word' id='word_1_358' title='bbox 1459 4227 1770 4311; x_wconf 86' lang='lat' dir='ltr'>impressi</span> <span class='ocrx_word' id='word_1_359' title='bbox 1800 4253 2075 4315; x_wconf 83' lang='lat' dir='ltr'>quaeque</span> <span class='ocrx_word' id='word_1_360' title='bbox 2106 4252 2145 4303; x_wconf 84' lang='lat' dir='ltr'>Q</span> <span class='ocrx_word' id='word_1_361' title='bbox 2162 4250 2203 4290; x_wconf 88' lang='lat' dir='ltr'>u</span> <span class='ocrx_word' id='word_1_362' title='bbox 2218 4250 2255 4288; x_wconf 80' lang='lat' dir='ltr'>E</span> <span class='ocrx_word' id='word_1_363' title='bbox 2270 4250 2363 4290; x_wconf 70' lang='lat' dir='ltr'>Ar</span> 
     </span>
     <span class='ocr_line' id='line_1_40' title="bbox 155 4307 614 4384; baseline 0.024 -13"><span class='ocrx_word' id='word_1_364' title='bbox 155 4307 327 4375; x_wconf 74' lang='lat' dir='ltr'>simili</span> <span class='ocrx_word' id='word_1_365' title='bbox 353 4322 614 4384; x_wconf 81' lang='lat' dir='ltr'>ratione.</span> 
     </span>
    </p>
   </div>
   <div class='ocr_carea' id='block_1_4' title="bbox 1265 3879 1439 3890">
    <p class='ocr_par' dir='ltr' id='par_1_9' title="bbox 1265 3879 1439 3890">
     <span class='ocr_line' id='line_1_41' title="bbox 1265 3879 1439 3890; baseline 0 0"><span class='ocrx_word' id='word_1_366' title='bbox 1265 3879 1439 3890; x_wconf 95' lang='lat' dir='ltr'> </span> 
     </span>
    </p>
   </div>
   <div class='ocr_carea' id='block_1_5' title="bbox 254 3967 421 3982">
    <p class='ocr_par' dir='ltr' id='par_1_10' title="bbox 254 3967 421 3982">
     <span class='ocr_line' id='line_1_42' title="bbox 254 3967 421 3982; baseline 0 1026"><span class='ocrx_word' id='word_1_367' title='bbox 254 3967 421 3982; x_wconf 95' lang='lat' dir='ltr'> </span> 
     </span>
    </p>
   </div>
  </div>
 </body>
</html>
