2840 5008
1155 382 1259 454 VI

78 560 344 626 forsitan
377 581 466 625 ex
495 560 646 647 ipso
679 559 949 625 veniens
977 559 1205 624 trahat
1232 566 1385 626 aere
1417 561 1744 647 quaedam

80 697 349 764 corpora
368 725 385 752 ‚
412 697 592 761 quae
620 675 835 761 plagis
863 673 1232 740 incendunt
1260 676 1722 741 mobilitatem.

77 790 550 876 incolumisque
583 790 766 854 venit
793 811 915 876 per
942 812 1051 854 res
1083 799 1285 875 atque
1313 792 1577 877 integra
1606 795 1845 858 transit

75 905 260 968 multa
276 954 292 980 ‚
313 905 759 970 foraminibus
788 904 1083 989 liquidus
1114 907 1268 989 quia
1299 907 1673 999 transvolat
1698 908 1868 994 ignis
1885 958 1898 971 .

29 1035 43 1083 o
72 1020 397 1105 multaque
428 1020 698 1105 perfigit
717 1069 734 1095 ‚
763 1041 910 1083 cum
940 1040 1230 1103 corpora
1256 1019 1546 1085 fulminis
1574 1023 1723 1108 ipsa

75 1136 464 1219 corporibus
493 1156 714 1199 rerum
743 1133 1121 1199 inciderunt
1138 1183 1155 1211 ‚
1185 1155 1318 1220 qua
1346 1143 1534 1200 texta
1564 1144 1904 1202 tenentur.

75 1247 369 1323 dissoluit
400 1271 613 1335 porro
643 1248 835 1313 facile
865 1270 978 1314 aes
1009 1269 1376 1336 aurumque
1406 1242 1708 1338 repente'

75 1364 373 1428 conferve
402 1363 571 1428 facit
588 1412 603 1439 ‚
630 1385 664 1427 e
692 1363 915 1450 parvis
948 1364 1104 1450 quia
1130 1363 1310 1429 facta
1335 1366 1588 1430 minute

73 1479 458 1564 corporibus
489 1479 593 1543 vis
625 1486 729 1542 est
758 1487 825 1543 et
853 1479 1109 1543 levibus
1142 1500 1226 1542 ex
1256 1480 1628 1557 elementiS‚

29 1607 42 1652 5
75 1613 225 1676 quae
250 1593 454 1658 facile
482 1593 900 1657 insinuantur
931 1602 999 1658 et
1023 1595 1357 1659 insinuata
1382 1603 1662 1680 repente

75 1705 443 1773 dissoluont
474 1706 698 1772 nodos
729 1704 941 1773 omnis
972 1718 1039 1773 et
1067 1709 1286 1774 vincla
1311 1709 1620 1774 relaxant
1639 1759 1654 1773 .

74 1830 512 1908 autumnoque
542 1823 751 1909 magis
781 1822 991 1887 stellis
1019 1821 1430 1909 fulgentibus
1462 1832 1623 1911 apta

74 1938 439 2002 concutitur
471 1937 636 2001 caeli
669 1936 905 2001 domus
936 1937 1233 2024 undique
1266 1947 1542 2024 totaque
1572 1942 1769 2006 tellus
1791 1991 1805 2017 ‚

78 2056 301 2114 etcum
330 2059 644 2139 tempora
673 2074 746 2116 se
774 2053 950 2118 veris
980 2052 1289 2118 florentia
1315 2054 1651 2141 pandunt.

29 2175 44 2222 o
72 2161 297 2248 frigore
329 2168 509 2231 enim
540 2166 786 2232 desunt
811 2168 999 2253 ignes
1019 2168 1374 2253 ‚ventique
1405 2169 1630 2233 calore

79 2275 373 2347 deficiunt
402 2303 628 2367 neque
660 2290 818 2347 sunt
845 2290 981 2346 tam
1010 2281 1222 2346 denso
1253 2305 1538 2370 corpore
1566 2286 1807 2350 nubes.

76 2390 519 2482 interutraque
547 2396 747 2481 igitur
778 2416 924 2460 cum
956 2397 1118 2461 caeli
1147 2405 1455 2482 tempora
1486 2407 1829 2473 constant,

77 2514 197 2572 tum
224 2514 452 2577 variae
483 2532 725 2576 causae
756 2521 1168 2577 concurrunt
1196 2514 1484 2578 fulminis
1516 2537 1779 2579 omnes:

78 2642 208 2686 nam
232 2625 451 2726 fretus
479 2627 625 2711 ipse
655 2627 807 2690 anni
839 2628 1195 2714 permiscet
1222 2628 1433 2715 frigus
1465 2638 1533 2693 et
1561 2639 1815 2695 aestum
1832 2679 1847 2705 ‚

31 2748 48 2793 5
79 2756 331 2819 quorum
362 2749 725 2826 utrumque
757 2762 926 2828 opus
958 2749 1064 2807 est
1090 2741 1484 2807 fabricanda
1512 2742 1601 2807 ad
1629 2744 1902 2810 fulmina
1931 2743 2119 2822 nubi,

78 2862 141 2914 ut
165 2852 502 2921 discordia
533 2857 620 2920 sit
649 2877 869 2920 rerum
898 2878 1278 2942 magnoque
1306 2859 1594 2923 tumultu

80 2963 314 3049 ignibus
347 2978 418 3035 et
446 2970 667 3035 ventis
696 2970 1098 3036 furibundus
1126 2970 1408 3036 fluctuet
1438 2980 1580 3038 aer.

78 3082 263 3162 prima
291 3086 540 3150 caloris
573 3085 741 3148 enim
774 3107 932 3173 pars
964 3094 1068 3150 est
1098 3094 1440 3172 postrema
1466 3089 1736 3174 rigoriS‚

80 3201 312 3286 tempus
346 3208 426 3265 ut
457 3209 562 3264 est
590 3222 901 3278 vernum3
927 3223 1134 3285 quare
1165 3223 1466 3288 pugnare
1495 3213 1841 3268 necessest

32 3318 50 3364 0
82 3306 391 3380 dissimilis
420 3316 594 3379 inter
624 3338 696 3380 se
724 3338 835 3381 res
866 3317 1275 3402 turbareque
1303 3319 1577 3383 mixtas:

82 3431 139 3487 et
162 3430 337 3495 calor
369 3438 708 3496 extremus
738 3432 950 3518 primo
982 3452 1131 3495 cum
1160 3428 1409 3519 frigore
1439 3432 1683 3497 mixtus

81 3539 342 3610 volvitur
361 3595 376 3623 ‚
405 3546 703 3609 autumni
734 3545 919 3632 quod
947 3545 1160 3610 fertur
1188 3548 1454 3612 nomine
1485 3559 1778 3634 tempus,

79 3648 170 3717 hic
197 3679 466 3746 quoque
499 3659 864 3746 confligunt
892 3662 1143 3726 hiemes
1174 3663 1541 3727 aestatibus
1571 3642 1759 3727 acres
1778 3711 1792 3726 .

82 3781 418 3858 propterea
445 3776 619 3839 freta
649 3783 804 3841 sunt
831 3776 1002 3841 haec
1031 3778 1185 3842 anni
1212 3776 1700 3852 nominitanda‚

2189 391 2331 461 217
2409 416 2412 419 ·

86 4115 165 4180 346
195 4119 315 4174 here
346 4124 369 4192 u
413 4126 513 4174 349
548 4124 809 4178 transviat
841 4125 862 4194 ΙΙ
904 4130 1002 4177 356
1040 4123 1211 4176 vincia
1248 4124 1269 4193 ΙΙ
1306 4129 1404 4175 357
1444 4123 1576 4175 alta.
1623 4123 1644 4192 ΙΙ
1698 4127 1795 4174 359
1832 4122 1907 4174 ris
1963 4122 1983 4191 ΙΙ
2037 4127 2135 4176 360
2173 4123 2319 4176 calo·

85 4209 178 4250 res,
231 4203 249 4273 ΙΙ
303 4211 403 4258 362
442 4205 590 4259 Inter
624 4216 876 4278 utrasque
935 4207 955 4276 ΙΙ
1018 4213 1115 4260 364
1154 4215 1207 4259 et
1243 4213 1513 4260 omissum.
1574 4206 1596 4275 ΙΙ
1654 4211 1751 4259 365
1787 4206 1967 4259 nobis.
2027 4206 2049 4275 ΙΙ
2108 4209 2209 4257 366
2245 4205 2319 4256 sit

86 4290 321 4342 Omiaeum.
379 4288 400 4357 ΙΙ
459 4295 557 4341 368
594 4290 801 4362 ligoris.
857 4291 877 4361 ΙΙ
934 4297 1032 4343 369
1071 4291 1125 4345 id
1177 4291 1198 4360 ΙΙ
1254 4297 1353 4343 370
1394 4307 1480 4344 res
1519 4299 1785 4346 omissum.
1824 4291 1846 4358 ΙΙ
1894 4296 1990 4343 372
2027 4289 2260 4341 Vovitur
2293 4288 2316 4355 ΙΙ

90 4356 167 4417 374
198 4368 327 4424 freta
363 4380 606 4427 omissum
618 4413 629 4424 .
