2840 5008
1182 415 1243 483 11
2226 415 2315 482 75

104 591 261 655 male
283 589 619 654 Marullus
645 591 766 653 nisi
792 601 974 676 utque
1003 590 1176 653 dolor
1206 589 1360 678 obsit
1377 610 1661 673 mensque
1671 587 1969 673 fruatur.
1994 588 2322 656 Avantius

104 689 468 752 rectissime
491 699 560 751 ut
579 709 613 752 c
629 710 708 752 111
733 689 906 751 dolor
935 689 1122 768 absit,-
1145 687 1274 751 nisi
1304 684 1492 771 quod
1520 695 1780 749 naturae
1808 685 2034 770 inepte
2065 685 2320 751 adscri-

104 787 273 851 bitur
316 786 511 872 quod
552 796 658 851 est
695 786 980 850 hominis
1004 835 1020 860 ‚
1049 793 1124 850 ut
1165 786 1224 850 ei
1265 808 1518 870 corpore
1543 785 1844 848 seiunctus
1871 784 2045 847 dolor
2072 785 2227 848 absit
2254 794 2324 850 et

104 886 447 973 utfruatur
473 886 740 951 iucundo
766 910 942 950 sensu
959 935 972 950 .
994 887 1228 970 itaque
1256 882 1686 969 probandum
1716 890 1819 947 est
1841 881 2028 967 quod
2052 904 2093 945 a
2113 882 2319 947 Bent-

106 985 221 1049 leio
250 1006 482 1051 secum
515 986 1073 1049 communicatum
1092 983 1471 1049 Creechius
1508 1032 1526 1062 ‚
1573 982 1840 1045 nomine
1869 982 2009 1044 eius
2038 988 2116 1045 ut
2145 981 2322 1047 solet

107 1104 463 1168 suppresso
483 1131 498 1158 ‚
515 1077 768 1147 ‘forsan
784 1083 1053 1147 rectius’
1086 1103 1235 1147 esse
1266 1081 1432 1146 dicit
1448 1129 1464 1154 ‚
1488 1104 1641 1144 cura
1664 1103 1696 1144 s
1708 1102 1746 1142 Ε
1762 1103 1809 1143 Μ
1825 1101 1865 1144 o
1881 1104 1921 1144 1·
1938 1080 1994 1143 u’
2009 1091 2286 1167 metuque
2302 1108 2323 1144 .-

105 1182 320 1267 itaque
352 1188 517 1248 aute
547 1202 666 1245 eos
690 1179 998 1245 Gifanius
1024 1230 1037 1244 .
1087 1180 1219 1245 sed'
1241 1179 1400 1243 mihi
1430 1179 1683 1243 librarii
1710 1177 1781 1242 in
1800 1176 2021 1243 medio
2048 1199 2320 1263 qnoque

108 1279 332 1342 horum
359 1300 679 1343 versuum
708 1279 1027 1346 videntur
1054 1281 1123 1343 in
1151 1304 1181 1342 s
1208 1280 1437 1343 littera
1469 1277 1632 1341 elisa
1660 1298 1982 1362 peccasse
2005 1325 2020 1351 ‚
2051 1285 2128 1341 ut
2156 1279 2318 1341 scri-

105 1377 385 1441 bendum
414 1377 508 1441 sit
536 1378 804 1441 MENTI’
819 1377 1085 1463 fruatur
1113 1377 1390 1442 Iucundo
1417 1399 1595 1440 sensu
1612 1424 1627 1450 ,
1649 1396 1788 1438 non
1806 1424 1821 1450 ‚
1849 1367 2038 1459 quod
2068 1382 2173 1439 est
2200 1377 2318 1440 mi-

107 1474 267 1538 nime
311 1475 588 1564 elegans
622 1523 638 1548 ‚
678 1486 871 1539 mente
897 1476 1161 1563 fruatur
1201 1497 1376 1538 sensu
1415 1521 1430 1535 .
1476 1472 1651 1536 infra
1690 1472 1760 1536 in
1803 1474 1935 1537 hoc
1979 1471 2151 1538 libro
2197 1474 2320 1539 399

108 1575 282 1637 mellis
309 1575 605 1660 lactisque
633 1575 897 1660 liquores
924 1574 1202 1637 Iucundo
1229 1596 1407 1636 sensu
1449 1574 1693 1657 linquae
1732 1583 2060 1636 tractentur
2085 1575 2153 1636 in
2181 1597 2286 1637 ore
2301 1622 2319 1652 ,

111 1691 232 1733 non
258 1673 468 1756 linqua
489 1721 503 1734 .

254 1766 351 1832 25.
383 1769 840 1834 LAMPAnAs
880 1791 1322 1834 xoumnaAs
1354 1818 1369 1832 .
1414 1769 1531 1834 Sic
1561 1767 1893 1832 Maximus
1923 1769 2320 1835 Victorinus

110 1886 164 1947 p.
187 1866 332 1930 1967
365 1915 379 1930 .
410 1866 601 1951 apud
629 1867 1049 1933 Macrobium
1080 1865 1352 1931 Saturn.
1397 1867 1570 1930 libro
1615 1863 1767 1940 v1‚2
1812 1866 1968 1931 olim
2010 1869 2322 1953 impressi

113 1961 411 2042 (editione
445 1952 784 2029 Brikiensi
813 1965 970 2029 anni
997 1986 1441 2029 mccccnxxxv
1473 1971 1663 2039 utor,
1687 1985 1907 2049 neque
1937 1986 2222 2050 usquam
2249 1967 2322 2032 in

111 2060 512 2128 Lucretianis
558 2083 720 2127 curo
764 2083 979 2127 novas
1020 2070 1274 2126 temere
1313 2062 1799 2147 interpolatas)
1831 2062 2197 2147 Lampadas
2223 2066 2318 2129 in·
2349 2125 2354 2130 .

101 2157 258 2241 serm
275 2210 287 2222 .

255 2257 349 2322 27.
379 2259 500 2323 Nn
523 2283 558 2323 c
602 2280 867 2322 nonus
907 2279 1284 2322 Aaenn‘ro
1323 2278 1642 2320 renel-:T
1671 2277 2051 2333 AUROQUE
2081 2280 2316 2323 RENI-

116 2374 251 2416 nm·
284 2403 298 2417 .
342 2354 554 2440 Apud
581 2354 1004 2420 Macrobium
1017 2356 1270 2442 fldyens
1300 2360 1369 2418 et
1399 2354 1681 2418 renidens
1715 2377 1731 2430 ς
1773 2353 1959 2438 quod
1985 2355 2317 2422 Marullus

112 2450 260 2517 male
284 2455 547 2539 recepit
563 2500 578 2526 ,
605 2453 764 2538 quia
788 2452 988 2518 huius
1017 2458 1263 2537 poetae
1288 2451 1661 2538 elegantiae
1683 2473 1919 2537 parum
1944 2474 2316 2519 accommo-

113 2547 316 2613 datum
345 2562 450 2616 est
473 2602 487 2616 .
524 2551 650 2616 sed
679 2551 885 2615 multo
915 2552 1131 2615 minus
1163 2552 1440 2636 probari
1470 2558 1701 2636 potest
1713 2550 1920 2636 fulyet
1945 2578 1967 2614 .·
1999 2574 2154 2616 nam
2183 2552 2315 2618 Lu-

115 2649 336 2712 cretius
365 2670 590 2734 neque
604 2650 822 2736 fulyeo
850 2671 1135 2735 usquam
1166 2648 1340 2714 <lixit
1374 2696 1389 2723 ‚
1434 2647 1558 2716 sed
1571 2648 1757 2734 fulyo
1789 2696 1804 2724 ‚
1844 2671 2064 2734 neque
2112 2651 2314 2737 sylla-

112 2742 217 2807 bas
240 2746 481 2812 breves
517 2747 587 2809 in
616 2768 899 2811 caesura
925 2747 1307 2832 producere
1338 2769 1543 2811 ausus
1575 2754 1714 2811 est.
1741 2767 1950 2831 quare
1982 2749 2140 2813 mihi
2171 2751 2316 2815 veri
2345 2816 2358 2821 ,

116 2841 480 2910 simillimum
524 2845 796 2909 videtur
842 2867 992 2909 eum
1022 2846 1375 2930 scripsisse
1404 2856 1655 2931 arqento
1684 2868 1830 2909 Fun
1849 2869 1941 2910 GE
1958 2870 2058 2911 NT
2075 2872 2098 2911 1
2129 2873 2314 2915 auro-

116 2959 212 3021 que
225 2944 477 3007 renidet.
503 2948 801 3007 ceterum
817 2943 1124 3028 plerique
1146 2943 1350 3009 hodie
1379 2943 1803 3030 neglegentia
1823 2945 2229 3011 intolerabili
2247 2957 2317 3013 et

115 3033 249 3101 huic
275 3047 522 3123 poetae
552 3089 569 3117 ‚
612 3042 724 3125 qui
755 3063 993 3106 versus
1034 3063 1195 3106 suos
1237 3042 1326 3107 ad
1365 3044 1665 3129 regulam
1695 3049 1765 3107 et
1795 3044 2104 3109 amussim
2136 3068 2313 3110 com-

115 3136 316 3214 posuit
344 3185 358 3212 ,
402 3159 894 3223 quamcumque
923 3138 1257 3203 licentiam
1285 3140 1743 3226 incuriamque
1773 3148 2023 3211 temere
2058 3143 2313 3208 adscri-

115 3229 263 3296 bunt
281 3282 298 3312 ,
327 3242 394 3298 et
433 3242 703 3300 ceteros
742 3237 814 3299 in
843 3236 1295 3320 productione
1321 3239 1628 3303 brevium
1649 3285 1666 3313 ‚
1699 3260 1870 3323 quae
1898 3241 1969 3304 in
1999 3262 2315 3307 versuum

117 3333 389 3396 caesuris
417 3333 495 3397 fit
518 3380 535 3408 ‚
573 3334 658 3397 ab
687 3355 815 3398 usu
844 3332 1237 3420 Vergiliano
1268 3336 1471 3422 longe
1500 3336 1870 3402 abhorrere
1897 3360 1985 3403 ne
2015 3339 2312 3405 animad-

114 3432 362 3492 vertunt
389 3431 661 3516 quidem
681 3479 695 3494 .
718 3453 873 3496 nam
903 3432 1089 3517 quod
1117 3440 1362 3518 poetae
1395 3433 1636 3499 Graeci
1663 3436 1734 3499 in
1764 3444 1911 3501 arte
1942 3436 2123 3502 domi
2153 3445 2315 3504 nata

118 3523 243 3586 ausi
269 3536 421 3591 sunt
437 3575 456 3601 ‚
476 3536 557 3592 ut
588 3550 793 3613 saepe
813 3551 1052 3594 versus
1074 3544 1454 3617 pangerent
1475 3533 1590 3596 vix
1612 3535 1837 3619 specie
1860 3537 2103 3601 ceteris
2127 3584 2141 3610 ‚
2168 3538 2311 3621 qui-

118 3615 225 3682 bus
248 3622 698 3692 interveniunt
718 3677 736 3707 ,
761 3628 1009 3694 similes
1030 3677 1045 3705 ‚
1078 3626 1236 3693 Φίλε
1269 3632 1597 3703 mels-nure
1623 3681 1635 3705 ‚
1667 3632 1938 3697 Θέικατόκ
1972 3634 2045 3706 ΝῩ
2077 3656 2171 3696 τοι
2203 3634 2308 3718 ὅρ-

119 3712 440 3786 κι’ἒταμκοκ
467 3772 482 3786 .
519 3722 811 3788 Emanium
862 3722 937 3789 ἦε
986 3727 1182 3800 samoe
1209 3751 1222 3803 ;
1267 3726 1402 3792 ἐπεὶ
1447 3728 1558 3800 οῩκ
1603 3728 1831 3813 {pasce
1864 3730 2019 3794 τᾶΔε
2054 3731 2275 3804 π’ἐοτῖκ
2300 3782 2310 3793 .

119 3805 293 3878 Νιῖοόο
313 3818 358 3880 τ’
369 3820 569 3894 Ait-ma
594 3825 981 3895 Ναγεικλείτκ
1007 3826 1055 3888 τ’
1069 3825 1287 3899 ΕῨΒοια
1308 3876 1320 3900 ,
1344 3827 1479 3891 hoc
1497 3827 1624 3890 nisi
1639 3828 1864 3892 Latini
1886 3828 2194 3894 studiose
2212 3831 2309 3894 vi-

117 3911 380 3991 tassent,
401 3940 641 3983 versus
669 3923 1067 4007 peregrinos
1097 3924 1235 3989 suis
1264 3924 1650 3990 hominibus
1678 3947 1814 3990 non
1837 3935 2162 4012 poterant
2191 3951 2309 4015 ap-

118 4008 376 4083 probare
394 4063 409 4078 .
427 4018 658 4102 itaque
675 4020 950 4084 vocales
965 4022 1210 4086 breves
1227 4022 1296 4086 in
1316 4024 1501 4088 exitu
1517 4024 2001 4090 vocabulorum
2019 4027 2280 4111 positas
2293 4073 2307 4100 ‚

119 4116 354 4180 praeter
365 4113 529 4178 illud
541 4139 656 4202 que
667 4118 1072 4202 geminatum
1085 4168 1101 4198 ,
1115 4121 1485 4209 Diminaque
1502 4124 1847 4211 laurusque,
1865 4125 2309 4210 Noemonaque

118 4195 520 4298 Prytanimque
534 4262 550 4292 ,
573 4236 706 4298 quo
725 4218 979 4299 primus
998 4218 1192 4281 Maro
1211 4240 1372 4283 usus
1390 4227 1495 4284 est
1515 4268 1529 4295 ‚
1549 4223 1761 4285 maior
1776 4244 1937 4306 pars
1954 4221 2277 4285 abstinuit
2292 4268 2306 4294 ‚

117 4296 338 4366 nullum
367 4316 631 4391 poetam
653 4313 964 4378 Latinum
997 4317 1402 4403 produxisse
1434 4319 1638 4382 credo
1659 4369 1673 4395 ‚
1699 4320 1820 4385 scd
1850 4339 2305 4405 quaecumque

117 4399 327 4464 extant
366 4404 559 4473 huius
602 4410 911 4477 licentiae
952 4415 1257 4499 exempla
1288 4414 1328 4478 a
1357 4416 1645 4482 librariis
1674 4415 2177 4501 indiligentibus
2205 4415 2304 4477 in-
