2840 5008
524 405 661 470 404
1575 401 1673 467 VI

520 578 699 641 hunc
730 596 989 638 versum
1022 595 1159 637 non
1189 595 1310 637 suo
1344 574 1494 638 loco
1541 575 1707 661 legi,
1754 577 1864 661 qui
1909 577 1976 638 in
2019 598 2141 639 suo
2189 580 2535 662 repositus
2579 584 2727 645 satis

522 676 717 750 facit,
746 675 843 737 ita
867 723 879 737 .
916 674 1172 737 Diditur
1200 675 1264 735 iu
1293 696 1476 735 venas
1506 675 1670 737 cibus
1698 677 1926 753 omnic,
1957 687 2164 758 auca,
2195 678 2426 761 alitque
2463 679 2728 763 Corporis

519 786 815 839 extremas
854 795 1089 857 quoque
1121 772 1322 856 partis
1364 773 1838 857 unquiculosque
1866 822 1882 849 ,
1931 773 2219 836 Morbida
2275 777 2489 859 visque
2531 779 2702 839 simzd
2715 828 2725 845 ,

520 897 656 937 eum
698 874 1061 935 extrincecus
1103 870 1486 932 insinuatur.
1547 871 1643 933 ita
1684 870 1856 933 haec
1902 892 2027 956 ego
2075 892 2514 935 correxeram
2541 923 2555 943 ,
2598 898 2726 937 eum

519 971 656 1035 vidi
675 968 1045 1034 Arnobium
1069 987 1341 1051 quoque
1372 968 1443 1029 in
1469 967 1604 1031 hoc
1629 968 1779 1030 loco
1804 970 2159 1052 unquieulos
2182 991 2334 1032 cum
2354 973 2573 1035 morbo
2596 995 2728 1056 pro-

519 1072 693 1134 xime
723 1069 1118 1132 coniunctos
1150 1066 1389 1151 legisse
1418 1114 1431 1126 .
1477 1066 1572 1128 sic
1606 1067 1776 1129 enim
1809 1066 1917 1130 ille
1947 1067 2014 1128 in
2044 1090 2093 1128 11
2129 1089 2190 1150 p.
2210 1068 2291 1129 77
2317 1115 2331 1137 ,
2377 1068 2555 1146 Quid
2594 1073 2728 1132 euim

518 1172 569 1232 si
609 1169 904 1233 hominem
945 1166 1113 1228 dieas
1158 1176 1398 1248 captum
1439 1166 1725 1227 membris
1757 1166 2028 1227 omnibus
2056 1177 2113 1227 et
2139 1167 2472 1228 eiulantem
2503 1191 2583 1229 ex
2612 1192 2729 1230 ern-

520 1268 771 1331 ciatibus
799 1265 1030 1349 asperis
1056 1264 1283 1325 idcirco
1313 1286 1433 1325 esse
1457 1283 1690 1325 sanum
1712 1311 1727 1335 ‚
1758 1264 1923 1348 quod
1943 1266 2119 1325 unius
2140 1263 2494 1347 unguiculi
2515 1267 2729 1327 nullu-m

512 1366 887 1451 perpetiatur
908 1364 1211 1439 dolorem,·
1242 1371 1349 1422 aul
1376 1384 1498 1421 esse
1521 1380 1792 1422 auream
1817 1367 2064 1422 terram
2085 1407 2101 1432 ‚
2131 1363 2298 1445 quod
2323 1363 2390 1423 iu
2420 1364 2730 1425 verrucula

520 1464 685 1527 collis
714 1462 893 1523 vanius
920 1460 1104 1520 imitat
1130 1458 1386 1541 exiguae
1416 1456 1696 1519 miculae
1715 1505 1731 1530 ‚
1761 1459 1975 1542 quibus
2000 1459 2272 1521 nascitur
2302 1461 2731 1547 colliquefactis

520 1557 792 1624 aurum?
837 1576 1121 1642 quorum
1151 1555 1430 1617 alterum
1465 1576 1737 1639 quoque
1765 1555 2129 1617 membrum
2162 1577 2246 1618 ex
2270 1556 2599 1643 Lucretio
2632 1559 2729 1621 de·

522 1667 769 1723 tortum
812 1664 916 1720 est
937 1703 951 1727 ‚
999 1661 1066 1716 et
1109 1652 1377 1737 quidem
1423 1676 1507 1717 ex
1537 1655 1707 1717 libro
1739 1678 1781 1728 1,
1796 1654 1919 1718 839
1949 1654 2057 1718 Ex
2085 1656 2346 1739 aurique
2363 1667 2555 1738 putat
2579 1659 2730 1718 micis

518 1758 829 1820 consistere
846 1775 1025 1838 posse
1053 1757 1296 1813 Aurum
1312 1800 1330 1829 ,
1361 1763 1419 1814 et
1444 1752 1517 1814 de
1544 1754 1723 1814 terrie
1752 1763 1979 1814 terram
2009 1774 2391 1814 concrescere
2409 1756 2654 1836 pao-vie.

560 1844 563 1847 ¹
682 1852 822 1916 952.
852 1851 1441 1913 Pravomum
1466 1899 1480 1924 ‚
1526 1873 1970 1912 PERMANAT
2016 1871 2227 1911 0·DOR
2271 1871 2721 1926 FRIGUSQUE

516 1972 821 2025 vAPosQ
840 1972 930 2012 ΠΒ
958 1998 969 2012 .
1003 1946 1396 2027 Quadratus
1423 1948 1636 2033 frique
1678 1971 2061 2033 qzmposque.
2107 1945 2263 2008 olim
2291 1946 2611 2029 impressi
2636 1972 2721 2010 va·
2765 1992 2778 2001 -

505 2073 744 2137 porque
768 2098 781 2111 .
822 2047 1085 2111 Nonius
1115 2045 1397 2129 p.487,6
1443 2046 1648 2129 Vapor
1688 2057 1745 2109 et
1779 2068 2000 2130 vapos,
2044 2055 2100 2106 et
2138 2045 2320 2105 timor
2350 2054 2409 2105 et
2435 2046 2643 2124 timae,
2681 2057 2723 2107 et

514 2151 686 2213 labor
715 2158 770 2211 et
798 2146 963 2210 labos
982 2194 999 2224 ‚
1043 2147 1130 2207 ita
1157 2156 1294 2207 sunt
1320 2156 1387 2208 ut
1414 2145 1580 2207 color
1608 2155 1662 2207 et
1692 2145 1849 2207 colos
1879 2192 1891 2206 .
1924 2143 2249 2206 Lucretius
2277 2143 2377 2204 lib.
2413 2163 2486 2204 v1
2520 2145 2717 2207 Pervo-

514 2249 652 2310 h'tae
667 2294 684 2324 ,
705 2253 1037 2329 permanat
1062 2242 1208 2304 ados
1219 2242 1549 2327 frigusque
1578 2264 1908 2326 vaposque.
1940 2239 2099 2301 hinc
2123 2237 2497 2303 Lambinus
2531 2241 2720 2304 edidit

515 2345 658 2409 odos
682 2349 750 2406 et
769 2363 1103 2426 vaposque,
1136 2338 1416 2401 alterum
1439 2345 1624 2401 recte
1647 2386 1661 2412 ‚
1694 2338 1971 2401 alterum
2005 2357 2046 2398 a
2075 2335 2366 2400 librariis
2390 2336 2619 2403 Nonio
2641 2348 2720 2401 te-

512 2459 694 2504 mere
722 2438 1013 2502 illatum.

679 2537 818 2601 954.
852 2557 1010 2611 QUA
1043 2555 1346 2626 curcum
1379 2555 1624 2596 caiam
1656 2555 1951 2596 Loch
1983 2554 2377 2596 oosncssr.
2407 2538 2720 2600 Avantius

513 2639 653 2702 colli
682 2662 702 2700 .·
729 2634 1194 2700 Wakefieldus
1235 2632 1726 2714 interpretatur
1771 2630 2082 2694 circulum
2130 2631 2284 2694 colli
2316 2680 2330 2706 ,
2366 2632 2718 2720 Vergilium

511 2742 754 2799 testem
786 2735 1001 2797 citans
1024 2779 1040 2807 ‚
1085 2731 1200 2815 qui
1231 2729 1441 2792 lorica
1472 2729 1712 2792 collum
1745 2729 1916 2813 cingi
1949 2728 2233 2791 dixerit.
2281 2738 2355 2792 at
2382 2728 2497 2795 ille
2531 2732 2717 2802 dixit.

511 2841 588 2896 ut
628 2832 961 2894 hominem
1008 2849 1212 2894 sanae
1254 2827 1497 2890 mentis
1544 2827 1778 2899 decet,
1823 2827 2118 2888 Loricam
2153 2828 2524 2914 yaleamque
2566 2833 2720 2908 inter,

510 2955 634 3017 qua
665 2932 821 2994 colla
849 2929 1101 2991 sedentis
1130 2927 1400 2990 Luceni.
1447 2926 1772 2990 Marullus
1807 2924 2061 2988 fecerat
2090 2949 2309 3010 corpus
2340 2975 2353 2989 .
2399 2931 2720 2992 Antonius

509 3029 937 3093 Florentinus
961 3026 1144 3089 corii.
1170 3025 1292 3088 sed
1308 3026 1665 3089 Lucretius
1688 3025 1959 3108 scripsit
1980 3022 2098 3088 G'A
2112 3048 2149 3086 L
2169 3047 2205 3086 t.
2225 3047 2246 3086 1
2270 3027 2472 3089 lorica
2490 3026 2718 3090 ,Varro

512 3129 597 3191 de
640 3124 868 3211 lingua
911 3124 1119 3187 latina
1158 3122 1331 3186 libro
1366 3146 1409 3185 v
1438 3144 1503 3206 p.
1529 3121 1641 3185 121
1678 3111 1910 3186 Lorica‘
1932 3171 1949 3200 ‚
1994 3123 2159 3207 quod
2197 3147 2228 3184 e
2270 3124 2422 3185 loris
2466 3126 2542 3188 de
2572 3127 2719 3188 corio

509 3225 696 3286 crudo
732 3222 1069 3306 pectoralia
1095 3220 1428 3307 faciebant
1448 3271 1460 3283 .
1497 3232 1712 3304 postea
1753 3220 2009 3282 subcidit
2042 3218 2214 3282 Galli
2243 3243 2274 3281 e
2285 3220 2479 3306 ferro
2524 3223 2630 3284 sub
2666 3222 2722 3282 id

506 3321 892 3396 vocabulum,
924 3340 999 3380 ex
1021 3319 1220 3380 anulis
1235 3366 1252 3396 ,
1264 3318 1410 3404 fere
1439 3321 1566 3382 iam
1595 3320 1831 3381 tunica.
1861 3318 1958 3379 ita
1981 3316 2154 3379 enim
2176 3315 2351 3380 haec
2373 3318 2721 3383 scribenda

509 3426 668 3481 sunt
692 3437 775 3478 ex
797 3413 1186 3477 Florentino
1212 3415 1448 3477 codice
1467 3464 1481 3490 ‚
1514 3417 1625 3498 qui
1651 3422 1873 3477 tamen
1895 3413 2102 3477 habet
2113 3413 2402 3500 ferream
2432 3420 2716 3479 tunicam.

506 3516 761 3579 subcidit
799 3521 1021 3576 autem
1062 3511 1310 3574 rectius
1340 3511 1460 3575 hie
1484 3513 1807 3597 scriptum
1838 3512 2145 3576 existimo
2178 3533 2381 3595 quam
2414 3513 2572 3576 alibi
2599 3538 2718 3577 suc·

508 3616 715 3678 cedere
739 3661 752 3686 ,
798 3620 874 3675 ut
902 3612 971 3673 in
1000 3633 1123 3673 V111
1155 3633 1216 3693 p.
1237 3609 1359 3674 454
1392 3622 1529 3674 ante
1559 3634 1743 3696 quam
1772 3612 1880 3672 sub
1910 3611 2297 3694 mayislralus
2328 3611 2567 3693 (immo
2595 3635 2714 3674 ma-

502 3711 894 3797 yistratuom)
924 3710 1169 3773 uomina
1191 3757 1208 3786 ‚
1253 3710 1360 3793 qui
1388 3733 1486 3771 eos
1516 3710 1852 3771 liberarunt
1871 3757 1885 3785 ,
1930 3708 2245 3770 succedere
2275 3722 2624 3793 coeperunt,
2654 3709 2718 3770 in

508 3832 581 3872 1x
609 3830 673 3892 p.
693 3808 814 3871 503
845 3831 1002 3893 quae
1029 3808 1138 3869 sub
1165 3830 1512 3869 mensuram
1542 3831 1617 3869 ac
1633 3808 1917 3890 pondera
1940 3807 2140 3890 polius
2168 3828 2358 3890 quam
2384 3807 2494 3868 sub
2521 3816 2717 3868 nume-

504 3929 644 3968 rum
672 3907 1020 3984 succedunt,
1051 3905 1119 3967 in
1144 3927 1188 3966 x
1209 3927 1272 3989 p.
1294 3904 1414 3967 552
1448 3928 1583 3966 cum
1612 3929 1733 3982 upa·
1762 3906 2075 3967 succedere
2106 3904 2316 3966 debeat
2341 3905 2452 3966 sub
2483 3927 2716 3968 casuum

503 4005 768 4081 ratione,
798 4004 995 4065 immo
1024 4003 1330 4065 succidere
1357 4004 1465 4064 sub
1493 4005 1784 4066 rationem
1807 4052 1817 4064 .

669 4099 808 4163 956.
833 4100 945 4163 ET
992 4120 1573 4161 TEMPESTATEM
1620 4122 1879 4162 TERRA
1930 4118 2356 4173 CAELoQUE
2407 4120 2713 4162 coon'rA

504 4201 593 4262 IN
633 4221 952 4262 CAELUM
988 4218 1459 4271 'rERnASQUE
1509 4220 1883 4260 memo'rAs
1933 4218 2178 4259 IURAE
2223 4218 2711 4259 FAOESSUNT.

512 4296 650 4360 Iure
682 4296 1050 4380 quadratus
1084 4304 1152 4357 et
1182 4316 1222 4357 a
1254 4304 1640 4359 correctore
1682 4296 2048 4380 oblongus.
2098 4314 2233 4356 non
2279 4293 2522 4357 dubito
2569 4295 2710 4377 quin

500 4394 570 4454 in
590 4393 832 4457 codice
865 4393 1141 4477 antiquo
1175 4392 1375 4456 fuerit
1406 4395 1539 4466 iure
1561 4443 1576 4472 >
1611 4415 1817 4477 supra
1848 4392 2193 4475 adscripto
2227 4417 2265 4454 a
2291 4419 2309 4453 .·
2354 4385 2590 4456 verum
2621 4399 2709 4455 est
