2840 5008
1160 377 1286 444 1111
1651 367 1654 368 ⁷
2213 378 2242 442 1
2258 379 2294 444 3
2306 380 2345 444 7

105 555 572 613 commutantur
601 548 694 612 ibi
722 548 1064 634 positurae
1094 549 1599 634 principiorum3

103 672 166 727 ut
188 665 362 747 prius
393 661 486 725 ad
518 684 791 725 sensum
822 683 995 745 quae
1025 684 1310 747 corpora
1341 663 1830 727 conveniebant

104 798 256 840 nunc
283 799 423 841 non
454 776 863 840 conveniant
882 824 896 850 ‚
921 783 991 839 et
1020 783 1244 840 cetera
1272 778 1407 840 sint
1434 777 1642 862 magis
1673 784 1831 866 apta
1848 826 1862 852 ‚

57 908 71 953 J
105 912 250 975 quae
275 900 637 976 penetrata
668 897 921 974 queunt
950 910 1218 953 sensum
1245 892 1646 976 progignere
1674 893 2013 956 acerbum.

57 1021 72 1066 3
170 1004 356 1069 Nunc
390 1025 516 1089 age
540 1053 557 1080 ,
583 1025 716 1088 quo
747 1011 951 1089 pacto
980 1005 1159 1067 naris
1190 1003 1492 1068 adiectus
1524 1004 1752 1068 odoris

107 1127 313 1203 tangat
340 1139 540 1203 agam
558 1167 573 1180 .
596 1118 879 1203 primum
905 1138 1016 1180 res
1047 1119 1286 1182 multas
1320 1139 1467 1181 esse
1495 1128 1840 1184 necessest

57 1249 74 1292 5
105 1231 261 1295 unde
288 1232 505 1295 fluens
535 1232 770 1300 volvat
795 1232 1018 1294 varius
1050 1253 1121 1294 se
1149 1230 1390 1295 fluctus
1423 1231 1735 1305 odorum3

110 1352 165 1407 et
186 1346 386 1409 fluere
420 1355 490 1410 et
515 1346 690 1409 mitti
716 1345 918 1430 volgo
950 1346 1309 1432 spargique
1337 1345 1807 1431 putandumst:

108 1480 313 1521 verum
341 1461 487 1524 aliis
518 1460 685 1523 alius
714 1460 918 1544 magis
952 1468 1057 1523 est
1085 1459 1526 1524 animantibus
1556 1469 1756 1546 aptus
1773 1510 1789 1536 ‚

113 1570 418 1637 dissimilis
448 1582 731 1661 propter
758 1571 1008 1636 formas
1033 1622 1047 1636 .
1075 1573 1365 1658 ideoque
1394 1596 1518 1661 per
1547 1595 1745 1639 auras

110 1686 294 1749 mellis
322 1709 489 1772 apes
523 1688 821 1771 quamvis
851 1688 1050 1772 longe
1083 1686 1418 1751 ducuntur
1451 1688 1661 1752 odore
1680 1738 1694 1763 ‚

58 1815 80 1860 ο
112 1800 490 1887 volturiique
521 1800 993 1865 cadaveribus:
1018 1809 1157 1865 tum
1184 1802 1343 1865 fissa
1370 1802 1661 1866 ferarum

112 1916 334 1999 ungula
363 1937 500 2000 quo
531 1915 761 1979 tulerit
786 1935 1091 2000 gressum
1120 1917 1445 2001 permissa
1474 1938 1710 1980 canum
1739 1918 1841 1981 vis

117 2025 284 2104 dicit,
309 2037 375 2092 et
402 2029 762 2093 humanum
790 2029 988 2115 longe
1018 2032 1388 2117 praesentit
1418 2030 1694 2094 odorem

115 2141 591 2206 Romulidarum
623 2144 793 2207 arcis
824 2153 1162 2219 servator,
1187 2144 1516 2208 candidus
1548 2166 1745 2208 anser
1765 2192 1780 2207 .

119 2257 198 2319 sic
226 2258 360 2321 aliis
391 2258 560 2322 alius
589 2256 785 2321 nidor
817 2257 1015 2322 datus
1046 2258 1134 2322 ad
1164 2281 1285 2322 sua
1315 2280 1645 2344 quemque

57 2386 84 2429 ³5
117 2371 338 2455 pabula
367 2371 555 2437 ducit
584 2382 652 2437 et
680 2394 719 2436 a
749 2378 924 2435 tetro
956 2373 1207 2436 resilire
1236 2394 1496 2437 veneno

121 2488 307 2572 cogit,
333 2509 548 2573 eoque
578 2486 781 2552 modo
812 2495 1166 2551 servantur
1196 2489 1414 2552 saecla
1441 2487 1730 2552 ferarum
1748 2538 1761 2551 .

184 2601 303 2665 Hic
330 2602 502 2666 odor
526 2604 671 2688 ipse
699 2602 898 2686 igitur
916 2650 931 2677 ‚
956 2601 1132 2665 naris
1165 2603 1277 2687 qui
1307 2624 1589 2688 cumque
1618 2602 1916 2677 lacessit,

121 2722 209 2777 est
235 2716 353 2780 alio
384 2724 462 2780 ut
490 2716 708 2802 possit
735 2716 1027 2800 permitti
1057 2717 1318 2801 longius
1349 2717 1549 2781 alter:

121 2827 226 2891 sed
251 2837 466 2894 tamen
494 2829 680 2892 haud
710 2830 1056 2915 quisquam
1087 2840 1223 2894 tam
1250 2832 1450 2916 longe
1479 2831 1693 2895 fertur
1724 2852 1952 2894 eorum

57 2955 88 3002 ιο
124 2963 295 3026 quam
324 2945 585 3008 sonitus
605 2993 619 3020 ,
643 2966 840 3029 quam
870 2965 1038 3017 vox,
1061 2946 1250 3009 mitto
1282 2947 1410 3009 iam
1443 2945 1668 3009 dicere
1700 2967 1898 3030 quam
1926 2966 2034 3009 res

122 3077 268 3140 quae
292 3058 539 3122 feriunt
569 3058 912 3121 oculorum
941 3057 1114 3120 acies
1144 3060 1494 3144 visumque
1524 3061 1890 3124 lacessunt.

113 3172 509 3236 ‘errabundus
543 3173 713 3235 enim
740 3170 935 3235 tarde
965 3172 1148 3236 venit
1166 3222 1180 3248 ‚
1204 3192 1282 3237 ac
1310 3175 1489 3260 perit
1518 3183 1673 3241 ante

124 3286 408 3368 paulatim
434 3286 649 3350 facilis
680 3285 1040 3350 distractus
1068 3286 1135 3348 in
1167 3288 1338 3351 aeris
1369 3309 1599 3364 auras3

128 3419 199 3461 ex
223 3401 342 3465 alto
374 3403 657 3490 primum
687 3404 842 3486 quia
871 3402 984 3465 vix
1016 3401 1330 3465 emittitur
1363 3423 1447 3465 ex
1474 3424 1581 3465 re:

57 3523 91 3570 ³5
125 3533 254 3576 nam
276 3517 540 3603 penitus
569 3517 775 3579 fluere
805 3525 1007 3600 atque
1036 3515 1354 3579 recedere
1382 3518 1584 3581 rebus
1616 3516 1862 3581 odores

128 3626 422 3712 significat
449 3630 636 3714 quod
666 3631 880 3695 fracta
904 3631 1115 3715 magis
1144 3629 1453 3694 re'dolere
1484 3629 1796 3694 videntur

131 3744 563 3830 omnia-‚quod
593 3746 883 3809 contrita
901 3792 915 3820 ‚
940 3743 1125 3829 quod
1154 3745 1289 3830 igni
1320 3744 1814 3810 conlabefacta:

133 3853 345 3921 deinde
371 3859 600 3923 videre
628 3859 785 3923 licet
811 3859 1171 3923 maioribus
1203 3880 1351 3923 esse
1383 3868 1676 3924 creatum

130 3970 435 4060 principiis
466 3995 665 4060 quam
694 3997 830 4038 vox
850 4022 865 4048 ,
891 3973 1205 4058 quoniam
1235 3996 1355 4059 per
1386 3996 1593 4039 saxea
1620 3981 1856 4058 saepta

141 4250 225 4299 668
254 4249 335 4304 Fit
380 4254 399 4323 Η
453 4261 548 4307 677
588 4255 720 4308 alius
759 4265 812 4308 et
867 4256 885 4325 ΙΙ
940 4262 1037 4308 680
1076 4253 1393 4324 Volturiquc
1445 4256 1463 4322 ΙΙ
1512 4263 1605 4309 681
1647 4255 1906 4326 promissa
1947 4259 1965 4325 ΙΙ
2004 4264 2100 4308 682
2140 4255 2298 4307 Ducit
2336 4255 2355 4322 Η

144 4333 228 4381 696
259 4334 493 4391 redolore
531 4339 550 4409 ΙΙ
589 4345 688 4391 698
727 4348 982 4392 creatam.
2425 4337 2440 4350 '
