2840 5008
1189 367 1288 432 IV
2201 365 2339 432 263

233 543 408 607 936.
444 564 501 605 A
523 531 614 606 ur
664 565 704 605 G
721 562 762 603 A
779 565 815 603 1.
830 564 865 603 1.
884 565 923 604 o
946 588 959 602 .
1007 541 1370 604 Corrector
1394 539 1708 624 quadrati
1740 547 1808 603 et
1831 539 2166 603 Antonius
2189 539 2342 603 Flo-

51 642 406 707 rentinus
467 663 511 703 o
529 663 569 703 A
586 662 623 701 L
639 661 677 702 L
695 662 734 703 o
762 687 775 701 .

232 737 402 803 944.
460 761 599 801 Fu:
645 760 778 800 url
825 757 1025 798 PARs
1071 758 1270 799 mni:
1316 757 1574 799 AN1MA
1615 736 2088 799 EL1c1Arun
2111 783 2124 797 .
2170 735 2342 798 Rec-

54 838 343 903 tissime
379 836 597 911 libri,
640 836 798 899 item
829 834 1161 898 Antonius
1192 834 1429 908 Marii,
1452 836 1536 923 fit
1562 833 1649 898 uti
1669 882 1686 913 ,
1719 832 1805 897 de
1837 853 1971 917 quo
2006 831 2221 895 dicam
2255 832 2344 895 ad

53 937 328 1001 librum
365 956 476 1008 v1,
507 933 699 997 1007:
728 932 1039 1017 impressi
1066 934 1242 996 sicuti
1269 932 1380 997 vel
1405 935 1493 997 sic
1520 945 1616 997 ut.
1662 954 1800 995 Am
1818 955 1863 994 Μ
1880 952 1923 993 A
1940 954 1963 993 1
1997 935 2342 994 corrector

61 1032 421 1118 quadrati
459 1037 537 1094 et
568 1030 809 1094 ceteri.
840 1030 964 1094 sed
995 1038 1349 1116 praeterea
1379 1030 1809 1096 scribendum
1841 1036 1944 1093 est
1975 1050 2122 1093 cum
2145 1027 2340 1090 Lam-

60 1132 231 1195 bino
277 1129 346 1194 E
368 1153 396 1193 1
414 1152 457 1194 c
483 1151 624 1192 IAT
641 1152 738 1192 UR
761 1177 774 1203 ‚
821 1135 897 1192 ut
927 1128 1045 1192 917
1061 1129 1248 1215 foras
1292 1131 1474 1193 eiecta
1497 1178 1514 1209 ,
1557 1128 1678 1192 923
1711 1127 2110 1212 Eiectamque
2119 1125 2308 1212 foras
2323 1173 2340 1202 ,

64 1229 195 1293 960
208 1228 430 1314 foras
467 1229 689 1291 eiectus
708 1276 721 1291 .

241 1325 409 1390 952.
465 1346 1042 1401 POPLITESQUE
1103 1346 1465 1388 cunANffl
1512 1322 1776 1386 SAEPE
1823 1344 2095 1386 TAMEN
2149 1342 2340 1384 sum-

69 1445 600 1488 mxrrun'run
660 1444 1049 1496 vuusquss
1108 1445 1589 1487 RESOLVUNT
1614 1470 1628 1485 .
1690 1422 2060 1507 Poplitisque
2104 1423 2342 1483 cavanti

68 1523 263 1606 apud
298 1521 370 1585 N
377 1522 717 1604 oniump.
737 1520 877 1594 218,
897 1520 972 1583 21
1004 1569 1016 1582 .
1058 1522 1482 1585 submittuntur
1513 1521 1843 1604 oblongus
1869 1567 1883 1582 .
1926 1518 2039 1582 hic
2066 1518 2341 1582 Isaacus

75 1620 389 1686 Vossius
438 1621 711 1706 insigne
756 1616 1225 1704 perversitatis
1269 1640 1431 1683 suae
1456 1667 1470 1694 ,
1517 1619 1641 1682 sed
1663 1616 2082 1680 Wakefieldo
2120 1616 2341 1680 iudice

72 1718 373 1782 eximiae
427 1718 835 1803 sagacitatis
858 1767 876 1797 ,
921 1718 1261 1802 specimen
1293 1717 1543 1792 edidit,
1593 1740 1740 1781 cum
1782 1716 2139 1802 legendum
2173 1715 2344 1779 dixit

79 1817 283 1901 Saepe
316 1828 507 1880 tama
536 1817 1014 1890 summittuntur.
1047 1826 1212 1878 tama
1242 1816 1414 1878 enim
1445 1816 1665 1878 dicitur
1695 1814 1904 1899 (Festi
1929 1816 2136 1879 verba
2159 1815 2340 1897 sunt)

77 1937 217 1977 cam
248 1916 483 1990 labore
513 1915 651 1978 viae
677 1915 926 1998 sanquis
955 1914 1021 1976 in
1051 1937 1238 1977 crura
1268 1915 1571 1977 descendit
1598 1926 1653 1976 et
1679 1924 1972 1979 tumorem
1983 1913 2182 1999 facit,
2224 1934 2340 1976 ne-

83 2033 215 2096 que
253 2013 581 2097 intellegi
621 2018 853 2096 potest
884 2034 1003 2076 cur
1034 2018 1315 2096 propter
1348 2019 1595 2075 tamam
1625 2011 1864 2095 aliquis
1883 2012 2144 2096 poplites
2174 2034 2336 2073 sum-

79 2111 282 2174 mittat
302 2159 318 2173 .
370 2131 542 2174 nam
585 2110 882 2194 poplites
926 2109 1247 2173 summitti
1280 2131 1418 2171 non
1448 2114 1738 2193 possunt
1766 2109 1893 2171 nisi
1922 2107 2096 2170 flexo
2128 2128 2336 2192 genu,

86 2228 297 2294 supra
326 2208 521 2274 libro
556 2231 598 2282 1,
618 2206 696 2271 92
728 2219 956 2271 terram
980 2208 1233 2292 yenibus
1259 2208 1577 2270 summissa
1594 2207 1865 2292 petebat.
1894 2204 2180 2268 Ovidius
2202 2226 2339 2268 me-

83 2312 236 2369 tam.
258 2329 353 2381 w,
373 2306 510 2370 340
521 2306 884 2394 flexumque
908 2330 1070 2391 qemi
1097 2307 1422 2385 summisit,
1446 2306 1555 2369 vel
1584 2307 1811 2390 potius
1822 2304 2118 2393 flexuque
2135 2329 2157 2366 .·
2185 2323 2337 2365 nam

91 2401 242 2467 libri
271 2411 565 2470 veteres
597 2403 853 2467 habent
874 2405 1202 2492 flexoque.
1247 2403 1426 2466 idem
1468 2404 1537 2467 in
1566 2426 1683 2478 vu,
1711 2404 1821 2467 191
1866 2405 1933 2465 in
1975 2403 2137 2465 dura
2175 2424 2337 2464 sum-

89 2501 266 2566 misso
285 2506 539 2588 poplite
570 2489 735 2565 terra
768 2552 780 2564 .
827 2523 987 2586 ergo
1021 2503 1347 2566 cubantes
1378 2515 1576 2567 tamen
1619 2501 1768 2586 (hic
1799 2500 1887 2565 ad
1914 2522 2184 2565 versum
2215 2499 2339 2564 988

94 2607 159 2661 et
181 2599 301 2664 991
330 2601 649 2685 respice:
673 2599 931 2664 frustra
949 2600 1273 2664 Marullus
1296 2597 1502 2685 etiam)
1526 2622 1730 2685 saepe
1754 2620 2097 2663 movemus
2119 2619 2338 2683 genua

95 2704 160 2760 et
204 2720 415 2763 crura
463 2700 940 2763 summittimus
959 2745 974 2774 ‚
1022 2721 1156 2783 quo
1199 2700 1351 2784 ipso
1398 2700 1576 2764 vires
1618 2700 1829 2784 magis
1874 2697 2335 2762 resolvuntur.

96 2793 262 2860 haec
292 2799 470 2861 satis
506 2804 750 2882 aperta
777 2804 935 2861 sunt
952 2845 967 2872 ‚
993 2818 1118 2861 nec
1139 2797 1491 2883 Forbigeri
1511 2798 1687 2862 ratio
1711 2796 2029 2862 habenda
2060 2803 2164 2860 est
2183 2845 2197 2871 ‚
2221 2796 2331 2880 qui
2388 2790 2395 2795 ’

98 2894 373 2959 cubanti
425 2896 730 2980 poplites
773 2898 990 2961 cadere
1038 2896 1355 2981 opinatur
1396 2904 1466 2960 et
1513 2905 1741 2962 cetera
1787 2897 2014 2982 (Saepe
2041 2934 2124 2944 —-
2147 2896 2333 2960 resol-

98 2992 270 3075 vunt)
300 2991 790 3077 interpolatori
823 2994 1151 3058 adscribit
1170 3041 1183 3057 .

132 3074 149 3099 ’
262 3090 408 3155 959.
436 3084 587 3155 Fri*
619 3114 979 3156 RA'rlONE
1013 3116 1275 3157 ΕΑΒ-ΕΜ
1309 3116 1460 3157 con
1484 3115 1770 3156 morus
1802 3115 2050 3156 PARTE
2082 3114 2336 3156 ANIMA

103 3186 452 3265 Annon,
488 3212 757 3265 Arous
801 3212 1058 3255 ronAs
1089 3214 1426 3255 macrus
1469 3213 1824 3253 LARGIOR
1861 3212 2046 3253 Eius
2070 3190 2175 3254 ΕΤ
2206 3213 2336 3253 Dl-

100 3305 381 3351 V1sion
412 3310 668 3351 mrsu
700 3311 786 3351 si:
818 3310 915 3351 Ao
947 3310 1513 3351 nisrRAc‘rxon
1543 3309 1826 3350 1NTus,
1858 3287 1991 3351 Hic
2017 3309 2171 3351 cum
2194 3287 2330 3351 duo

103 3385 400 3448 membra
432 3387 605 3460 sint,
639 3386 769 3449 tria
799 3406 948 3449 esse
981 3384 1229 3449 debere
1260 3386 1691 3470 perspicuum
1725 3393 1866 3449 est.
1912 3386 2194 3471 primum
2230 3394 2335 3450 est

102 3476 221 3542 918
261 3484 349 3544 vis
394 3485 643 3547 animae
687 3505 834 3547 cum
865 3484 1100 3568 partim
1132 3495 1414 3547 contrusa
1445 3485 1640 3568 mayis
1683 3487 1967 3549 concessit
2003 3486 2070 3547 in
2110 3486 2300 3548 altum
2318 3533 2332 3560 ‚

108 3574 244 3640 sive
285 3600 440 3643 cum
481 3583 811 3646 introrsum
829 3606 989 3667 pars
1024 3582 1228 3645 abdita
1276 3584 1434 3646 cedit
1459 3582 1618 3645 945.
1665 3582 1735 3645 in
1776 3582 1989 3645 altero
2033 3583 2330 3646 membro

110 3679 209 3735 est
235 3676 345 3740 ille
359 3679 554 3763 foras
583 3682 833 3760 eiectus,
867 3681 978 3764 qui
1013 3689 1159 3759 erat
1193 3702 1392 3743 versu
1422 3680 1541 3744 917
1574 3679 1695 3743 923
1727 3680 1880 3742 944.
1927 3679 2197 3742 tertium
2229 3687 2333 3742 est

111 3770 207 3833 ubi
234 3786 320 3839 'est
345 3778 638 3842 distracta
655 3802 776 3864 per
806 3789 977 3842 artus
1003 3780 1089 3841 vis
1119 3779 1359 3841 animae
1390 3777 1512 3840 916
1530 3825 1545 3852 ‚
1579 3799 1751 3862 quae
1775 3776 2021 3841 dicitur
2043 3776 2165 3841 946
2175 3801 2333 3862 pars

112 3866 393 3937 distracta
412 3900 534 3960 per
565 3888 733 3940 artus
750 3926 767 3955 ,
811 3898 984 3960 quae
1015 3899 1135 3940 non
1164 3887 1344 3963 queat
1372 3900 1492 3939 esse
1524 3878 1845 3940 coniuncta
1865 3878 2020 3939 inter
2048 3900 2110 3939 se
2139 3898 2331 3962 neque

113 3977 267 4029 motu
293 3984 508 4037 mutua
518 3974 710 4061 funyi
736 4024 747 4037 .
795 3976 1024 4060 itaque
1054 3974 1122 4037 in
1151 3974 1365 4058 primo
1399 3976 1697 4039 membro
1729 3973 1838 4037 hic
1869 3995 2138 4058 quoque
2169 3974 2331 4037 scri-

112 4059 397 4131 bendum
432 4078 537 4133 est
566 4073 861 4137 coniectus
892 4095 986 4135 ΡΛ
1006 4096 1200 4135 η’[ιΜ
1233 4074 1469 4135 animai
1491 4074 1710 4143 Altior,
1743 4080 1816 4135 ut
1846 4093 2045 4136 versu
2077 4072 2232 4135 918:
2262 4072 2329 4135 in

118 4161 307 4226 tertio
329 4187 467 4230 non
488 4177 719 4253 potest
747 4172 963 4234 eiectus
994 4192 1170 4245 esse,
1197 4170 1318 4233 sed
1342 4172 1593 4235 divisior
1614 4172 1770 4233 inter
1797 4195 1858 4233 se
1889 4194 1961 4234 ao
1991 4170 2331 4232 distractior

121 4274 313 4324 Acro
332 4284 397 4326 s.
428 4265 561 4331 hoc
594 4269 764 4331 enim
796 4270 1146 4352 proprium
1178 4289 1327 4332 esse
1356 4269 1425 4331 in
1456 4268 1585 4332 hac
1616 4290 1690 4332 re
1720 4268 2115 4332 vocabulum
2150 4287 2232 4328 ex
2254 4264 2329 4326 li-

127 4350 243 4417 bro
274 4380 350 4423 111
384 4374 703 4450 apparet,
752 4369 865 4433 ubi
912 4375 1014 4431 est
1069 4366 1179 4430 192
1227 4368 1309 4430 At
1352 4378 1565 4431 contra
1610 4368 1804 4431 mellis
1847 4366 2207 4431 constantior
2252 4374 2335 4425 est
