2840 5008
449 396 591 464 208
1512 397 1606 464 111

443 572 578 635 hoc
619 576 723 633 est
766 571 878 654 qui
917 569 1120 633 modo
1165 577 1347 635 stare
1388 570 1753 637 videbatur
1793 570 2001 652 (Stat.
2034 571 2166 635 Th.
2200 594 2262 647 v,
2283 572 2367 636 86
2392 621 2408 647 ‚
2451 571 2691 636 Horat.

446 693 500 736 c.
525 695 624 747 111,
641 670 742 746 28,
760 671 833 755 5)
874 670 1150 735 inclinat
1183 692 1264 735 ac
1294 672 1522 736 deficit
1544 719 1559 745 ,
1607 679 1674 734 et
1702 678 1958 735 remeat
1980 720 1996 746 ‚
2039 692 2192 734 cum
2223 679 2391 756 post
2420 678 2693 734 noctem

444 769 654 835 redit!
701 791 781 834 ac
820 791 905 834 ne
946 770 1016 832 in
1053 769 1392 853 Sulpiciae
1437 769 1713 854 quidem
1754 769 1965 832 satira
2002 767 2083 832 23
2121 770 2344 833 virtus
2382 769 2694 832 Romana

445 868 608 932 satis
652 874 810 953 apte
854 869 1070 931 exiisse
1113 867 1358 931 dicitur
1397 867 1466 930 in
1508 889 1689 932 mare
1731 867 2027 932 Siculum
2069 874 2138 931 et
2169 866 2691 953 Carthaginem,

445 967 570 1030 sed
613 969 879 1031 Romam
927 967 1142 1050 ipsam
1190 968 1379 1029 virtus
1428 968 1658 1051 ayitata
1705 968 1870 1030 domi
1910 978 1967 1030 et
2003 967 2331 1030 socialibus
2376 968 2577 1030 armis
2613 967 2695 1030 In

429 1068 606 1154 freta
636 1066 927 1129 Sicaniae
962 1077 1020 1128 et
1050 1065 1454 1150 Carthayinis*
1483 1067 1665 1129 exciit
1705 1089 1876 1129 arces
1898 1113 1913 1140 ,
1961 1065 2293 1150 Cet-eraque
2333 1067 2606 1150 imperia
2638 1077 2697 1129 et

444 1176 627 1230 totum
667 1165 856 1228 simul
894 1164 1138 1227 abstulit
1175 1165 1380 1227 orbem
1410 1211 1425 1225 .
1471 1163 1605 1227 hoc
1649 1171 1875 1227 tamen
1914 1163 2110 1227 facile
2151 1163 2461 1227 concedo
2490 1212 2507 1238 ,
2551 1174 2692 1226 tam

443 1264 677 1326 miram
720 1261 1110 1347 prosodiam
1133 1309 1148 1337 ‚
1195 1261 1382 1324 cuius
1429 1262 1759 1325 rationem
1801 1283 1940 1324 non
1981 1261 2495 1347 intellegerent,
2546 1263 2691 1346 qui-

443 1360 732 1426 busdam
760 1381 899 1423 non
927 1359 1126 1424 valde
1154 1360 1490 1447 placuisse
1515 1408 1528 1423 .
1570 1382 1721 1424 nam
1763 1381 1936 1445 quae
1967 1368 2250 1445 quartae
2283 1359 2692 1425 declinatio-

444 1460 549 1523 nis
591 1465 749 1522 sunt
782 1459 1208 1533 breviantur,
1238 1465 1316 1521 ut
1346 1460 1560 1522 ambiit
1585 1460 1783 1523 audiit
1808 1461 1978 1523 leniit
2002 1460 2254 1522 emuniit
2278 1461 2494 1538 acciit,
2526 1459 2693 1523 item

444 1557 735 1644 quaesiit,
778 1556 904 1618 nisi
938 1557 1054 1620 ubi
1081 1556 1445 1640 productio
1479 1557 1983 1621 excusationem·
2012 1556 2222 1621 habet
2244 1605 2259 1631 ,
2302 1557 2497 1621 velut
2528 1566 2693 1622 ante

445 1652 845 1719 vocabulum
878 1652 1208 1718 Graecum
1250 1662 1369 1719 aut
1397 1656 1463 1718 in
1495 1655 2001 1740 penthemimeri
2031 1664 2356 1741 sequente
2387 1669 2446 1721 et
2472 1678 2691 1742 copu-

443 1754 652 1817 lativo
676 1798 692 1826 ‚
735 1760 812 1814 ut
850 1751 920 1813 in
950 1749 1205 1815 Valerii
1247 1752 1474 1816 Flacci
1517 1776 1659 1829 vm,
1683 1752 1807 1817 259
1849 1755 2102 1839 ivfflediit
2141 1753 2534 1842 Hymenaeo-s*
2557 1805 2574 1835 ,
2619 1757 2691 1818 in

446 1849 669 1915 Ovidii
712 1856 972 1914 metam.
1004 1873 1121 1927 XII,
1141 1850 1262 1914 392
1292 1853 1548 1937 inpediit
1576 1864 1633 1915 et
1655 1853 1869 1916 inani:
1909 1854 2012 1915 siit
2044 1852 2114 1915 in
2143 1853 2447 1918 Terentii
2474 1854 2693 1918 Adel-

443 1950 599 2036 phis
649 1972 693 2024 1,
722 1947 780 2023 2,
811 1947 891 2012 24
936 1969 1306 2034 agnoscere
1349 1948 1623 2013 videtur
1664 1949 2029 2014 Diomedes
2073 1972 2138 2034 p.
2169 1951 2286 2015 371
2324 2000 2339 2026 ,
2390 1953 2576 2016 desiit
2620 1954 2694 2016 in

443 2070 646 2113 versu
666 2068 804 2111 non
833 2048 1056 2111 inveni
1073 2095 1089 2123 ‚
1120 2047 1245 2111 sed
1273 2047 1590 2112 dixerunt
1618 2049 1773 2111 desit
1793 2048 2106 2112 Manilius
2128 2071 2190 2123 v,
2209 2049 2331 2113 563
2350 2098 2365 2124 ,
2397 2050 2689 2114 Martia-

443 2148 526 2212 lis
571 2145 760 2221 v1‚26
802 2146 1017 2221 v11‚39
1058 2146 1220 2222 21,ssss
1241 2146 1323 2210 90
1365 2169 1456 2221 xl,
1475 2146 1593 2210 25.
1634 2147 1864 2231 itaque
1911 2147 2100 2235 multi
2146 2155 2304 2211 sunt
2351 2149 2468 2234 qui
2502 2152 2695 2234 petiit

441 2257 802 2331 'numquam
843 2245 1137 2309 dixerint
1159 2292 1174 2318 ,
1214 2264 1353 2307 non
1393 2244 1557 2308 nulli
1596 2252 1818 2308 autem
1846 2250 1932 2308 ne
1959 2246 2142 2308 subi-it
2168 2245 2475 2330 quidem3
2517 2270 2688 2331 pars

444 2353 562 2409 aut
592 2352 948 2428 utrumque
978 2364 1190 2428 genus
1208 2390 1224 2417 ,
1257 2350 1373 2405 aut
1404 2364 1485 2406 ea
1513 2349 1777 2407 tantum
1808 2364 1978 2428 quae
2010 2343 2212 2407 eundi
2247 2344 2688 2430 significatio-

443 2465 593 2509 nem
621 2442 879 2508 habent
902 2490 917 2518 ,
957 2462 1097 2504 non
1124 2441 1249 2503 nisi
1280 2447 1438 2504 ante
1470 2449 1924 2506 consonantes
1947 2488 1963 2517 ‚
2005 2451 2082 2506 ut
2108 2441 2468 2507 Lucretius
2491 2491 2507 2518 ‚
2556 2442 2688 2508 Ca-

442 2543 676 2616 tulluS,
691 2540 1029 2619 Tibullus,
1046 2538 1348 2616 Gratius,
1371 2539 1836 2616 GermanicuS,
1857 2540 2083 2605 Silius.
2101 2540 2238 2616 alii,
2257 2542 2374 2626 qui
2389 2542 2498 2606 his
2519 2551 2686 2606 ante

442 2641 713 2705 vocales
732 2640 833 2702 usi
854 2647 1012 2703 sunt
1025 2687 1040 2714 ,
1059 2639 1155 2703 ita
1175 2661 1443 2724 semper
1459 2647 1833 2725 posuerunt
1849 2648 1927 2703 ut
1947 2640 2214 2724 possint
2235 2641 2568 2725 imperitis
2586 2643 2686 2704 vi-

444 2739 591 2803 deri
607 2744 893 2822 propter
913 2758 1259 2801 caesuram
1279 2738 1621 2822 producta
1645 2759 1826 2801 esse:
1852 2738 1949 2801 sic
1964 2739 2138 2822 petiit
2154 2737 2492 2825 Vergilius
2508 2741 2682 2802 Aen.

441 2860 504 2916 x,
523 2835 637 2910 67,
677 2835 1076 2919 Propertius
1110 2859 1149 2911 1,
1174 2836 1267 2912 10,
1285 2836 1401 2911 23,
1449 2835 1780 2899 Martialis
1810 2859 1873 2910 x,
1891 2836 2006 2910 60,
2047 2836 2142 2899 sic
2176 2844 2406 2900 cetera
2437 2835 2684 2922 Vergi-

439 2937 567 3000 lius
587 2985 603 3011 ‚
644 2934 971 2998 Horatius
990 2984 1004 3011 ‚
1034 2934 1308 2999 Persius
1328 2984 1342 3009 ‚
1372 2935 1685 2999 Valerius
1715 2935 1999 2999 Flaccus
2017 2982 2033 3010 ‚
2066 2936 2328 2999 Statius
2346 2982 2363 3011 ‚
2391 2935 2681 3000 Martia-

440 3036 520 3100 lis
544 3085 559 3111 ,
601 3034 936 3098 Iuvenalis
969 3084 982 3097 .
1026 3056 1246 3119 neque
1277 3034 1560 3098 Plautus
1605 3043 1724 3098 aut
1753 3035 2115 3098 Terentius
2144 3035 2240 3098 ita
2268 3036 2338 3098 in
2364 3036 2684 3099 versibus

441 3133 861 3197 collocarunt
882 3141 959 3196 ut
980 3133 1252 3197 ultimae
1276 3134 1579 3220 syllabae
1605 3134 1949 3218 quantitas
1975 3140 2163 3196 certo
2187 3133 2486 3219 intellegi
2517 3155 2681 3219 pos-

440 3231 528 3293 sit
543 3279 561 3309 ,
592 3230 717 3293 sed
737 3231 874 3295 hoc
897 3232 1100 3296 modo
1121 3280 1136 3306 ,
1170 3234 1340 3298 Dum
1364 3234 1514 3297 haec
1544 3234 1826 3319 loquitur,
1858 3232 2007 3295 abiit
2031 3232 2186 3296 hora
2201 3281 2218 3311 ,
2247 3232 2318 3294 in
2339 3231 2680 3295 Eunucho

438 3352 507 3404 11,
527 3329 583 3403 3,
603 3328 717 3402 50,
749 3337 867 3392 aut
890 3330 1070 3393 Satin
1100 3332 1252 3395 abiit
1275 3332 1423 3396 ille?
1452 3332 1521 3393 in
1542 3331 1760 3395 Milite
1791 3353 1862 3406 11,
1882 3330 1939 3406 6,
1962 3332 2030 3407 1;
2061 3331 2189 3393 nisi
2220 3330 2409 3415 quod
2439 3331 2507 3392 in
2532 3330 2681 3393 Cis-

436 3426 698 3492 tellaria
727 3448 815 3500 1v,
834 3425 892 3501 2,
910 3425 991 3490 35
1022 3448 1259 3490 versus
1287 3426 1708 3492 Bacchiacus
1751 3429 2001 3513 optime
2044 3428 2140 3491 sic
2178 3427 2435 3492 incedit
2456 3476 2473 3503 ,
2521 3430 2681 3492 Con-

435 3527 798 3613 tdmplabor.
831 3526 973 3589 hinc
993 3525 1111 3589 hacc
1132 3526 1204 3589 iit
1224 3575 1237 3588 .
1268 3527 1407 3591 hinc
1428 3550 1732 3613 nusquam
1757 3528 1941 3591 cibi-it.
1973 3535 2233 3590 tantum
2266 3527 2352 3591 de
2383 3527 2491 3591 his
2518 3549 2681 3611 per·
2757 3539 2762 3540 ’

435 3625 765 3690 sectorum
803 3624 1034 3689 formis
1054 3673 1069 3701 ‚
1099 3626 1170 3688 in
1201 3628 1443 3712 quibus
1472 3628 1495 3689 i
1539 3626 1795 3711 duplex
1832 3632 1970 3701 est,
2003 3626 2175 3701 dixi,
2207 3633 2285 3690 ut
2313 3634 2685 3711 appareret

438 3746 570 3807 qua
612 3724 1008 3789 condicione
1052 3725 1158 3790 his
1204 3725 1448 3812 singuli
1485 3726 1588 3789 usi
1637 3735 1866 3789 essent
1888 3776 1901 3789 .
1940 3726 2007 3788 in
2036 3724 2269 3789 formis
2302 3726 2687 3789 contractis

434 3821 684 3905 triplex
727 3829 832 3885 est
871 3830 1225 3905 poetarum
1268 3824 1730 3889 consuetudo:
1777 3815 1934 3887 Sunt
1981 3824 2154 3888 enim
2197 3824 2311 3908 qui
2350 3823 2481 3887 has
2524 3832 2685 3887 tan·

438 3926 578 3982 tum
619 3920 824 3984 modo
869 3929 1026 3985 ante
1072 3930 1529 3987 consonantes
1559 3922 1671 3986 vel
1710 3923 1778 3984 in
1820 3922 2003 3985 exitu
2031 3943 2349 3986 versuum
2381 3928 2685 4006 ponant,

432 4017 790 4081 Phaedrus
815 4066 829 4089 ,
873 4018 1132 4085 Seneca
1154 4071 1169 4097 ,
1212 4022 1414 4086 Silius
1437 4071 1452 4097 ,
1501 4043 1649 4085 cum
1693 4021 1999 4106 plerique
2038 4042 2149 4085 eas
2186 4042 2326 4083 non
2356 4019 2489 4082 nisi
2517 4024 2686 4080 ante

432 4116 705 4181 vocales
758 4114 1119 4181 admittant
1149 4166 1165 4193 ,
1211 4121 1447 4184 comici
1492 4127 1716 4183 autem
1761 4127 2031 4184 veteres
2081 4127 2374 4202 utroque
2424 4114 2641 4179 modo
2669 4161 2682 4175 .

428 4213 788 4278 Phaedrus
819 4214 883 4277 in
914 4213 1047 4277 fine
1074 4237 1387 4281 versuum
1404 4220 1765 4303 proximam
1790 4220 2002 4282 villam
2016 4219 2201 4303 petit,
2230 4240 2332 4280 vos
2361 4216 2530 4301 quod
2553 4238 2674 4276 ra-

415 4316 638 4397 puistis
671 4315 840 4399 perit
857 4361 875 4391 ,
916 4324 1209 4376 secretum
1240 4317 1431 4399 petit,
1477 4338 1546 4388 11,
1566 4315 1623 4393 8,
1644 4316 1681 4378 3
1713 4339 1800 4388 lv,
1819 4314 1919 4391 22,
1938 4316 2017 4378 27
2042 4314 2198 4389 25‚6
2223 4363 2235 4377 .
2270 4314 2367 4377 sic
2400 4312 2676 4377 Seneca

430 4409 625 4472 Herc.
665 4409 709 4472 f.
739 4409 863 4473 826
906 4409 1158 4474 Phoen.
1185 4411 1308 4475 210
1349 4412 1553 4497 Hipp.
1577 4413 1700 4476 728
1744 4413 1912 4477 Oed.
1938 4414 2061 4478 803
2105 4413 2263 4477 Tr0.
2290 4408 2678 4475 50348460
