2840 5008
510 388 652 457 220
1586 386 1691 456 VI

510 585 708 649 quam
739 584 885 628 cum
917 561 1217 639 discidit,
1240 563 1394 627 hinc
1426 563 1881 649 prorumpitur
1909 563 1977 626 in
2007 581 2190 628 mare
2220 560 2416 629 venti

503 679 606 742 vis
639 686 705 743 et
732 677 1062 743 fervorem
1093 680 1324 743 mirum
1355 679 1714 742 concinnat
1739 679 1808 741 in
1838 677 2065 742 undis:

504 793 977 858 versabundus
1009 794 1177 857 enim
1208 795 1407 859 turbo
1442 792 1803 858 descendit·
1826 803 1892 858 et
1918 794 2096 857 illam

509 908 781 973 deducit
807 910 1058 995 pariter
1087 910 1266 973 lento
1300 931 1450 973 cum
1481 930 1767 994 corpore
1795 909 2066 985 nubem3
2121 906 2131 914 ’

363 1042 459 1088 440
505 1036 701 1111 quam
733 1025 925 1089 simul
954 1046 1032 1087 ac
1061 1024 1406 1110 gravidam
1437 1023 1728 1088 detrusit
1757 1023 1846 1087 ad
1875 1045 2175 1110 aequora
2205 1025 2430 1108 ponti,

503 1141 612 1204 ille
638 1141 707 1203 in
738 1162 978 1225 aquam
1007 1140 1227 1205 s'ubito
1257 1147 1473 1203 totum
1502 1160 1576 1202 se
1605 1140 1877 1204 inmittit
1905 1148 1973 1203 et
2002 1160 2196 1202 omne

508 1257 755 1320 excitat
779 1256 1034 1342 ingenti
1063 1256 1285 1318 sonitu
1313 1275 1493 1318 mare
1523 1253 1785 1318 fervere
1816 1266 2091 1339 cogenS.

504 1371 580 1434 fit
611 1392 882 1456 quoque
911 1380 988 1435 ut
1013 1370 1311 1435 involvat
1338 1370 1523 1434 venti
1555 1391 1627 1434 se
1657 1371 1943 1433 nubibus
1972 1370 2134 1462 ipse.

505 1495 743 1549 vertex
762 1535 777 1561 ‚
801 1484 1176 1550 conradens
1210 1506 1293 1548 ex
1322 1490 1475 1549 aere
1504 1484 1756 1548 semina
1783 1484 2009 1559 nubiS‚

362 1579 458 1663 445
506 1609 574 1666 et
603 1601 795 1686 quasi
823 1600 1178 1665 demissum
1208 1601 1391 1664 caelo
1422 1606 1728 1686 prestera
1753 1599 2073 1663 imitetur:

478 1696 616 1779 'hic
643 1717 757 1781 ubi
788 1737 860 1780 se
888 1717 957 1779 in
984 1724 1201 1789 terras
1231 1714 1492 1779 demisit
1521 1714 1993 1799 dissoluitque‚

506 1831 788 1894 turbinis
817 1832 1144 1896 inmanem
1173 1832 1304 1895 vim
1334 1831 1671 1916 provomit
1700 1838 1902 1914 atque
1932 1828 2294 1914 procellae.

507 1945 630 2010 sed
659 1946 814 2030 quia
839 1945 915 2009 fit
941 1967 1094 2009 raro
1127 1945 1393 2009 omnino
1423 1946 1803 2031 montisque
1830 1950 2173 2008 necessest

507 2061 774 2126 officere
800 2062 870 2125 in
901 2061 1097 2125 terris
1116 2109 1131 2137 ‚
1153 2070 1438 2147 apparet
1467 2062 1763 2126 crebrius
1791 2059 1966 2125 idem

360 2194 458 2241 450
504 2184 870 2264 prospectu
897 2177 1096 2240 maris
1123 2177 1192 2240 in
1221 2198 1462 2262 magno
1495 2177 1814 2261 caeloque
1844 2174 2125 2262 patenti.

586 2291 831 2357 Nubila
860 2300 1302 2356 concrescunt
1319 2340 1334 2368 ‚
1356 2292 1469 2356 ubi
1501 2312 1788 2377 corpora
1816 2291 2023 2353 multa
2048 2292 2342 2357 volando

502 2408 635 2472 hoc
665 2427 911 2493 supero
941 2408 1009 2470 in
1040 2406 1204 2470 caeli
1233 2407 1451 2491 spatio
1484 2409 1702 2470 coi'ere
1731 2412 2007 2497 repente

502 2523 878 2608 asperiora,
898 2523 1102 2586 moris
1135 2543 1307 2607 quae
1335 2523 1601 2608 possint
1624 2520 2024 2607 indupedita

504 2638 757 2724 exiguis
788 2638 1208 2702 tameninter
1238 2659 1312 2701 se
1343 2658 1737 2723 comprensa
1765 2638 2007 2700 teneri.

359 2772 456 2817 455
500 2754 668 2817 haec
696 2753 950 2818 faciunt
976 2754 1257 2837 primum
1289 2774 1533 2837 parvas
1564 2754 1933 2817 consistere
1964 2751 2203 2815 nubes:

501 2867 658 2932 inde
686 2868 855 2932 haec
886 2866 1378 2954 comprendunt
1404 2868 1579 2932 inter
1608 2890 1680 2931 se
1711 2889 1974 2953 conque
2003 2874 2364 2952 gregantur

504 2993 574 3048 et
604 2981 1067 3069 coniungendo
1099 2990 1411 3047 crescunt
1439 2984 1790 3068 ventisque
1820 2983 2124 3046 feruntur

503 3120 720 3184 usque
750 3097 920 3163 adeo
952 3097 1171 3163 donec
1200 3105 1567 3184 tempestas
1598 3118 1799 3161 saeva
1831 3105 2161 3176 coortast.

500 3215 574 3281 fit
605 3235 872 3299 quoque
901 3214 998 3277 uti
1025 3213 1270 3277 montis
1300 3212 1521 3277 vicina
1550 3212 1890 3276 cacumina
1922 3213 2105 3276 caelo

359 3346 458 3394 460
505 3351 703 3415 quam
732 3328 866 3392 sint
896 3350 1164 3414 quoque
1190 3328 1399 3413 magis
1418 3375 1434 3403 ,
1457 3333 1647 3391 tanto
1677 3328 1886 3413 magis
1919 3327 2100 3392 edita
2126 3328 2381 3391 fu'ment

505 3441 786 3507 adsidue
812 3441 1049 3508 furvae
1078 3443 1273 3505 nubis
1304 3442 1581 3526 caligine
1611 3463 1838 3506 crassa

499 3566 864 3645 propterea
894 3557 1047 3642 quia
1065 3605 1080 3633 ‚
1104 3577 1253 3620 cum
1284 3557 1659 3643 consistunt
1685 3558 1913 3622 nubila
1939 3558 2219 3642 primum
2239 3606 2253 3631 ‚

501 3683 656 3739 ante
682 3672 917 3737 'videre
947 3671 1122 3738 oculi
1152 3693 1350 3757 quam
1377 3672 1645 3757 possint
1663 3720 1678 3748 ‚
1700 3672 1924 3735 tenvia
1941 3721 1957 3748 ‚
1981 3673 2164 3736 venti

499 3796 855 3875 portantes
885 3795 1137 3875 cogunt
1163 3785 1253 3850 ad
1281 3808 1536 3850 summa
1565 3787 1907 3850 cacumina
1933 3786 2210 3851 montis:

359 3921 456 3968 465
501 3904 611 3967 hic
643 3904 906 3967 demum
933 3902 1010 3967 fit
1035 3903 1133 3966 uti
1162 3903 1361 3967 turba
1387 3903 1635 3967 maiore
1666 3910 1901 3967 coorta

463 4254 465 4256 .
507 4225 609 4272 436
646 4224 800 4271 vent.
854 4218 874 4286 u
932 4213 1029 4270 440
1067 4216 1263 4270 detruit
1313 4218 1334 4286 u
1389 4226 1489 4272 444
1528 4220 1636 4294 apri
1689 4219 1710 4289 ΙΙ
1762 4226 1860 4272 447
1897 4218 2185 4289 procellat.
2238 4219 2260 4290 Η
2315 4222 2414 4269 449
2454 4205 2736 4273 officeretu

506 4308 607 4355 452
645 4316 807 4370 super
843 4300 864 4370 ΙΙ
901 4300 1047 4353 coire
1081 4301 1102 4370 ΙΙ
1142 4306 1238 4353 453
1277 4302 1450 4356 modis
1489 4303 1509 4371 ΙΙ
1557 4310 1656 4356 454
1695 4318 2003 4372 compressa
2056 4303 2075 4370 Η
2130 4295 2229 4353 456
2269 4317 2330 4353 ea
2382 4299 2403 4366 ΙΙ
2458 4305 2550 4352 461
2588 4294 2738 4349 fulvae

507 4385 678 4438 nubes
714 4384 734 4452 ΙΙ
773 4389 870 4436 465
908 4400 1078 4437 mmor
