2840 5008
1175 362 1243 430 V
2173 360 2312 430 329

100 551 163 608 et
179 542 402 607 Varro
422 540 757 616 Lucilius3
782 538 972 603 cuius
993 538 1166 601 haec
1189 542 1349 601 sunt
1362 541 1732 621 praecepta
1749 583 1764 610 ‚
1786 556 1979 621 porro
2000 535 2112 602 hoo
2129 537 2315 626 ,filin'

99 643 285 717 Luci,
322 640 573 704 Feceris
600 641 625 702 i
651 639 844 703 solum
859 686 877 718 ,
906 647 974 701 ut
1000 637 1241 701 Corneli
1278 636 1682 724 Cornificique
1696 683 1714 715 ,
1736 635 1895 698 item
1923 637 1949 698 i
1974 637 2027 698 si
2037 636 2198 723 saci’
2218 660 2315 702 so-

98 741 247 814 lnm,
277 738 524 823 Pupilli
537 785 555 817 ,
574 737 796 823 pueri,
826 736 1037 800 Lucili
1052 783 1069 814 ,
1099 735 1210 801 hoo
1236 735 1557 823 nnidfiet.
1588 753 1798 818 quare
1826 754 1964 796 non
1993 733 2316 800 debemus

98 837 368 903 credere
398 836 731 900 Lucilium
776 836 903 899 hos
945 835 1297 921 genetivos
1325 835 1350 897 i
1380 833 1632 917 duplici
1676 831 2008 896 finiendos
2036 853 2315 916 praece·-

96 937 269 1020 pisse
291 983 310 1013 ‚
341 935 653 1021 quamvis
678 933 1043 998 Caesellius
1064 932 1338 999 Vindex
1361 931 1707 1017 ‘quendam
1738 930 1878 994 eius
1910 931 2314 996 versiculum

95 1034 185 1097 ita
210 1034 651 1119 interpretari
679 1031 993 1096 videatur
1035 1030 1219 1117 apud
1249 1030 1649 1104 Putschium
1675 1052 1739 1115 p.
1762 1028 1928 1093 2318
1958 1077 1973 1103 ,
2017 1021 2214 1114 quem
2243 1032 2315 1095 in

99 1133 503 1197 contrariam
533 1138 796 1216 partem
817 1138 1004 1195 recte
1028 1129 1368 1214 accipiunt
1387 1121 1582 1193 Beda
1602 1149 1667 1212 p.
1687 1127 1850 1192 2373
1875 1135 1945 1192 et
1968 1127 2314 1195 Charisius

99 1251 156 1313 p.
175 1229 288 1294 60.
333 1229 462 1294 sed
502 1230 574 1293 in
604 1227 891 1293 Charisii
935 1227 1171 1304 codice
1216 1226 1382 1312 q'uid
1427 1227 1552 1301 sit,
1597 1248 1737 1290 non
1781 1247 1822 1289 a
1848 1226 2314 1293 Lindemanno

102 1326 494 1393 discendum
539 1334 681 1402 est,
726 1325 850 1390 sed
895 1347 980 1390 ex
1007 1325 1092 1389 H.
1122 1324 1324 1392 Keilii
1364 1325 1435 1388 in
1467 1324 1794 1389 Catonem
1837 1332 1907 1388 et
1934 1323 2315 1392 Varronem

102 1426 688 1492 observationibus
718 1447 782 1508 p.
803 1423 884 1487 96
902 1473 916 1488 .
946 1423 1177 1510 itaque
1206 1423 1712 1509 grammaticum
1741 1423 1911 1488 haec
1942 1424 2027 1490 de
2056 1424 2313 1491 Lucilio

102 1523 447 1608 scripsisse
494 1531 751 1588 certum
782 1530 888 1587 est
908 1570 923 1596 ‚
969 1523 1331 1609 Numquam
1374 1523 1538 1587 enim
1578 1522 1690 1586 hoo
1730 1524 2057 1604 intulisset,
2098 1527 2219 1588 nisi
2260 1538 2319 1590 et

104 1621 468 1686 Numerium
484 1646 607 1709 per
634 1623 659 1685 i
685 1622 864 1685 huin-s·
892 1621 1163 1686 Numeri
1185 1620 1554 1708 faciendam
1583 1621 1853 1686 crederet
1869 1647 1891 1685 .·
1931 1621 2169 1687 Lucilii
2199 1645 2321 1688 au-

103 1727 228 1782 tem
256 1740 531 1785 versum
560 1720 651 1784 ad
685 1718 868 1783 hunc
895 1717 1039 1783 fere
1068 1717 1342 1782 modum
1376 1740 1526 1782 cum
1557 1711 1785 1783 cetera
1815 1722 2122 1785 oratione
2155 1744 2317 1787 con-

104 1817 391 1882 iunctum
434 1817 648 1884 fuisse
693 1819 1038 1903 suspicor,
1078 1812 1462 1903 ‘'[memento]
1501 1818 1806 1883 servandi
1847 1820 2116 1885 Numeri
2129 1824 2165 1902 ,’
2202 1846 2316 1886 nn-

104 1937 324 1980 merum
365 1929 436 1981 ut
473 1920 762 1982 servemn'
813 1917 1178 2002 modumque
1204 1963 1222 1995 ,
1261 1914 1585 1999 [Dicimu’
1607 1942 1628 1978 .·
1679 1917 1843 2002 quod
1880 1919 1935 1981 si
1978 1920 2100 1982 abio
2130 1931 2318 2003 pacto

107 2035 310 2078 nomen
338 2026 704 2100 paterentur
746 2015 965 2079 Versus
985 2061 1002 2088 ‚
1045 2014 1331 2078 dixissem
1368 2007 1749 2077 ‘servandum
1799 2024 1919 2079 tute
1958 2020 2323 2103 mementol]

108 2123 389 2178 ceterum
436 2122 782 2178 extremae
823 2113 1248 2200 ignorantiae
1292 2118 1398 2176 est
1430 2134 1709 2197 puynam
1738 2112 2031 2197 Pompilii
2056 2113 2316 2179 Lucilio

109 2209 436 2298 adfingere
454 2262 471 2289 ‚
508 2234 683 2298 quae
709 2212 996 2277 debetur
1015 2211 1306 2276 librariis
1328 2209 1534 2275 Nonii
1556 2231 1620 2294 p.
1641 2208 1781 2290 255,
1810 2209 1883 2274 15
1901 2258 1917 2286 ,
1950 2232 2100 2274 cum
2124 2233 2317 2297 aper-

107 2314 237 2372 tum
259 2311 347 2374 sit
375 2318 655 2397 poetam
678 2311 1031 2396 scripsisse
1055 2309 1364 2395 Percrepa
1388 2331 1665 2395 paynam
1682 2307 1911 2393 Popilli
1923 2357 1942 2389 ,
1955 2309 2140 2396 facta
2170 2312 2318 2375 Cor-

107 2408 219 2470 neli
245 2433 392 2475 cane
413 2437 435 2474 .·
478 2431 633 2474 nam
664 2409 754 2474 M.
778 2408 1105 2494 Popillius
1134 2406 1402 2471 Laenas
1435 2406 1694 2492 proelio
1723 2407 1944 2472 victus
1972 2414 2081 2472 est
2111 2430 2151 2472 a
2178 2409 2318 2474 Nu-

108 2509 400 2574 mantinis
419 2531 602 2574 anno
621 2510 707 2573 ab
726 2508 896 2573 urbe
914 2506 1192 2571 condita
1210 2504 1332 2569 616
1346 2552 1366 2582 ‚
1380 2504 1631 2572 bellum
1646 2504 2005 2571 Africanus
2025 2506 2320 2574 confecit

110 2604 258 2682 621,
300 2614 368 2671 et
396 2609 747 2694 pertinent
776 2606 866 2671 ad
898 2604 1183 2670 eundem
1212 2605 1435 2669 locum
1462 2603 1536 2668 hi
1564 2625 1803 2668 versus
1825 2652 1841 2680 ,
1899 2605 1974 2669 Ut
2001 2608 2321 2672 Romanus

102 2706 352 2788 populus
377 2709 572 2771 viotvcs
598 2708 657 2770 vi
671 2717 743 2771 ‘et
764 2715 1085 2791 superatus
1101 2704 1358 2795 proeliis
1389 2703 1591 2789 Saepe
1619 2714 1704 2769 est
1727 2705 1931 2768 multis
1949 2753 1968 2785 ,
1999 2705 2150 2770 bello
2177 2730 2319 2771 vero

110 2815 428 2889 numquam
449 2853 469 2883 ‚
525 2806 592 2868 in
634 2827 755 2891 qao
795 2814 936 2867 mint
972 2804 1180 2867 omnia
1198 2850 1217 2882 ,
1260 2802 1557 2887 itemque
1598 2801 1709 2881 hi,
1760 2802 1982 2867 Contra
2005 2803 2322 2893 flayitium

110 2910 335 2966 nostrae
362 2928 431 2967 re
476 2902 687 2986 (apud
713 2901 1007 2967 Nonium
1049 2904 1115 2985 p.
1151 2900 1286 2975 186,
1307 2900 1388 2964 30
1428 2902 1686 2986 nescire)
1729 2902 1880 2966 bello
1919 2904 2081 2967 vinci
2109 2929 2149 2967 a
2178 2905 2318 2968 bar-

111 2995 279 3078 baro,
323 3001 599 3065 Viriatho
617 3049 638 3081 ,
681 3000 1033 3065 Hannibale
1056 3048 1070 3062 .
1117 2999 1407 3084 denique
1435 2999 1761 3064 Italorum
1792 3001 2119 3065 sermonis
2147 3002 2216 3064 in
2246 3021 2321 3065 re

114 3114 251 3159 cum
269 3096 378 3163 his
396 3099 730 3186 genetivis
753 3098 1301 3163 coniunctissima
1322 3098 1553 3162 similis
1573 3097 1905 3187 quaedam
1923 3099 2320 3163 vicissitudo

110 3197 709 3273 praetermittenda
738 3219 873 3261 non
902 3195 1063 3260 fuit.
1095 3196 1341 3259 horum
1366 3195 1539 3259 enim
1569 3195 1874 3281 plerique
1898 3195 2102 3261 hodie
2121 3245 2137 3273 ,
2169 3220 2319 3261 cum

110 3293 360 3358 smdium
401 3294 648 3381 plurali
686 3315 966 3359 numero
1009 3293 1297 3358 efferunt
1319 3340 1335 3369 ‚
1377 3293 1478 3363 ita
1514 3292 1830 3359 locuntur
1867 3301 1948 3358 ut
1986 3318 2060 3360 se
2089 3318 2321 3362 verum

111 3406 338 3455 sonum
359 3414 501 3458 non
526 3414 968 3479 expressuros
991 3399 1234 3476 putent
1250 3439 1265 3466 ‚
1287 3390 1418 3455 nisi
1443 3399 1560 3456 aut
1580 3394 1881 3478 studyzaut
1901 3396 2084 3459 studii
2108 3395 2321 3482 scrip·
2414 3456 2423 3466 .

112 3487 346 3554 serint:
396 3498 638 3556 contra
666 3498 932 3555 veteres
963 3490 1383 3576 scripserunt
1408 3492 1607 3565 studi,
1650 3512 1869 3576 neque
1898 3493 2218 3557 videntur
2244 3495 2322 3557 il-

113 3577 236 3647 lum
264 3588 687 3676 pinguiorem
718 3611 957 3653 sonum
989 3589 1263 3653 audisse
1283 3637 1297 3653 .
1330 3596 1516 3652 certe
1546 3589 1921 3653 Petrarcha
1947 3590 2017 3652 in
2047 3597 2322 3654 sonetto

117 3678 225 3744 166
250 3682 385 3749 hoc
426 3685 714 3750 medium
747 3686 1037 3750 collocat
1076 3688 1254 3750 inter
1284 3687 1415 3750 alia
1446 3707 1617 3770 quae
1658 3685 1960 3750 vocalem
2003 3696 2322 3752 extenua-

111 3781 238 3841 tam
264 3782 523 3848 habent
544 3833 560 3860 ‚
602 3785 809 3849 ohiudi
835 3786 993 3869 (hoc
1024 3793 1129 3849 est
1157 3787 1415 3871 claudis)
1455 3787 1616 3849 studi
1644 3787 1822 3850 crudi
1848 3788 2065 3872 iqnndi
2085 3836 2098 3850 .
2145 3786 2321 3852 idem

110 3871 175 3935 in
212 3878 552 3965 triumpho
596 3884 829 3947 mortis
861 3907 903 3958 1,
922 3883 1002 3947 62
1045 3883 1239 3967 paria
1279 3884 1477 3969 ponit
1519 3895 1583 3947 tn
1618 3885 1796 3969 ynidi
1816 3933 1834 3965 ,
1877 3886 1924 3949 ti
1947 3887 2112 3976 fidi,
2156 3889 2324 3952 molti

99 3969 314 4052 fastidi
333 4006 352 4057 5
396 3988 472 4044 ut
515 3980 849 4045 hodierno
883 3999 1067 4045 more
1094 3980 1327 4068 fastidj
1362 3982 1497 4047 dici
1526 4004 1662 4046 non
1694 3983 1978 4049 debeat.
2023 3985 2327 4050 similiter

114 4065 363 4139 Dantes
407 4079 476 4140 in
505 4078 838 4143 Paradiso
882 4102 973 4154 v1,
991 4079 1070 4142 47
1116 4079 1277 4143 Deci
1307 4104 1339 4144 e
1368 4078 1566 4160 Fabi,
1609 4082 1850 4163 Arabi,
1893 4094 1956 4147 tn
1985 4085 2145 4162 labi,
2188 4104 2324 4146 non

118 4163 298 4254 Fabj.
341 4174 520 4240 idem
564 4178 795 4262 tripudi
814 4227 832 4257 ,
892 4199 1030 4242 non
1072 4177 1338 4262 tripndj,
1380 4177 1451 4240 in
1497 4177 1734 4242 eadem
1780 4181 2087 4244 carminis
2130 4188 2327 4264 parte

118 4282 346 4344 xxvm,
397 4273 512 4339 124
550 4322 566 4351 ‚
633 4275 890 4340 scilicet
945 4276 1374 4340 coniunctum
1434 4298 1582 4340 cum
1627 4277 2047 4344 tenuioribus
2107 4279 2329 4343 virtndi

123 4369 186 4423 et
215 4364 343 4431 ludi
363 4417 377 4433 .
