2840 5008
537 399 630 465 94
1613 397 1676 465 11

703 570 842 634 363.
867 593 1380 648 sunm-AMQUE
1413 594 1837 637 Avmzrmu:
1871 595 1905 637 o
1923 594 2161 637 URAM.
2184 573 2342 638 Hoc
2364 575 2710 641 Macrobius

536 671 884 734 confirmat
912 720 926 746 ‚
974 669 1431 735 Wakefieldus
1474 671 1575 734 ita
1615 679 1847 737 tuetur
1888 682 1964 736 ut
2008 672 2192 737 dicat
2234 674 2491 737 wbitam
2531 697 2712 737 curam

537 791 685 834 esse
709 762 810 832 ‘id
841 790 1041 833 curae
1063 817 1079 844 ‚
1113 768 1298 854 quod
1328 792 1463 833 eam
1490 770 1716 834 subiit!
1741 770 1951 835 nihilo
1973 771 2189 834 minus
2214 772 2577 835 scribemus
2602 793 2710 835 so-

536 889 947 944 LITAMQUE
981 880 1247 931 averte-re
1277 891 1525 932 cua-am.
2374 927 2378 931 ,

700 965 841 1030 368.
884 987 1250 1041 AGNIQUE
1298 988 1645 1028 PETUL01
1689 966 2146 1030 Busta-um
2190 990 2282 1029 PE
2302 988 2579 1030 conns,
2621 964 2711 1029 Sic

535 1064 867 1149 oblongus
899 1070 967 1132 et
985 1063 1291 1128 ‘schedae
1313 1110 1330 1136 ‚
1359 1064 1522 1126 item
1550 1062 1921 1128 Brixiensis
1952 1063 2161 1128 editio
2197 1088 2213 1127 ε
2263 1065 2552 1128 Balatum
2577 1083 2709 1148 qua-

534 1163 771 1228 dratus
801 1210 817 1237 ,
847 1163 1182 1226 Antonius
1216 1161 1416 1225 Marii
1449 1209 1465 1236 ‚
1501 1160 1936 1227 Veronenses
1966 1211 1980 1226 .
2009 1161 2145 1227 hoc
2183 1162 2481 1227 admisso
2517 1161 2622 1225 fiet
2651 1168 2711 1223 ut

530 1270 784 1328 matres
827 1260 1008 1325 fetus
1049 1282 1209 1325 suos
1251 1261 1525 1324 novisse
1570 1260 1885 1324 dicantur
1919 1283 1935 1324 ε
1987 1261 2113 1324 sed
2157 1260 2230 1325 id
2273 1267 2477 1347 poeta
2503 1261 2709 1345 agebat

533 1364 756 1449 priore
783 1381 1034 1424 vaccae
1064 1360 1370 1443 exemplo
1409 1408 1426 1435 ‚
1470 1380 1690 1443 neque
1735 1380 1815 1422 eo
1858 1360 2205 1444 pertinent
2245 1381 2420 1444 quae
2449 1359 2709 1422 subiecta

533 1470 691 1526 sunt
708 1509 722 1535 ‚
745 1460 852 1523 Ad
873 1482 989 1521 sua
1018 1460 1267 1544 quisque
1279 1458 1426 1544 fere
1455 1460 1785 1523 decurrunt
1809 1459 1998 1522 ubera
2028 1459 2200 1522 lactis
2217 1507 2232 1521 .
2263 1457 2633 1522 Macrobius
2655 1455 2708 1516 in

534 1561 803 1624 Saturn.
820 1580 911 1631 vx,
930 1555 967 1619 5
1000 1564 1072 1619 et
1095 1555 1336 1620 Festus
1365 1578 1431 1640 p.
1448 1556 1589 1632 206,
1608 1557 1645 1620 7
1665 1605 1680 1632 ‚
1706 1557 1821 1640 qui
1848 1556 2188 1643 prioribus
2218 1563 2531 1633 utuntur,
2548 1572 2706 1639 prae-

530 1657 913 1723 termittunt
940 1655 1279 1718 Balantum
1307 1657 1576 1740 pecudes
1608 1705 1621 1717 .
1662 1654 2052 1719 Macrobius
2095 1658 2369 1719 tremulis
2409 1656 2472 1717 in
2510 1651 2706 1717 vocibus

533 1764 601 1820 et
640 1752 1020 1840 Corniferas.

698 1852 837 1916 371.
869 1850 1310 1914 POSTREMO
1345 1872 1741 1927 Quonvns
1764 1873 2262 1914 FRUMENTUM
2285 1874 2449 1915 NON
2471 1868 2702 1911 TAMEN

532 1974 751 2018 οΜΝΕ
775 1998 790 2025 ,
823 1947 1201 2026 anoun
1234 1970 1381 2012 suo
1415 1970 1736 2012 ennam:
1775 1997 1789 2024 ‚
1834 1972 2080 2013 usu-ER
2122 1969 2207 2013 εἰ)
2242 1973 2276 2013 s
2298 1971 2518 2012 numa
2544 1965 2700 2008 Essa

529 2074 575 2114 v
587 2075 610 2114 1
625 2074 667 2112 D
680 2073 719 2112 E
732 2072 771 2110 B
787 2071 809 2110 1
827 2071 859 2111 s
880 2096 893 2110 .
919 2045 1309 2125 Quadratus
1329 2045 1705 2109 Postremum
1723 2095 1736 2108 .
1761 2070 1801 2123 Q
1817 2069 1860 2109 U
1877 2069 1918 2110 o
1936 2070 1978 2109 D
1995 2070 2039 2110 v
2054 2070 2076 2109 1
2091 2069 2123 2109 s
2144 2046 2302 2109 Itali
2326 2055 2392 2110 et
2411 2040 2701 2128 impressi.

530 2149 653 2214 sed
680 2148 850 2213 haec
879 2163 1017 2208 non
1044 2143 1246 2208 video
1278 2142 1618 2228 quomodo
1664 2145 1977 2230 coniungi
2016 2146 2288 2230 possint
2323 2193 2339 2218 ‚
2366 2144 2699 2230 frumentum

529 2248 776 2335 quodvis
794 2269 903 2309 suo
926 2245 1184 2330 quicque
1211 2242 1394 2326 (sive
1413 2290 1428 2316 ‚
1451 2249 1529 2304 ut
1557 2242 1707 2305 Itali
1727 2291 1742 2317 ‚
1764 2244 2083 2328 quodque)
2109 2266 2330 2327 yenere
2348 2269 2367 2305 .·
2387 2240 2543 2304 nihil
2561 2236 2699 2301 enim
2781 2237 2782 2292 ξ

529 2345 848 2411 differunt
876 2343 961 2406 ab
989 2341 1071 2404 iis
1103 2360 1275 2425 quae
1301 2337 1689 2403 Ciceronem
1723 2339 1808 2403 de
1841 2340 2083 2404 finibus
2105 2364 2166 2416 v,
2185 2341 2270 2404 46
2304 2341 2578 2403 scribere
2599 2354 2697 2418 po-

527 2446 738 2511 tuisse
769 2439 1122 2506 Madvicus
1151 2445 1336 2503 recte
1365 2445 1571 2524 negat
1592 2485 1607 2513 ‚
1639 2439 1923 2525 cuiusque
1939 2440 2142 2524 partis
2166 2462 2286 2503 sua
2313 2440 2579 2524 cuiusque
2601 2434 2695 2495 vis.

526 2547 756 2629 itaque
788 2562 983 2626 quem
1026 2537 1386 2602 admodum
1422 2536 1658 2601 Cicero
1702 2537 1975 2621 scripsit
2013 2561 2129 2601 sua
2168 2562 2441 2625 quaeque
2476 2537 2583 2611 υἰε,
2608 2531 2696 2595 hic

529 2662 800 2729 quoque
830 2637 1256 2704 scribendum
1289 2644 1456 2721 puto
1496 2637 1747 2723 Quoque
1773 2636 1916 2712 vel,
1942 2635 2130 2719 quod
2165 2636 2346 2701 idem
2378 2641 2476 2700 est
2496 2682 2509 2707 ‚
2537 2630 2694 2710 Qm·

528 2762 679 2817 Qun
708 2760 817 2801 suo
839 2759 1059 2821 qenere
1076 2783 1090 2798 .
1111 2735 1210 2797 ita
1228 2734 1450 2798 Varro
1479 2756 1705 2798 rerum
1731 2734 2134 2799 rusticarum
2162 2758 2207 2810 1,
2224 2736 2286 2810 7,
2305 2735 2343 2798 2
2371 2732 2525 2821 quod
2541 2750 2692 2815 quae·

527 2860 783 2922 cumque
811 2834 987 2916 (libri
1014 2833 1308 2919 quaeque)
1337 2856 1446 2896 suo
1476 2855 1712 2919 quoque
1741 2833 1872 2896 loco
1900 2843 2040 2896 sunt
2051 2834 2260 2918 posita
2275 2882 2294 2913 ,
2318 2856 2390 2896 ea
2407 2831 2586 2892 minus
2602 2822 2693 2887 loci

526 2942 855 3018 occupant,
876 2952 1015 2994 non
1036 2953 1447 3017 quaemcmque
1465 2952 1574 2992 suo
1597 2951 1870 3015 quaeque
1885 2979 1903 3009 ,
1925 2951 2143 3015 neque
2175 2933 2274 2994 sui
2308 2931 2511 3014 cuique
2535 2941 2692 2986 mores

527 3032 869 3100 hominibus
893 3028 1058 3094 ferri
1084 3035 1315 3114 potest
1341 3028 1413 3091 in
1440 3048 1643 3091 versu
1672 3028 1936 3092 senario
1970 3050 2104 3114 quo
2132 3027 2474 3092 Cornelius
2500 3020 2690 3103 Nepos

498 3136 501 3139 ’
525 3132 737 3197 utitur
762 3129 832 3193 in
852 3128 1082 3193 Attico
1119 3126 1212 3200 11,
1233 3125 1272 3188 6
1290 3172 1305 3199 ,
1329 3124 1452 3187 sed
1484 3123 1691 3189 debet
1720 3146 1868 3189 esse
1898 3125 2016 3189 Sui
2043 3129 2267 3214 quique
2294 3149 2481 3190 mores
2487 3121 2692 3210 flnyunt

508 3233 838 3320 fortunam
874 3227 1211 3291 hominibus
1249 3273 1263 3286 .
1312 3222 1498 3307 quod
1536 3223 1714 3287 inter
1743 3226 2115 3290 sententias
2141 3225 2215 3290 P.
2248 3224 2404 3312 Syri
2431 3219 2540 3285 268
2566 3230 2685 3278 auc·

527 3337 678 3394 tore
707 3326 867 3392 mihi
891 3323 1237 3410 incognito
1266 3322 1362 3385 ita
1390 3322 1717 3406 scriptum
1740 3321 2044 3388 exhibuit
2062 3324 2352 3388 Bothius
2367 3372 2384 3403 ,
2407 3319 2685 3385 Fortunam

528 3429 743 3515 cuique
768 3447 965 3490 mores
994 3421 1338 3509 eonfinqunt
1360 3422 1459 3484 sui
1475 3447 1495 3484 .·
1508 3421 1581 3483 in
1605 3419 1946 3484 Ciceronis
1969 3421 2334 3507 paradoxis
2357 3418 2432 3483 35
2448 3409 2684 3495 ‘sapiens

527 3524 746 3612 poeta'
776 3521 922 3586 Suis
946 3520 1209 3610 finqitur
1234 3517 1498 3605 fortuna
1542 3519 1756 3606 cuique
1797 3521 2065 3584 moribus
2082 3547 2102 3583 .·
2122 3520 2384 3584 Nonius
2411 3538 2473 3601 p.
2493 3505 2607 3578 526,
2620 3499 2683 3611 2}

530 3626 644 3690 Sui
687 3623 902 3708 cuique
942 3640 1140 3682 mores
1164 3617 1415 3706 fimqunt
1453 3666 1466 3679 .
1514 3616 1776 3680 mimico
1820 3619 2046 3682 versui
2091 3618 2478 3704 elegantiam
2512 3617 2682 3684 m³g¹S

529 3706 730 3808 quam
766 3712 1047 3804 ‘pingue
1090 3716 1416 3780 orationis
1460 3715 1703 3802 genus’
1750 3717 2108 3780 convenire
2141 3715 2418 3781 Carolus
2443 3707 2681 3810 NipRffl'·

530 3820 721 3884 deius
753 3815 1127 3881 concedere
1159 3814 1487 3888 debebat,
1510 3813 1638 3878 nisi
1665 3813 1897 3888 fallor,
1930 3815 2044 3899 qui
2074 3822 2313 3878 contra
2339 3806 2683 3878 sententlam

526 3937 742 3980 meam
773 3921 842 3979 et
861 3911 1026 3977 Alfr.
1048 3912 1487 3978 Fleckeisenii
1513 3912 1981 3996 pronuntiavit
2008 3908 2386 3998 nuperrime
2411 3910 2472 3972 in
2495 3889 2682 3964 libello

530 4035 728 4100 quem
759 4012 845 4076 de
877 4011 1186 4076 Cornelio
1217 4011 1487 4096 Nepote
1516 4009 1678 4099 fecit
1699 4033 1763 4095 p.
1787 4011 1901 4075 78:
1925 4032 2143 4096 neque
2175 4012 2343 4075 enim
2370 3994 2682 4088 reprehen-

528 4112 779 4177 dissem
805 4131 1077 4174 versum
1104 4109 1239 4175 hoc
1266 4109 1472 4174 modo
1504 4109 1827 4194 scriptum
1845 4157 1861 4184 ‚
1884 4110 2223 4174 Fortunam
2243 4100 2558 4174 hominibm
2579 4107 2680 4152 ΜΟ·

525 4235 623 4274 res
666 4212 880 4296 cuique
923 4209 1072 4273 dant
1104 4211 1200 4272 sui
1236 4257 1249 4271 .
1290 4208 1362 4271 in
1390 4206 1672 4293 Vergilii
1712 4208 1947 4294 ecloga
1973 4229 2089 4284 vn,
2109 4208 2191 4272 54
2227 4206 2379 4273 libri
2405 4208 2605 4264 omnes
2630 4184 2683 4244 ⁶¹³

526 4307 788 4372 Nonius
832 4329 897 4391 p.
927 4305 1050 4371 326
1110 4312 1179 4368 et
1221 4305 1343 4371 389
1399 4305 1610 4370 Strata
1661 4308 1862 4371 iacent
1886 4308 2123 4391 partim
2163 4331 2276 4370 sua
2317 4312 2563 4392 quaeque
2594 4275 2680 4344 ³¹5

526 4405 744 4467 arbore
753 4427 947 4489 poma
967 4453 979 4465 .
1003 4401 1238 4466 Cicero
1266 4401 1350 4465 de
1374 4410 1648 4466 oratore
1670 4404 1843 4469 libro
1868 4426 1961 4478 111,
1977 4403 2099 4467 216
2121 4402 2286 4489 (vox)
2309 4396 2679 4475 acquravwr

2774 4498 2776 4559 1
