2840 5008
463 327 597 394 104
1535 325 1632 395 111
1669 369 1680 382 θ

452 522 659 586 quare
691 499 970 563 dissolui
998 522 1268 585 quoque
1299 498 1549 565 debent
1577 522 1782 586 posse
1811 523 1933 586 per
1962 510 2148 567 artus
2167 553 2181 576 ‚

454 613 743 698 denique
771 622 849 678 ut
873 615 1205 679 intereant
1233 635 1368 678 una
1395 636 1545 679 cum
1576 636 1863 703 corpore
1895 624 2202 681 cunctae.

309 745 407 792 760
451 730 555 793 sin
584 730 830 793 animas
859 729 1198 793 hominum
1229 728 1456 794 dicent
1482 731 1550 793 in
1579 751 1870 816 corpora
1896 753 2158 817 semper

453 844 549 908 ire
578 844 899 919 humana,
922 851 1143 908 tamen
1175 865 1490 929 quaeram
1520 867 1638 908 cur
1669 866 1704 908 e
1736 845 2022 930 sapienti

455 959 660 1023 stulta
689 967 892 1043 queat
917 959 1056 1023 fieri
1077 1007 1092 1034 ,
1117 981 1239 1022 nec
1271 959 1566 1045 prudens
1596 961 1682 1025 sit
1710 981 1878 1045 puer
1904 960 2108 1036 ullus,

310 1088 408 1135 764
452 1093 576 1136 nec
605 1081 743 1137 tam
773 1072 1012 1138 doctus
1044 1094 1255 1157 equae
1286 1074 1506 1159 pullus
1538 1096 1737 1159 quam
1765 1074 1961 1139 fortis
1993 1076 2146 1159 equi
2173 1077 2320 1140 vis?

454 1187 705 1259 scilicet
722 1237 737 1264 ,
756 1189 826 1252 in
853 1196 1088 1252 tenero
1120 1197 1540 1252 tenerascere
1571 1210 1856 1275 corpore
1884 1198 2173 1253 mentem

457 1302 843 1387 confugient
862 1352 875 1365 .
903 1301 1088 1387 quod
1117 1304 1173 1365 si
1201 1304 1331 1365 iam
1357 1303 1435 1366 fit
1453 1352 1467 1378 ‚
1492 1302 1746 1369 fateare
1773 1313 2119 1368 necessest

456 1416 800 1480 mortalem
830 1437 977 1480 esse
1008 1418 1288 1481 animam
1306 1465 1322 1492 ,
1346 1418 1662 1502 quoniam
1688 1425 1944 1482 mutata
1972 1440 2096 1504 per
2125 1426 2309 1483 artus

458 1539 649 1595 tanto
682 1551 884 1614 opere
915 1530 1157 1593 amittit
1183 1531 1388 1593 vitam
1419 1553 1822 1617 sensumque
1853 1533 2172 1618 priorem.

460 1667 681 1730 quove
709 1643 913 1708 modo
944 1644 1194 1730 poterit
1222 1645 1472 1730 pariter
1502 1668 1652 1708 cum
1681 1667 1966 1731 corpore
1998 1668 2267 1733 quoque

317 1775 414 1822 770
461 1758 846 1822 confirmata
875 1759 1171 1843 cupitum
1200 1759 1440 1823 aetatis
1472 1767 1746 1844 tangere
1774 1759 2007 1823 florem

420 1953 427 1964 ¹
459 1874 560 1936 vis
591 1873 785 1936 animi
804 1919 819 1946 ,
842 1874 967 1936 nisi
996 1874 1121 1937 erit
1150 1894 1431 1937 consors
1459 1874 1529 1936 in
1559 1873 1811 1959 origine
1841 1874 2096 1959 prima?

462 1985 707 2072 quidve
737 1986 917 2050 foras
947 1987 1071 2049 sibi
1099 1988 1242 2051 vult
1269 1988 1578 2053 membris
1610 1989 1789 2052 exire
1820 1988 2152 2052 senectis?

462 2123 548 2165 an
574 2102 808 2165 metuit
839 2101 1154 2164 conclusa
1181 2121 1450 2178 manere
1476 2103 1545 2165 in
1575 2125 1862 2189 corpore
1890 2104 2104 2187 putri,

465 2225 534 2280 et
564 2214 799 2279 domus
830 2216 1066 2279 aetatis
1097 2214 1316 2299 spatio
1346 2236 1431 2310 ne
1460 2216 1639 2278 fessa
1665 2227 1933 2281 vetusto

321 2348 417 2394 775
464 2330 752 2395 obruat?
776 2340 844 2393 at
871 2351 1009 2393 non
1038 2336 1196 2391 sunt
1222 2327 1575 2391 immortali
1604 2329 1737 2393 ulla
1764 2332 2038 2415 pericla.

547 2444 853 2531 Denique
884 2443 1171 2508 conubia
1200 2439 1290 2506 ad
1321 2441 1603 2506 Veneris
1633 2451 1999 2530 partusque
2026 2445 2311 2512 ferarum

468 2583 613 2625 esse
644 2560 893 2623 animas
924 2568 1153 2645 presto
1187 2557 1624 2621 deridiculum
1654 2580 1801 2622 esse
1831 2559 2127 2635 videtur,

468 2684 825 2761 expectare
852 2674 1239 2738 immortalis
1269 2673 1572 2743 mortalia
1598 2674 1894 2738 membra

465 2791 810 2853 innumero
839 2811 1114 2853 numero
1135 2838 1150 2864 ‚
1174 2798 1568 2873 certareque
1596 2796 2202 2874 praeproperanter

323 2921 420 2967 780
462 2904 638 2967 inter
667 2925 739 2966 se
770 2925 942 2988 quae
970 2904 1181 2989 prima
1209 2903 1688 2988 potissimaque
1716 2904 2120 2981 insinuetur3

467 3019 524 3082 si
552 3040 690 3082 nou
716 3017 893 3081 forte
921 3018 1016 3081 ita
1043 3025 1202 3079 sunt
1229 3017 1591 3080 animarum
1619 3017 1895 3080 foedera
1921 3026 2119 3102 pacta
2139 3068 2154 3093 ‚

467 3142 544 3197 ut
574 3154 745 3218 quae
773 3133 985 3216 prima
1014 3130 1246 3194 volans
1277 3130 1626 3195 advenerit
1653 3132 2019 3195 insinuetur

466 3248 711 3332 prima,
732 3267 952 3330 neque
981 3246 1154 3310 inter
1183 3267 1255 3309 se
1288 3246 1702 3311 contendant
1732 3246 1979 3310 viribus
2009 3247 2212 3311 hilum
2234 3297 2247 3311 .

548 3360 855 3446 Denique
883 3361 952 3424 in
981 3361 1252 3424 aethere
1280 3383 1417 3425 non
1449 3364 1651 3426 arbor
1670 3411 1686 3438 ,
1705 3383 1842 3425 non
1872 3383 2166 3446 aequore
2195 3364 2374 3428 salso

323 3493 419 3539 785
464 3476 675 3540 nubes
707 3497 853 3539 esse
884 3484 1136 3560 queunt
1154 3524 1169 3550 ‚
1191 3498 1315 3539 nec
1345 3477 1565 3562 pisces
1595 3477 1818 3540 vivere
1846 3476 1916 3539 in
1946 3477 2154 3553 arviS‚

469 3612 593 3653 nec
624 3612 823 3654 cruor
850 3590 919 3653 in
948 3591 1137 3676 lignis
1165 3613 1386 3675 neque
1415 3593 1594 3655 saxis
1624 3613 1823 3655 sucus
1851 3591 2071 3654 inesse
2091 3641 2105 3655 .

470 3713 717 3768 certum
750 3727 828 3768 ac
860 3704 1322 3790 dispositumst
1349 3706 1463 3769 ubi
1494 3707 1795 3792 quicquit
1824 3713 2085 3770 crescat
2114 3714 2182 3770 et
2208 3707 2367 3770 insit
2384 3756 2397 3769 .

470 3819 566 3882 sie
594 3819 789 3882 animi
818 3827 1058 3883 natura
1086 3821 1318 3906 nequit
1347 3821 1488 3884 sine
1520 3796 1804 3906 corpore
1834 3821 1993 3883 oriri

471 3932 616 3995 sola
642 3922 861 4017 neque
892 3956 932 3996 a
959 3936 1181 3998 nervis
1214 3943 1281 3997 et
1310 3936 1633 4017 sanguine
1660 3935 1947 4020 long-iter
1979 3955 2154 3996 esse.

671 4118 874 4125 ——.—.

478 4217 575 4264 760
613 4212 702 4263 Sic
742 4212 762 4283 Η
799 4228 1024 4280 corpore
1064 4212 1083 4277 ΙΙ
1122 4218 1437 4266 7633746.
1496 4215 1516 4281 ΙΙ
1575 4221 1672 4266 764
1711 4214 1897 4284 paulus
1953 4214 1973 4281 ΙΙ
2030 4221 2125 4267 775
2166 4215 2266 4266 iani
2301 4214 2511 4266 mortali
2564 4217 2585 4288 ΙΙ
2645 4225 2742 4272 784

479 4295 529 4346 in
568 4295 700 4346 alto.
758 4292 778 4363 ΙΙ
835 4300 928 4345 785
970 4293 1128 4345 Nube
1182 4293 1201 4365 ΙΙ
1257 4296 1603 4365 78910ngius
2133 4295 2138 4299 ’
