2840 5008
1178 410 1277 513 m
1788 540 1796 550 Ι
2200 445 2339 513 207

130 643 202 686 ea
250 641 540 706 operose
591 640 915 705 quaerere
970 621 1266 707 cogimur
1319 639 1492 704 quae
1542 619 1740 685 nobis
1784 620 2086 704 magistri
2126 621 2343 685 nostri

130 720 274 782 olim
323 718 600 783 tradere
652 718 1030 784 debebant.
1073 719 1302 803 itaque
1359 723 1517 780 ante
1571 719 1790 781 omnia
1841 718 2187 782 sciendum
2240 726 2345 782 est

128 819 287 882 haec
317 819 532 882 verba
570 818 642 880 iit
680 824 746 880 et
775 819 955 903 petiit
981 837 1129 880 cum
1162 816 1553 901 compositis
1580 818 1608 879 i
1636 816 1851 879 altera
1881 822 2156 881 extenta
2182 839 2342 902 pro-

128 916 399 980 ferenda
441 937 591 979 esse
616 964 629 978 .
676 915 864 980 cuius
906 915 1002 979 rei
1041 915 1484 978 firmissimum
1526 920 1987 1000 argumentum
2020 922 2128 978 est
2158 914 2343 999 quod

131 1021 193 1079 et
229 1016 298 1078 in
336 1014 572 1079 tabula
605 1014 839 1078 votiva
878 1013 953 1077 L.
982 1013 1318 1089 Mummii,
1358 1013 1429 1076 in
1467 1012 1826 1077 Ar‘valibus
1854 1012 2100 1076 Marini
2140 1036 2204 1099 p.
2228 1013 2356 1086 30,

128 1113 361 1199 legitur
404 1114 673 1177 Romam
712 1112 926 1176 redieit
962 1100 1342 1197 triumphans
1361 1160 1379 1191 ,
1428 1119 1496 1175 et
1538 1112 1605 1175 in
1646 1111 1793 1197 lege
1836 1111 2096 1175 Thoria
2130 1113 2361 1192 venieit¹

130 1211 527 1296 quinquiens
568 1211 891 1294 scriptum
934 1216 1123 1272 extat
1144 1256 1160 1284 ‚
1204 1209 1284 1273 58
1323 1212 1466 1296 quei
1504 1233 1652 1295 aqer
1676 1211 1923 1295 publice
1949 1234 2071 1276 non
2098 1212 2341 1288 venieit,

129 1309 202 1372 65
224 1309 300 1372 67
341 1310 511 1396 quod
547 1310 674 1372 eius
705 1309 950 1393 publice
986 1331 1108 1372 non
1143 1309 1392 1379 venieit,
1437 1308 1517 1370 75
1550 1309 1691 1394 quei
1720 1310 1956 1372 Romae
1972 1310 2218 1394 publice
2244 1332 2341 1372 ve-

128 1409 263 1471 nieit
299 1409 618 1471 venieritve
638 1455 656 1485 ‚
701 1406 775 1469 91
813 1408 1060 1492 publice
1097 1408 1312 1470 venieit
1328 1432 1353 1488 5
1391 1407 1462 1469 in
1503 1406 1740 1471 eadem
1778 1407 1979 1471 semel
2014 1406 2092 1470 65
2121 1408 2344 1485 veniet,

126 1507 226 1570 ‘cui
266 1506 504 1570 similia
548 1511 704 1568 sunt
747 1506 948 1568 adiese
988 1507 1255 1569 adiesent
1281 1506 1508 1568 adieset
1531 1505 1600 1568 in
1630 1527 1682 1568 s.
1707 1526 1759 1568 c.
1792 1505 1878 1569 de
1905 1505 2344 1569 Bacchanali-

127 1606 280 1670 bus,
327 1606 614 1668 alterum
644 1608 1105 1688 argumentum
1138 1624 1222 1666 ex
1252 1599 1498 1665 Ovidio
1540 1602 1696 1666 duci
1737 1611 2005 1688 potest,
2053 1604 2166 1689 qui
2207 1626 2343 1667 non

128 1703 318 1766 modo
341 1703 530 1766 subiit
547 1702 695 1765 abiit
716 1708 941 1764 cetera
969 1700 1297 1784 produxit
1315 1748 1331 1774 ‚
1361 1700 1486 1764 sed
1517 1701 1718 1765 etiam
1735 1704 1943 1787 petiit,
1976 1709 2043 1766 et
2075 1702 2345 1787 quidem

131 1802 261 1865 aliis
301 1801 814 1866 condicionibus
857 1821 1056 1884 quam
1094 1799 1337 1884 quibus
1368 1820 1521 1862 eum
1552 1821 1870 1864 caesurae
1903 1801 2157 1887 aliquid
2185 1823 2345 1865 con-

131 1899 359 1964 cedere
384 1919 568 1963 anno
596 1897 756 1962 1848
776 1898 846 1960 in
866 1897 1091 1962 libello
1117 1896 1502 1961 academico
1535 1899 1844 1963 subtilius
1876 1900 2178 1964 ostendi.
2207 1902 2347 1965 sab-

129 1999 194 2062 iit
226 2010 514 2084 arqentea
542 1998 752 2082 proles
791 2002 1052 2060 metam.
1096 2019 1138 2070 1,
1169 1996 1286 2061 114
1306 2044 1319 2058 .
1366 1996 1475 2058 lise
1499 1998 1718 2081 petiit:
1757 2000 1894 2083 ipsa
1934 2000 2070 2062 licet
2104 1999 2217 2062 hoe
2245 2022 2346 2073 111,

133 2096 241 2161 567
263 2144 291 2159 .-
332 2097 580 2160 Interiit
597 2120 618 2157 :
659 2106 724 2158 at
758 2118 860 2159 vos
900 2116 998 2169 111,
1022 2092 1145 2156 546
1168 2142 1181 2156 .
1227 2093 1573 2180 Elususque
1614 2094 1801 2157 abiit:
1840 2097 1936 2159 illi
1966 2120 2078 2160 sua
2106 2098 2346 2161 reddita

118 2194 319 2280 forma
367 2206 455 2258 est
494 2216 643 2268 vm,
666 2193 826 2258 870.
884 2193 1034 2257 Non
1079 2191 1233 2254 adiit
1273 2203 1409 2277 apte
1429 2240 1447 2271 ,
1490 2215 1611 2255 non
1652 2193 1794 2277 leytt
1832 2195 2051 2257 idonea
2074 2244 2088 2269 ‚
2133 2197 2311 2259 eredo
2331 2242 2346 2268 ‚

140 2294 425 2379 Tempora
449 2343 464 2370 ‚
508 2316 617 2356 nec
642 2294 822 2378 petiit
852 2292 1186 2377 horamque
1214 2292 1604 2377 animumque
1629 2302 1940 2356 vacantem
1970 2316 2060 2368 1x‚
2080 2280 2202 2356 610
2226 2342 2238 2355 .
2280 2296 2348 2357 in

131 2393 386 2456 iuvenem
425 2392 648 2470 rediit,
690 2402 746 2455 et
773 2391 965 2454 anilia
995 2390 1177 2453 demit
1201 2412 1338 2463 xw,
1358 2388 1481 2452 766
1506 2437 1519 2451 .
1578 2389 1653 2453 Ut
1676 2391 1859 2454 rediit
1884 2391 2121 2453 animus
2151 2391 2346 2476 epist.

132 2490 300 2566 v1,3l
336 2497 403 2555 et
430 2492 506 2556 in
536 2496 681 2554 arte
712 2513 810 2565 111,
829 2489 950 2555 707
979 2488 1138 2553 item
1170 2487 1325 2553 fast.
1358 2512 1455 2565 111,
1476 2488 1597 2553 333
1628 2487 1812 2562 v‚515
1837 2539 1850 2553 .
1898 2489 1987 2553 Et
2004 2490 2183 2575 petiit
2207 2489 2347 2555 Iter-

132 2589 232 2653 bae
258 2611 459 2654 amor.
486 2613 583 2664 111,
602 2589 658 2665 5,
677 2589 758 2652 30
783 2639 796 2652 .
849 2589 986 2668 Qua
1005 2589 1199 2673 periit
1225 2589 1450 2674 aliquis
1480 2609 1683 2651 amor.
1709 2610 1807 2661 111,
1826 2588 1883 2662 8,
1906 2587 1981 2650 17
2001 2636 2014 2650 .
2062 2588 2147 2651 Et
2173 2590 2350 2674 lonyo

124 2688 301 2769 periit
324 2691 512 2753 arida
521 2689 706 2775 faeta
733 2689 852 2749 situ
879 2686 1170 2749 tristium
1200 2685 1374 2749 libro
1406 2708 1504 2759 111,
1529 2685 1622 2761 14,
1640 2684 1720 2747 36
1742 2734 1754 2748 .
1784 2682 1899 2750 Ille
1929 2683 2111 2750 abiit:
2140 2688 2353 2751 eadem

135 2786 380 2850 crimina
401 2786 696 2852 Bacchus
717 2786 896 2849 habet
911 2784 1243 2847 fastorum
1274 2805 1372 2857 111,
1391 2783 1514 2846 474
1534 2833 1547 2847 .
1576 2784 1734 2846 item
1759 2783 2022 2848 Seneca
2044 2792 2112 2848 et
2131 2783 2352 2850 Phae-

134 2879 287 2947 drus
308 2883 482 2948 haec
505 2882 808 2969 perfecta
832 2903 980 2945 cum
1006 2887 1162 2945 ante
1188 2881 1456 2945 vocales
1478 2890 1745 2966 ponunt
1760 2931 1774 2957 ‚
1796 2882 2093 2947 ultimam
2118 2872 2353 2969 aperte

132 2981 514 3064 producunt
535 3029 551 3045 .
593 2981 946 3045 Phaedrus
977 3003 1065 3054 1v,
1083 2980 1142 3059 4,
1162 2982 1199 3043 5
1232 2982 1443 3045 Rediit
1470 2982 1556 3044 ad
1580 2981 1803 3048 hostem
1823 3029 1842 3061 ,
1884 2981 2146 3046 Seneca
2174 2984 2357 3048 Petiit

135 3078 204 3141 ab
238 3081 414 3164 ipsis,
444 3080 618 3144 Abiit
656 3103 878 3143 arenas
896 3128 914 3158 ,
946 3080 1155 3143 Rediit
1180 3079 1484 3152 Achilles,
1515 3078 1714 3142 Here.
1744 3078 1867 3143 fur.
1898 3079 2020 3144 244
2039 3081 2155 3145 321
2191 3081 2353 3145 Tro,

134 3175 282 3241 806.
325 3178 559 3263 itaque
600 3177 669 3240 hi
715 3183 960 3262 poetae
1007 3198 1141 3260 quo
1187 3176 1403 3239 minus
1450 3184 1865 3240 consonante
1909 3176 2137 3241 littera
2176 3179 2354 3264 inse-

137 3282 370 3359 quente
391 3276 597 3355 11666,
622 3276 736 3340 ubi
759 3275 971 3338 ternis
996 3273 1274 3359 syllabis
1300 3294 1474 3357 opus
1500 3281 1604 3337 est
1622 3322 1636 3348 ‚
1666 3282 1743 3338 ut
1764 3276 1832 3337 in
1854 3276 2355 3362 Agamemnone

135 3370 248 3436 944
276 3421 292 3448 ‚
331 3375 402 3438 in
445 3373 828 3460 Hippolyto
879 3371 995 3436 135
1027 3421 1042 3447 ,
1088 3372 1389 3445 similiter
1434 3374 1752 3438 extulisse
1799 3382 2122 3460 putentur
2172 3378 2357 3441 nulla

137 3490 329 3535 causa
372 3480 479 3537 est
501 3519 515 3535 .
560 3464 805 3536 deinde
849 3472 1117 3536 tertium
1153 3479 1257 3536 est
1287 3480 1750 3558 argumentum
1781 3496 1901 3538 cur
1926 3476 2232 3561 plerique
2261 3476 2354 3539 ita

139 3567 418 3635 dixerint
440 3621 455 3647 ,
501 3570 686 3655 quod
716 3570 938 3634 nullus
967 3577 1322 3655 poetarum
1352 3571 1525 3635 haec
1553 3574 1765 3637 verba
1796 3574 2123 3657 corripuit
2145 3622 2158 3636 .
2200 3596 2351 3636 nam

140 3669 310 3751 apud
341 3669 574 3735 Silium
602 3692 749 3744 xm,
774 3669 890 3733 166
916 3668 1336 3734 Coloniensis
1366 3670 1519 3735 libri
1549 3671 1917 3734 auctoritas
1950 3678 2209 3734 tantum
2239 3694 2354 3736 va-

137 3761 264 3829 lere
302 3790 440 3832 non
485 3768 721 3832 debuit
758 3776 835 3832 ut
877 3768 1288 3832 scriberetur
1318 3769 1581 3833 mediam
1609 3779 1750 3832 tunc
1778 3769 2019 3832 transiit
2041 3771 2166 3833 ictu
2195 3771 2356 3834 Par-

139 3883 291 3927 mam
314 3914 328 3940 ‚
367 3887 498 3950 pro
541 3868 821 3951 transiyit
840 3916 853 3929 .
885 3859 1120 3950 'neque
1151 3866 1335 3950 apud
1365 3866 1704 3931 Tibullum
1733 3867 1802 3929 in
1832 3889 1875 3942 1,
1892 3866 1951 3941 4,
1968 3866 2048 3931 27
2080 3870 2357 3953 probari

140 3968 359 4042 potest
402 3964 589 4049 quod
622 3965 962 4049 plerisque
992 3963 1280 4048 placuit,
1311 3965 1553 4028 transiit
1579 3975 1745 4027 aetas
1781 3964 1981 4044 Quam
2010 3967 2124 4030 cito
2140 4015 2158 4046 ,
2192 3989 2358 4052 quo-

140 4056 307 4121 niam
343 4061 543 4139 Quam
582 4064 696 4126 cito
736 4063 805 4124 in
847 4063 1114 4126 duobus
1156 4062 1483 4146 proximis
1513 4063 1823 4127 versibus
1865 4063 1949 4127 ab
1986 4064 2174 4127 initio
2208 4087 2358 4128 sen-

141 4157 488 4222 tentiarum
529 4160 824 4243 positum
862 4160 1151 4223 recurrit
1183 4210 1195 4223 .
1236 4167 1423 4225 recte
1466 4160 1618 4224 libri
1661 4183 1891 4225 omnes
1934 4165 2224 4227 transiet:
2264 4165 2360 4227 ita

141 4254 328 4318 exient
360 4256 566 4321 Iulius
608 4258 970 4324 Modestus
1009 4259 1194 4344 apud
1225 4257 1600 4323 Charisium
1642 4281 1706 4344 p.
1741 4260 1899 4324 100:
1940 4262 2028 4325 At
2060 4263 2116 4324 si
2148 4263 2361 4325 tardus

143 4352 256 4414 eris
295 4354 524 4437 (immo
565 4358 899 4442 tardueris)
925 4405 940 4432 ‚
984 4358 1220 4421 errabis
1242 4383 1262 4420 .·
1302 4360 1554 4421 transiet
1594 4369 1760 4422 aetas
1791 4408 1803 4421 .
1859 4359 2057 4438 Quam
2095 4360 2209 4423 cito
2238 4383 2362 4423 non

142 4451 331 4531 seqnts
366 4464 482 4517 stat
507 4466 849 4541 remeatque
878 4454 1050 4519 dies!
1094 4476 1292 4540 quam
1325 4455 1462 4520 cito
1487 4504 1502 4531 ‚
1542 4455 1797 4540 inquit,
1838 4456 1983 4520 dies
2012 4478 2152 4520 non
2182 4465 2322 4521 stat
2341 4507 2356 4532 ‚
