2840 5008
1207 330 1275 396 V

85 528 227 570 nam
260 527 445 591 quac
480 527 776 592 cumque
807 505 998 569 vides
1026 506 1207 568 vesci
1236 506 1548 572 vitalibus
1579 505 1786 581 auriS‚

83 629 190 685 aut
220 619 431 685 dolus
466 630 594 686 aut
622 622 837 684 virtus
867 628 983 685 aut
1014 620 1300 705 denique
1331 621 1663 685 mobilitas
1694 631 1799 685 est

83 758 157 799 ex
184 736 477 800 ineunte
500 757 684 814 ⁶aevo
715 756 926 820 genus
953 735 1026 799 id
1052 743 1273 800 tutata
1300 757 1686 800 reservans:

27 869 43 913 3
77 850 427 935 multaque
463 860 663 925 sunt,
688 851 882 915 nobis
914 872 997 913 ex
1025 851 1310 915 utilitate
1341 872 1464 914 sua¹
1495 872 1668 935 quae

80 964 570 1029 commendata
597 975 870 1029 manent
887 1015 902 1041 ‚
923 965 1174 1029 tutelae
1203 965 1458 1030 tradita
1485 973 1791 1031 nostrae.

79 1080 416 1167 principio
451 1102 672 1166 genus
704 1102 857 1144 acre
885 1081 1148 1144 leonum
1180 1101 1516 1165 saevaque
1546 1081 1768 1145 saecla

84 1203 378 1259 tutatast
409 1196 641 1259 virtus
664 1245 678 1271 ‚
699 1197 938 1281 volpes
970 1194 1167 1258 dolus
1188 1244 1202 1269 ‚
1228 1202 1296 1259 et
1323 1194 1484 1281 fuga
1515 1217 1753 1260 cervos
1771 1246 1784 1259 .

83 1316 149 1373 at
174 1310 570 1375 levisomna
602 1332 839 1374 canum
866 1309 1001 1374 fido
1035 1332 1182 1373 cum
1210 1317 1488 1394 pectore
1521 1308 1756 1385 corda,

27 1441 45 1484 5
84 1432 146 1487 et
175 1446 404 1510 genus
440 1447 642 1489 omne
674 1424 865 1512 quod
891 1432 995 1489 est
1023 1425 1326 1488 veterino
1359 1426 1606 1488 semine
1636 1434 1930 1513 partum,

85 1539 575 1626 lanigeraeque
605 1541 798 1603 simul
826 1538 1119 1626 pecudes
1151 1547 1219 1603 et
1247 1541 1495 1604 bucera
1525 1540 1746 1604 saecla

36 1709 39 1710 γ
89 1656 307 1719 omnia
337 1664 512 1720 sunt
539 1656 880 1719 hominum
908 1656 1157 1719 tutelae
1187 1654 1435 1719 tradita
1453 1705 1468 1730 ‚
1492 1656 1786 1721 Memmi:

88 1791 236 1832 nam
269 1770 530 1856 cupide
559 1771 793 1857 fugere
821 1769 998 1834 feras
1018 1820 1032 1846 ‚
1055 1793 1424 1858 pacemque
1453 1779 1689 1854 secuta

89 1893 240 1949 sunt
271 1894 346 1950 et
375 1886 574 1972 larga
605 1908 729 1950 suo
763 1886 903 1949 sine
932 1887 1179 1971 pabula
1211 1896 1405 1972 parta
1432 1887 1667 1952 labore
1685 1935 1699 1960 ‚

28 2013 55 2058 '0
95 2020 262 2081 quae
295 2000 546 2065 damus
575 2002 880 2065 utilitatis
914 2023 1143 2065 eorum
1173 2003 1465 2085 praemia
1495 2024 1725 2067 causa.

97 2121 162 2176 at
189 2116 344 2199 quis
376 2118 476 2180 nil
503 2116 747 2180 horum
777 2117 1009 2180 tribuit
1035 2124 1277 2180 natura
1295 2166 1310 2193 ‚
1335 2138 1462 2180 nec
1491 2116 1638 2201 ipsa

98 2238 338 2315 sponte
369 2254 501 2295 sua
529 2239 813 2318 possent
839 2240 917 2295 ut
943 2233 1168 2296 vivere
1199 2254 1322 2295 nec
1355 2230 1516 2296 dare
1545 2232 1739 2297 nobis
1829 2241 1835 2250 ‘

99 2346 454 2411 utilitatem
486 2347 773 2431 aliquam
794 2397 808 2423 ,
833 2369 1037 2432 quare
1067 2355 1449 2434 pateremur
1480 2368 1708 2411 eorum

100 2460 441 2542 praesidio
471 2471 710 2527 nostro
742 2464 928 2550 pasci
957 2484 1168 2548 genus
1200 2484 1484 2549 esseque
1517 2470 1759 2540 tutum,

27 2588 68 2633 (5
107 2576 356 2642 scilicet
377 2629 397 2654 ‚
421 2579 591 2642 haec
621 2579 762 2643 aliis
793 2578 1083 2665 praedae
1113 2579 1438 2664 lucroque
1467 2581 1775 2644 iacebant

100 2689 500 2778 indupedita
529 2695 666 2759 suis
696 2694 1007 2758 fatalibus
1039 2695 1259 2758 omnia
1285 2695 1550 2771 vincIiS‚

108 2804 315 2873 donec
348 2810 445 2874 ad
471 2810 812 2888 interitum
841 2831 1051 2895 genus
1081 2810 1152 2873 id
1181 2818 1424 2875 natura
1449 2809 1714 2896 redegit
1733 2861 1746 2874 .

183 2921 320 2987 Sed
350 2947 577 3010 neque
610 2924 920 2989 Centauri
948 2925 1218 2989 fuerunt
1236 2975 1251 3001 ‚
1274 2934 1731 3012 nectempore
1759 2928 1827 2991 in
1858 2926 1991 2992 ullo
2035 2986 2036 2991 ,

111 3057 248 3101 esse
281 3049 547 3126 queunt
576 3040 823 3126 duplici
852 3050 1092 3104 natura
1127 3048 1195 3105 et
1224 3062 1510 3126 corpore
1539 3041 1697 3105 bino

28 3161 73 3209 80
112 3172 187 3214 ex
214 3156 604 3242 alienigenis
634 3157 942 3219 membris
974 3164 1325 3243 compacta
1343 3207 1358 3233 ‚
1379 3165 1687 3242 potestas
1735 3197 1739 3201 <

110 3266 253 3332 hinc
279 3272 467 3335 illinc
496 3272 705 3356 partis
733 3279 810 3335 ut
837 3272 893 3334 si
925 3293 1044 3357 par
1075 3293 1221 3335 esse
1249 3273 1550 3360 potissit.

111 3381 175 3444 id
201 3385 358 3450 licet
389 3387 876 3472 hinc-quamvis
905 3387 1135 3450 hebeti
1164 3409 1577 3473 cognoscere
1607 3387 1813 3453 corde
1832 3436 1845 3451 .

114 3500 433 3588 principio
465 3501 720 3566 circum
739 3502 953 3566 tribus
984 3503 1150 3567 actis
1178 3503 1457 3590 impiger
1487 3504 1677 3568 annis

115 3611 298 3682 floret
331 3638 493 3681 ecus
511 3665 526 3690 ‚
550 3639 718 3702 puer
747 3618 913 3682 haut
945 3638 1278 3702 quaquam
1299 3642 1312 3681 :
1333 3641 1489 3683 nam
1518 3640 1720 3704 saepe
1752 3620 1946 3683 etiam
1974 3641 2154 3685 nunc

27 3721 82 3783 ³35
117 3729 308 3797 ubera
337 3753 768 3796 mammarum
796 3733 864 3796 in
894 3734 1143 3797 somnis
1174 3721 1491 3798 lactantia
1522 3743 1830 3820 quaeret:

120 3856 265 3927 post
292 3847 411 3911 ubi
443 3868 631 3911 ecum
658 3847 920 3912 validae
949 3849 1126 3911 vires
1157 3856 1374 3923 aetate
1405 3858 1684 3929 senecta*

122 3965 536 4048 membraque
566 3962 885 4027 deficiunt
912 3963 1190 4048 fugienti
1221 3963 1536 4050 languida
1564 3965 1731 4039 vita,

2233 329 2371 400 185

129 4246 212 4294 859
244 4254 361 4300 tuta
417 4246 437 4314 ΙΙ
494 4252 591 4297 865
632 4246 798 4301 veteri
835 4264 942 4298 non
997 4249 1015 4314 ΙΙ
1072 4252 1170 4299 866
1207 4248 1410 4317 bugera
1451 4247 1470 4315 Η
1514 4254 1614 4300 868
1650 4256 1890 4301 secutae.
1927 4249 1946 4317 Η
1988 4253 2080 4300 871
2121 4249 2174 4299 ni
2213 4248 2231 4313 Η
2270 4254 2367 4299 873

130 4331 252 4391 quari
292 4331 311 4397 11
354 4336 449 4382 881
492 4330 671 4399 parvis
708 4338 765 4382 ut
800 4348 907 4382 non
943 4330 1013 4382 sit
1049 4347 1173 4400 pars
1211 4330 1230 4398 Η
1268 4337 1365 4383 884
1408 4348 1718 4401 quamquam
1757 4331 1777 4399 ΙΙ
1815 4336 1911 4383 885
1950 4329 2199 4382 laetantia
