<?xml version="1.0" encoding="UTF-8"?>
<!DOCTYPE html PUBLIC "-//W3C//DTD XHTML 1.0 Transitional//EN"
    "http://www.w3.org/TR/xhtml1/DTD/xhtml1-transitional.dtd">
<html xmlns="http://www.w3.org/1999/xhtml" xml:lang="en" lang="en">
 <head>
  <title>
</title>
<meta http-equiv="Content-Type" content="text/html;charset=utf-8" />
  <meta name='ocr-system' content='tesseract 3.04.00' />
  <meta name='ocr-capabilities' content='ocr_page ocr_carea ocr_par ocr_line ocrx_word'/>
</head>
<body>
  <div class='ocr_page' id='page_1' title='image "./tlucreticarider02lachgoog_0087.png"; bbox 0 0 2840 5008; ppageno 0'>
   <div class='ocr_carea' id='block_1_1' title="bbox 275 1242 2144 1616">
    <p class='ocr_par' dir='ltr' id='par_1_1' title="bbox 275 1242 2144 1616">
     <span class='ocr_line' id='line_1_1' title="bbox 686 1242 1771 1369; baseline 0.003 -3"><span class='ocrx_word' id='word_1_1' title='bbox 686 1287 771 1367; x_wconf 90' lang='lat' dir='ltr'><strong>T.</strong></span> <span class='ocrx_word' id='word_1_2' title='bbox 847 1242 1396 1367; x_wconf 78' lang='lat' dir='ltr'>LUORETI</span> <span class='ocrx_word' id='word_1_3' title='bbox 1472 1286 1771 1369; x_wconf 79' lang='lat' dir='ltr'>CARI</span> 
     </span>
     <span class='ocr_line' id='line_1_2' title="bbox 275 1506 2144 1616; baseline 0.002 -4"><span class='ocrx_word' id='word_1_4' title='bbox 275 1514 520 1612; x_wconf 87' lang='lat' dir='ltr'><strong>DE</strong></span> <span class='ocrx_word' id='word_1_5' title='bbox 650 1511 1277 1612; x_wconf 87' lang='lat' dir='ltr'><strong>RERUM</strong></span> <span class='ocrx_word' id='word_1_6' title='bbox 1382 1506 2144 1616; x_wconf 88' lang='lat' dir='ltr'><strong>NATURA</strong></span> 
     </span>
    </p>
   </div>
   <div class='ocr_carea' id='block_1_2' title="bbox 764 1755 1689 1821">
    <p class='ocr_par' dir='ltr' id='par_1_2' title="bbox 764 1755 1689 1821">
     <span class='ocr_line' id='line_1_3' title="bbox 764 1755 1689 1821; baseline 0.001 -3"><span class='ocrx_word' id='word_1_7' title='bbox 764 1755 1095 1819; x_wconf 88' lang='lat' dir='ltr'><strong>LIBER</strong></span> <span class='ocrx_word' id='word_1_8' title='bbox 1166 1755 1689 1821; x_wconf 79' lang='lat' dir='ltr'><strong>TERTIUS.</strong></span> 
     </span>
    </p>
   </div>
   <div class='ocr_carea' id='block_1_3' title="bbox 17 2231 2075 4202">
    <p class='ocr_par' dir='ltr' id='par_1_3' title="bbox 81 2231 1806 2351">
     <span class='ocr_line' id='line_1_4' title="bbox 81 2231 1806 2351; baseline -0.001 -3"><span class='ocrx_word' id='word_1_9' title='bbox 81 2231 169 2348; x_wconf 80' lang='lat' dir='ltr'><strong>E</strong></span> <span class='ocrx_word' id='word_1_10' title='bbox 198 2285 513 2351; x_wconf 90' lang='lat' dir='ltr'><strong>tenebris</strong></span> <span class='ocrx_word' id='word_1_11' title='bbox 546 2283 762 2347; x_wconf 90' lang='lat' dir='ltr'><strong>tantis</strong></span> <span class='ocrx_word' id='word_1_12' title='bbox 790 2289 925 2345; x_wconf 89' lang='lat' dir='ltr'><strong>tam</strong></span> <span class='ocrx_word' id='word_1_13' title='bbox 956 2282 1204 2344; x_wconf 90' lang='lat' dir='ltr'><strong>clarum</strong></span> <span class='ocrx_word' id='word_1_14' title='bbox 1236 2282 1558 2345; x_wconf 78' lang='lat' dir='ltr'><strong>extollere</strong></span> <span class='ocrx_word' id='word_1_15' title='bbox 1587 2284 1806 2347; x_wconf 90' lang='lat' dir='ltr'><strong>lumen</strong></span> 
     </span>
    </p>

    <p class='ocr_par' dir='ltr' id='par_1_4' title="bbox 20 2380 1923 2716">
     <span class='ocr_line' id='line_1_5' title="bbox 20 2380 1800 2485; baseline -0.001 -22"><span class='ocrx_word' id='word_1_16' title='bbox 20 2380 23 2385; x_wconf 30' lang='lat'>⁵</span> <span class='ocrx_word' id='word_1_17' title='bbox 79 2401 178 2483; x_wconf 77' lang='lat' dir='ltr'><strong>qui</strong></span> <span class='ocrx_word' id='word_1_18' title='bbox 203 2401 471 2485; x_wconf 89' lang='lat' dir='ltr'><strong>primus</strong></span> <span class='ocrx_word' id='word_1_19' title='bbox 506 2397 799 2484; x_wconf 83' lang='lat' dir='ltr'><strong>potuisti</strong></span> <span class='ocrx_word' id='word_1_20' title='bbox 825 2396 1187 2459; x_wconf 82' lang='lat' dir='ltr'><strong>inlustrans</strong></span> <span class='ocrx_word' id='word_1_21' title='bbox 1220 2395 1569 2460; x_wconf 88' lang='lat' dir='ltr'><strong>commoda</strong></span> <span class='ocrx_word' id='word_1_22' title='bbox 1597 2399 1800 2473; x_wconf 80' lang='lat' dir='ltr'><strong>vitae,</strong></span> 
     </span>
     <span class='ocr_line' id='line_1_6' title="bbox 79 2511 1923 2600; baseline -0.001 -24"><span class='ocrx_word' id='word_1_23' title='bbox 79 2522 138 2577; x_wconf 89' lang='lat' dir='ltr'><strong>te</strong></span> <span class='ocrx_word' id='word_1_24' title='bbox 164 2537 422 2600; x_wconf 89' lang='lat' dir='ltr'><strong>sequor</strong></span> <span class='ocrx_word' id='word_1_25' title='bbox 443 2563 460 2589; x_wconf 85' lang='lat'><strong>‚</strong></span> <span class='ocrx_word' id='word_1_26' title='bbox 490 2536 534 2576; x_wconf 93' lang='lat' dir='ltr'><strong>o</strong></span> <span class='ocrx_word' id='word_1_27' title='bbox 572 2512 815 2575; x_wconf 84' lang='lat' dir='ltr'><strong>Graiae</strong></span> <span class='ocrx_word' id='word_1_28' title='bbox 844 2513 1061 2597; x_wconf 82' lang='lat' dir='ltr'><strong>gentis</strong></span> <span class='ocrx_word' id='word_1_29' title='bbox 1094 2511 1298 2575; x_wconf 85' lang='lat' dir='ltr'><strong>decus</strong></span> <span class='ocrx_word' id='word_1_30' title='bbox 1319 2561 1333 2587; x_wconf 88' lang='lat'>‚</span> <span class='ocrx_word' id='word_1_31' title='bbox 1356 2514 1558 2596; x_wconf 88' lang='lat' dir='ltr'><strong>inque</strong></span> <span class='ocrx_word' id='word_1_32' title='bbox 1587 2514 1717 2575; x_wconf 87' lang='lat' dir='ltr'><strong>tuis</strong></span> <span class='ocrx_word' id='word_1_33' title='bbox 1746 2535 1923 2575; x_wconf 86' lang='lat' dir='ltr'><strong>nunc</strong></span> 
     </span>
     <span class='ocr_line' id='line_1_7' title="bbox 77 2627 1596 2716; baseline -0.005 -21"><span class='ocrx_word' id='word_1_34' title='bbox 77 2629 216 2698; x_wconf 87' lang='lat' dir='ltr'><strong>ficta</strong></span> <span class='ocrx_word' id='word_1_35' title='bbox 242 2629 513 2716; x_wconf 88' lang='lat' dir='ltr'><strong>pedum</strong></span> <span class='ocrx_word' id='word_1_36' title='bbox 544 2648 730 2712; x_wconf 89' lang='lat' dir='ltr'><strong>pono</strong></span> <span class='ocrx_word' id='word_1_37' title='bbox 760 2627 1010 2711; x_wconf 80' lang='lat' dir='ltr'><strong>pressis</strong></span> <span class='ocrx_word' id='word_1_38' title='bbox 1040 2628 1325 2712; x_wconf 82' lang='lat' dir='ltr'><strong>vestigia</strong></span> <span class='ocrx_word' id='word_1_39' title='bbox 1356 2627 1561 2711; x_wconf 86' lang='lat' dir='ltr'><strong>signis</strong></span> <span class='ocrx_word' id='word_1_40' title='bbox 1582 2675 1596 2701; x_wconf 87' lang='lat'>,</span> 
     </span>
    </p>

    <p class='ocr_par' dir='ltr' id='par_1_5' title="bbox 17 2739 2075 3286">
     <span class='ocr_line' id='line_1_8' title="bbox 17 2739 1852 2828; baseline -0.004 -18"><span class='ocrx_word' id='word_1_41' title='bbox 17 2757 32 2810; x_wconf 73' lang='lat'><strong>:⁵</strong></span> <span class='ocrx_word' id='word_1_42' title='bbox 76 2764 199 2806; x_wconf 89' lang='lat' dir='ltr'><strong>non</strong></span> <span class='ocrx_word' id='word_1_43' title='bbox 225 2744 323 2808; x_wconf 89' lang='lat' dir='ltr'><strong>ita</strong></span> <span class='ocrx_word' id='word_1_44' title='bbox 355 2739 682 2807; x_wconf 86' lang='lat' dir='ltr'><strong>certandi</strong></span> <span class='ocrx_word' id='word_1_45' title='bbox 711 2740 994 2825; x_wconf 86' lang='lat' dir='ltr'><strong>cupidus</strong></span> <span class='ocrx_word' id='word_1_46' title='bbox 1025 2763 1221 2826; x_wconf 87' lang='lat' dir='ltr'><strong>quam</strong></span> <span class='ocrx_word' id='word_1_47' title='bbox 1249 2749 1531 2828; x_wconf 91' lang='lat' dir='ltr'><strong>propter</strong></span> <span class='ocrx_word' id='word_1_48' title='bbox 1562 2762 1852 2803; x_wconf 89' lang='lat' dir='ltr'><strong>amorem</strong></span> 
     </span>
     <span class='ocr_line' id='line_1_9' title="bbox 82 2854 2075 2944; baseline 0.001 -26"><span class='ocrx_word' id='word_1_49' title='bbox 82 2856 253 2938; x_wconf 88' lang='lat' dir='ltr'><strong>quod</strong></span> <span class='ocrx_word' id='word_1_50' title='bbox 280 2865 353 2921; x_wconf 90' lang='lat' dir='ltr'><strong>te</strong></span> <span class='ocrx_word' id='word_1_51' title='bbox 383 2856 643 2921; x_wconf 90' lang='lat' dir='ltr'><strong>imitari</strong></span> <span class='ocrx_word' id='word_1_52' title='bbox 673 2876 874 2919; x_wconf 83' lang='lat' dir='ltr'><strong>aveo:</strong></span> <span class='ocrx_word' id='word_1_53' title='bbox 899 2855 1062 2941; x_wconf 87' lang='lat' dir='ltr'><strong>quid</strong></span> <span class='ocrx_word' id='word_1_54' title='bbox 1092 2858 1262 2919; x_wconf 89' lang='lat' dir='ltr'><strong>enim</strong></span> <span class='ocrx_word' id='word_1_55' title='bbox 1294 2854 1663 2920; x_wconf 87' lang='lat' dir='ltr'><strong>contendat</strong></span> <span class='ocrx_word' id='word_1_56' title='bbox 1690 2856 1980 2919; x_wconf 86' lang='lat' dir='ltr'><strong>hirundo</strong></span> <span class='ocrx_word' id='word_1_57' title='bbox 2069 2938 2075 2944; x_wconf 21' lang='grc' dir='ltr'>ι</span> 
     </span>
     <span class='ocr_line' id='line_1_10' title="bbox 81 2968 1978 3056; baseline -0.001 -23"><span class='ocrx_word' id='word_1_58' title='bbox 81 2973 295 3056; x_wconf 80' lang='lat' dir='ltr'><strong>cycnis</strong></span> <span class='ocrx_word' id='word_1_59' title='bbox 314 3022 331 3048; x_wconf 85' lang='lat'><strong>‚</strong></span> <span class='ocrx_word' id='word_1_60' title='bbox 357 2980 489 3036; x_wconf 88' lang='lat' dir='ltr'><strong>aut</strong></span> <span class='ocrx_word' id='word_1_61' title='bbox 522 2968 685 3054; x_wconf 86' lang='lat' dir='ltr'><strong>quid</strong></span> <span class='ocrx_word' id='word_1_62' title='bbox 713 2991 867 3033; x_wconf 91' lang='lat' dir='ltr'><strong>nam</strong></span> <span class='ocrx_word' id='word_1_63' title='bbox 895 2971 1193 3034; x_wconf 79' lang='lat' dir='ltr'><strong>tremulis</strong></span> <span class='ocrx_word' id='word_1_64' title='bbox 1222 2970 1444 3034; x_wconf 86' lang='lat' dir='ltr'><strong>facere</strong></span> <span class='ocrx_word' id='word_1_65' title='bbox 1475 2971 1751 3033; x_wconf 87' lang='lat' dir='ltr'><strong>artubus</strong></span> <span class='ocrx_word' id='word_1_66' title='bbox 1781 2969 1978 3033; x_wconf 89' lang='lat' dir='ltr'><strong>haedi</strong></span> 
     </span>
     <span class='ocr_line' id='line_1_11' title="bbox 83 3084 1734 3171; baseline 0.001 -26"><span class='ocrx_word' id='word_1_67' title='bbox 83 3086 416 3149; x_wconf 84' lang='lat' dir='ltr'><strong>consimile</strong></span> <span class='ocrx_word' id='word_1_68' title='bbox 449 3087 530 3150; x_wconf 88' lang='lat' dir='ltr'><strong>in</strong></span> <span class='ocrx_word' id='word_1_69' title='bbox 562 3097 759 3148; x_wconf 75' lang='lat' dir='ltr'><strong>cursu·</strong></span> <span class='ocrx_word' id='word_1_70' title='bbox 787 3084 1050 3171; x_wconf 85' lang='lat' dir='ltr'><strong>possint</strong></span> <span class='ocrx_word' id='word_1_71' title='bbox 1080 3093 1149 3148; x_wconf 93' lang='lat' dir='ltr'><strong>et</strong></span> <span class='ocrx_word' id='word_1_72' title='bbox 1174 3085 1370 3148; x_wconf 85' lang='lat' dir='ltr'><strong>fortis</strong></span> <span class='ocrx_word' id='word_1_73' title='bbox 1403 3086 1556 3170; x_wconf 90' lang='lat' dir='ltr'><strong>equi</strong></span> <span class='ocrx_word' id='word_1_74' title='bbox 1584 3084 1734 3149; x_wconf 84' lang='lat' dir='ltr'><strong>vis?</strong></span> 
     </span>
     <span class='ocr_line' id='line_1_12' title="bbox 82 3191 1729 3286; baseline 0 -25"><span class='ocrx_word' id='word_1_75' title='bbox 82 3205 174 3273; x_wconf 82' lang='lat' dir='ltr'><strong>tu,</strong></span> <span class='ocrx_word' id='word_1_76' title='bbox 193 3210 394 3286; x_wconf 88' lang='lat' dir='ltr'><strong>pater</strong></span> <span class='ocrx_word' id='word_1_77' title='bbox 416 3249 433 3276; x_wconf 86' lang='lat'>‚</span> <span class='ocrx_word' id='word_1_78' title='bbox 462 3222 543 3263; x_wconf 90' lang='lat' dir='ltr'><strong>es</strong></span> <span class='ocrx_word' id='word_1_79' title='bbox 570 3220 791 3263; x_wconf 88' lang='lat' dir='ltr'><strong>rerum</strong></span> <span class='ocrx_word' id='word_1_80' title='bbox 818 3200 1127 3264; x_wconf 87' lang='lat' dir='ltr'><strong>inventor</strong></span> <span class='ocrx_word' id='word_1_81' title='bbox 1146 3248 1160 3274; x_wconf 83' lang='lat'>‚</span> <span class='ocrx_word' id='word_1_82' title='bbox 1182 3191 1259 3263; x_wconf 85' lang='lat' dir='ltr'><strong>tu</strong></span> <span class='ocrx_word' id='word_1_83' title='bbox 1288 3200 1506 3285; x_wconf 87' lang='lat' dir='ltr'><strong>patria</strong></span> <span class='ocrx_word' id='word_1_84' title='bbox 1534 3199 1729 3264; x_wconf 90' lang='lat' dir='ltr'><strong>nobis</strong></span> 
     </span>
    </p>

    <p class='ocr_par' dir='ltr' id='par_1_6' title="bbox 18 3314 1956 3856">
     <span class='ocr_line' id='line_1_13' title="bbox 18 3314 1956 3401; baseline 0.002 -29"><span class='ocrx_word' id='word_1_85' title='bbox 18 3323 40 3368; x_wconf 87' lang='lat'>0</span> <span class='ocrx_word' id='word_1_86' title='bbox 87 3316 480 3400; x_wconf 81' lang='lat' dir='ltr'><strong>suppeditas</strong></span> <span class='ocrx_word' id='word_1_87' title='bbox 514 3323 912 3401; x_wconf 87' lang='lat' dir='ltr'><strong>praecepta,</strong></span> <span class='ocrx_word' id='word_1_88' title='bbox 934 3315 1203 3399; x_wconf 88' lang='lat' dir='ltr'><strong>tuisque</strong></span> <span class='ocrx_word' id='word_1_89' title='bbox 1235 3336 1317 3378; x_wconf 87' lang='lat' dir='ltr'><strong>ex</strong></span> <span class='ocrx_word' id='word_1_90' title='bbox 1336 3365 1350 3390; x_wconf 90' lang='lat'><strong>‚</strong></span> <span class='ocrx_word' id='word_1_91' title='bbox 1372 3315 1619 3386; x_wconf 87' lang='lat' dir='ltr'><strong>inclute</strong></span> <span class='ocrx_word' id='word_1_92' title='bbox 1639 3364 1653 3390; x_wconf 85' lang='lat'>‚</span> <span class='ocrx_word' id='word_1_93' title='bbox 1678 3314 1956 3388; x_wconf 78' lang='lat' dir='ltr'><strong>chartiS‚</strong></span> 
     </span>
     <span class='ocr_line' id='line_1_14' title="bbox 81 3425 1612 3513; baseline 0.003 -25"><span class='ocrx_word' id='word_1_94' title='bbox 81 3425 377 3493; x_wconf 87' lang='lat' dir='ltr'><strong>floriferis</strong></span> <span class='ocrx_word' id='word_1_95' title='bbox 409 3437 497 3492; x_wconf 91' lang='lat' dir='ltr'><strong>ut</strong></span> <span class='ocrx_word' id='word_1_96' title='bbox 530 3448 689 3513; x_wconf 91' lang='lat' dir='ltr'><strong>apes</strong></span> <span class='ocrx_word' id='word_1_97' title='bbox 718 3429 786 3491; x_wconf 90' lang='lat' dir='ltr'><strong>in</strong></span> <span class='ocrx_word' id='word_1_98' title='bbox 817 3429 1095 3492; x_wconf 88' lang='lat' dir='ltr'><strong>saltibus</strong></span> <span class='ocrx_word' id='word_1_99' title='bbox 1127 3430 1345 3493; x_wconf 89' lang='lat' dir='ltr'><strong>omnia</strong></span> <span class='ocrx_word' id='word_1_100' title='bbox 1373 3430 1612 3504; x_wconf 80' lang='lat' dir='ltr'><strong>libant,</strong></span> 
     </span>
     <span class='ocr_line' id='line_1_15' title="bbox 84 3541 1634 3629; baseline 0.003 -27"><span class='ocrx_word' id='word_1_101' title='bbox 84 3543 285 3607; x_wconf 89' lang='lat' dir='ltr'><strong>omnia</strong></span> <span class='ocrx_word' id='word_1_102' title='bbox 313 3565 457 3607; x_wconf 87' lang='lat' dir='ltr'><strong>nos</strong></span> <span class='ocrx_word' id='word_1_103' title='bbox 487 3541 715 3606; x_wconf 88' lang='lat' dir='ltr'><strong>itidem</strong></span> <span class='ocrx_word' id='word_1_104' title='bbox 745 3541 1164 3629; x_wconf 89' lang='lat' dir='ltr'><strong>depascimur</strong></span> <span class='ocrx_word' id='word_1_105' title='bbox 1193 3564 1396 3607; x_wconf 89' lang='lat' dir='ltr'><strong>aurea</strong></span> <span class='ocrx_word' id='word_1_106' title='bbox 1425 3542 1634 3617; x_wconf 87' lang='lat' dir='ltr'><strong>dicta,</strong></span> 
     </span>
     <span class='ocr_line' id='line_1_16' title="bbox 83 3655 1582 3743; baseline 0.003 -29"><span class='ocrx_word' id='word_1_107' title='bbox 83 3673 269 3721; x_wconf 85' lang='lat' dir='ltr'><strong>aurea</strong></span> <span class='ocrx_word' id='word_1_108' title='bbox 286 3707 303 3734; x_wconf 85' lang='lat'>‚</span> <span class='ocrx_word' id='word_1_109' title='bbox 325 3663 673 3743; x_wconf 89' lang='lat' dir='ltr'><strong>perpetua</strong></span> <span class='ocrx_word' id='word_1_110' title='bbox 701 3660 963 3743; x_wconf 87' lang='lat' dir='ltr'><strong>seinper</strong></span> <span class='ocrx_word' id='word_1_111' title='bbox 994 3655 1380 3742; x_wconf 86' lang='lat' dir='ltr'><strong>dignissima</strong></span> <span class='ocrx_word' id='word_1_112' title='bbox 1411 3658 1550 3721; x_wconf 87' lang='lat' dir='ltr'><strong>vita</strong></span> <span class='ocrx_word' id='word_1_113' title='bbox 1569 3704 1582 3718; x_wconf 91' lang='lat'><strong>.</strong></span> 
     </span>
     <span class='ocr_line' id='line_1_17' title="bbox 80 3770 1549 3856; baseline 0.003 -27"><span class='ocrx_word' id='word_1_114' title='bbox 80 3789 217 3832; x_wconf 89' lang='lat' dir='ltr'><strong>nam</strong></span> <span class='ocrx_word' id='word_1_115' title='bbox 246 3770 457 3834; x_wconf 91' lang='lat' dir='ltr'><strong>simul</strong></span> <span class='ocrx_word' id='word_1_116' title='bbox 488 3791 568 3832; x_wconf 89' lang='lat' dir='ltr'><strong>ac</strong></span> <span class='ocrx_word' id='word_1_117' title='bbox 595 3770 767 3833; x_wconf 90' lang='lat' dir='ltr'><strong>ratio</strong></span> <span class='ocrx_word' id='word_1_118' title='bbox 797 3779 915 3834; x_wconf 91' lang='lat' dir='ltr'><strong>tua</strong></span> <span class='ocrx_word' id='word_1_119' title='bbox 945 3773 1169 3856; x_wconf 91' lang='lat' dir='ltr'><strong>coepit</strong></span> <span class='ocrx_word' id='word_1_120' title='bbox 1195 3772 1549 3836; x_wconf 86' lang='lat' dir='ltr'><strong>vociferari</strong></span> 
     </span>
    </p>

    <p class='ocr_par' dir='ltr' id='par_1_7' title="bbox 17 3883 1656 4202">
     <span class='ocr_line' id='line_1_18' title="bbox 17 3883 1475 3962; baseline 0.003 -17"><span class='ocrx_word' id='word_1_121' title='bbox 17 3893 35 3938; x_wconf 81' lang='lat'><strong>5</strong></span> <span class='ocrx_word' id='word_1_122' title='bbox 82 3890 386 3947; x_wconf 88' lang='lat' dir='ltr'><strong>naturam</strong></span> <span class='ocrx_word' id='word_1_123' title='bbox 417 3905 649 3947; x_wconf 91' lang='lat' dir='ltr'><strong>rerum</strong></span> <span class='ocrx_word' id='word_1_124' title='bbox 667 3933 682 3960; x_wconf 89' lang='lat'>‚</span> <span class='ocrx_word' id='word_1_125' title='bbox 706 3883 930 3949; x_wconf 85' lang='lat' dir='ltr'><strong>divina</strong></span> <span class='ocrx_word' id='word_1_126' title='bbox 956 3895 1176 3951; x_wconf 89' lang='lat' dir='ltr'><strong>mente</strong></span> <span class='ocrx_word' id='word_1_127' title='bbox 1206 3894 1442 3952; x_wconf 92' lang='lat' dir='ltr'><strong>coorta</strong></span> <span class='ocrx_word' id='word_1_128' title='bbox 1460 3935 1475 3962; x_wconf 92' lang='lat'>,</span> 
     </span>
     <span class='ocr_line' id='line_1_19' title="bbox 84 3995 1551 4085; baseline 0.005 -29"><span class='ocrx_word' id='word_1_129' title='bbox 84 3995 435 4085; x_wconf 85' lang='lat' dir='ltr'><strong>diffugiunt</strong></span> <span class='ocrx_word' id='word_1_130' title='bbox 462 3999 662 4061; x_wconf 88' lang='lat' dir='ltr'><strong>animi</strong></span> <span class='ocrx_word' id='word_1_131' title='bbox 685 4007 977 4064; x_wconf 88' lang='lat' dir='ltr'><strong>terrores</strong></span> <span class='ocrx_word' id='word_1_132' title='bbox 996 4050 1011 4077; x_wconf 88' lang='lat'>‚</span> <span class='ocrx_word' id='word_1_133' title='bbox 1034 4002 1294 4066; x_wconf 92' lang='lat' dir='ltr'><strong>moenia</strong></span> <span class='ocrx_word' id='word_1_134' title='bbox 1321 3999 1551 4065; x_wconf 88' lang='lat' dir='ltr'><strong>mundi</strong></span> 
     </span>
     <span class='ocr_line' id='line_1_20' title="bbox 85 4106 1656 4202; baseline 0.002 -30"><span class='ocrx_word' id='word_1_135' title='bbox 85 4106 474 4188; x_wconf 82' lang='lat' dir='ltr'><strong>discedunt,</strong></span> <span class='ocrx_word' id='word_1_136' title='bbox 497 4121 715 4177; x_wconf 90' lang='lat' dir='ltr'><strong>totum</strong></span> <span class='ocrx_word' id='word_1_137' title='bbox 745 4112 941 4179; x_wconf 87' lang='lat' dir='ltr'><strong>video</strong></span> <span class='ocrx_word' id='word_1_138' title='bbox 971 4138 1091 4202; x_wconf 90' lang='lat' dir='ltr'><strong>per</strong></span> <span class='ocrx_word' id='word_1_139' title='bbox 1118 4117 1313 4181; x_wconf 90' lang='lat' dir='ltr'><strong>inane</strong></span> <span class='ocrx_word' id='word_1_140' title='bbox 1343 4116 1486 4201; x_wconf 88' lang='lat' dir='ltr'><strong>geri</strong></span> <span class='ocrx_word' id='word_1_141' title='bbox 1513 4136 1621 4177; x_wconf 91' lang='lat' dir='ltr'><strong>res</strong></span> <span class='ocrx_word' id='word_1_142' title='bbox 1643 4162 1656 4174; x_wconf 89' lang='lat'><strong>.</strong></span> 
     </span>
    </p>
   </div>
   <div class='ocr_carea' id='block_1_4' title="bbox 84 4275 485 4288">
    <p class='ocr_par' dir='ltr' id='par_1_8' title="bbox 84 4275 485 4288">
     <span class='ocr_line' id='line_1_21' title="bbox 84 4275 485 4288; baseline 0 720"><span class='ocrx_word' id='word_1_143' title='bbox 84 4275 485 4288; x_wconf 95' lang='lat' dir='ltr'><strong> </strong></span> 
     </span>
    </p>
   </div>
   <div class='ocr_carea' id='block_1_5' title="bbox 92 4356 1452 4427">
    <p class='ocr_par' dir='ltr' id='par_1_9' title="bbox 92 4356 1452 4427">
     <span class='ocr_line' id='line_1_22' title="bbox 92 4356 1452 4427; baseline 0.003 -20"><span class='ocrx_word' id='word_1_144' title='bbox 92 4359 110 4402; x_wconf 94' lang='lat' dir='ltr'><strong>l</strong></span> <span class='ocrx_word' id='word_1_145' title='bbox 147 4356 192 4407; x_wconf 92' lang='grc' dir='ltr'><strong>Ο</strong></span> <span class='ocrx_word' id='word_1_146' title='bbox 229 4357 249 4424; x_wconf 84' lang='grc' dir='ltr'><strong>ΙΙ</strong></span> <span class='ocrx_word' id='word_1_147' title='bbox 289 4365 317 4410; x_wconf 90' lang='grc'><strong>7</strong></span> <span class='ocrx_word' id='word_1_148' title='bbox 361 4358 584 4427; x_wconf 86' lang='lat' dir='ltr'><strong>Cycniis</strong></span> <span class='ocrx_word' id='word_1_149' title='bbox 623 4359 643 4425; x_wconf 88' lang='grc' dir='ltr'><strong>ΙΙ</strong></span> <span class='ocrx_word' id='word_1_150' title='bbox 689 4365 742 4410; x_wconf 85' lang='grc'><strong>11</strong></span> <span class='ocrx_word' id='word_1_151' title='bbox 782 4359 986 4412; x_wconf 84' lang='lat' dir='ltr'><strong>limant.</strong></span> <span class='ocrx_word' id='word_1_152' title='bbox 1027 4359 1046 4427; x_wconf 85' lang='grc' dir='ltr'><strong>ΙΙ</strong></span> <span class='ocrx_word' id='word_1_153' title='bbox 1087 4368 1144 4412; x_wconf 83' lang='grc'><strong>15</strong></span> <span class='ocrx_word' id='word_1_154' title='bbox 1185 4367 1452 4413; x_wconf 87' lang='lat' dir='ltr'><strong>coortam.</strong></span> 
     </span>
    </p>
   </div>
  </div>
 </body>
</html>
