<?xml version="1.0" encoding="UTF-8"?>
<!DOCTYPE html PUBLIC "-//W3C//DTD XHTML 1.0 Transitional//EN"
    "http://www.w3.org/TR/xhtml1/DTD/xhtml1-transitional.dtd">
<html xmlns="http://www.w3.org/1999/xhtml" xml:lang="en" lang="en">
 <head>
  <title>
</title>
<meta http-equiv="Content-Type" content="text/html;charset=utf-8" />
  <meta name='ocr-system' content='tesseract 3.04.00' />
  <meta name='ocr-capabilities' content='ocr_page ocr_carea ocr_par ocr_line ocrx_word'/>
</head>
<body>
  <div class='ocr_page' id='page_1' title='image "./tlucreticarider02lachgoog_0688.png"; bbox 0 0 2840 5008; ppageno 0'>
   <div class='ocr_carea' id='block_1_1' title="bbox 512 350 1753 459">
    <p class='ocr_par' dir='ltr' id='par_1_1' title="bbox 512 350 1753 459">
     <span class='ocr_line' id='line_1_1' title="bbox 512 350 1753 459; baseline 0.003 -5"><span class='ocrx_word' id='word_1_1' title='bbox 512 387 646 454; x_wconf 76' lang='lat'>416</span> <span class='ocrx_word' id='word_1_2' title='bbox 824 350 831 357; x_wconf 69' lang='grc'><em>’</em></span> <span class='ocrx_word' id='word_1_3' title='bbox 1569 392 1666 459; x_wconf 88' lang='lat' dir='ltr'>vl</span> <span class='ocrx_word' id='word_1_4' title='bbox 1737 388 1753 403; x_wconf 89' lang='lat'><strong>·</strong></span> 
     </span>
    </p>
   </div>
   <div class='ocr_carea' id='block_1_2' title="bbox 464 561 2712 4285">
    <p class='ocr_par' dir='ltr' id='par_1_2' title="bbox 496 561 2712 1336">
     <span class='ocr_line' id='line_1_2' title="bbox 505 561 2706 657; baseline 0.006 -34"><span class='ocrx_word' id='word_1_5' title='bbox 505 561 683 647; x_wconf 89' lang='lat' dir='ltr'>longi</span> <span class='ocrx_word' id='word_1_6' title='bbox 714 570 782 624; x_wconf 90' lang='lat' dir='ltr'>et</span> <span class='ocrx_word' id='word_1_7' title='bbox 810 561 1178 627; x_wconf 88' lang='lat' dir='ltr'>Brixiensis</span> <span class='ocrx_word' id='word_1_8' title='bbox 1210 563 1418 629; x_wconf 86' lang='lat' dir='ltr'>editio</span> <span class='ocrx_word' id='word_1_9' title='bbox 1451 588 1701 650; x_wconf 73' lang='lat' dir='ltr'>aeyros.</span> <span class='ocrx_word' id='word_1_10' title='bbox 1746 568 2078 633; x_wconf 86' lang='lat' dir='ltr'>Antonius</span> <span class='ocrx_word' id='word_1_11' title='bbox 2109 570 2309 634; x_wconf 86' lang='lat' dir='ltr'>Marii</span> <span class='ocrx_word' id='word_1_12' title='bbox 2336 576 2538 657; x_wconf 71' lang='lat' dir='ltr'>piqris</span> <span class='ocrx_word' id='word_1_13' title='bbox 2576 598 2706 637; x_wconf 71' lang='lat' dir='ltr'>BA-</span> 
     </span>
     <span class='ocr_line' id='line_1_3' title="bbox 501 662 2704 756; baseline 0.006 -35"><span class='ocrx_word' id='word_1_14' title='bbox 501 683 538 721; x_wconf 72' lang='lat'>1,</span> <span class='ocrx_word' id='word_1_15' title='bbox 556 681 655 721; x_wconf 74' lang='grc' dir='ltr'>ΛΝ</span> <span class='ocrx_word' id='word_1_16' title='bbox 672 683 711 722; x_wconf 80' lang='grc' dir='ltr'><strong>Τ</strong></span> <span class='ocrx_word' id='word_1_17' title='bbox 729 682 748 721; x_wconf 91' lang='lat'>1</span> <span class='ocrx_word' id='word_1_18' title='bbox 766 682 857 723; x_wconf 77' lang='lat' dir='ltr'>Bu</span> <span class='ocrx_word' id='word_1_19' title='bbox 875 683 908 723; x_wconf 89' lang='lat' dir='ltr'>s</span> <span class='ocrx_word' id='word_1_20' title='bbox 937 685 1149 746; x_wconf 73' lang='lat' dir='ltr'>aeqros</span> <span class='ocrx_word' id='word_1_21' title='bbox 1169 710 1182 726; x_wconf 92' lang='lat'><strong>.</strong></span> <span class='ocrx_word' id='word_1_22' title='bbox 1216 662 1541 741; x_wconf 82' lang='lat' dir='ltr'>Marullus</span> <span class='ocrx_word' id='word_1_23' title='bbox 1563 667 1872 748; x_wconf 81' lang='lat' dir='ltr'><em>pecudum</em></span> <span class='ocrx_word' id='word_1_24' title='bbox 1900 667 2197 733; x_wconf 79' lang='lat' dir='ltr'>balatibus</span> <span class='ocrx_word' id='word_1_25' title='bbox 2225 673 2431 756; x_wconf 73' lang='lat' dir='ltr'>aeyris</span> <span class='ocrx_word' id='word_1_26' title='bbox 2453 693 2535 735; x_wconf 83' lang='lat' dir='ltr'>ex</span> <span class='ocrx_word' id='word_1_27' title='bbox 2558 671 2704 736; x_wconf 87' lang='lat' dir='ltr'>Ovi-</span> 
     </span>
     <span class='ocr_line' id='line_1_4' title="bbox 501 757 2703 852; baseline 0.006 -31"><span class='ocrx_word' id='word_1_28' title='bbox 501 757 613 821; x_wconf 84' lang='lat' dir='ltr'>dio</span> <span class='ocrx_word' id='word_1_29' title='bbox 644 767 901 822; x_wconf 86' lang='lat' dir='ltr'>metam.</span> <span class='ocrx_word' id='word_1_30' title='bbox 934 782 1048 838; x_wconf 82' lang='lat' dir='ltr'>vu,</span> <span class='ocrx_word' id='word_1_31' title='bbox 1068 760 1190 823; x_wconf 87' lang='grc'>540</span> <span class='ocrx_word' id='word_1_32' title='bbox 1214 807 1227 821; x_wconf 95' lang='grc'><strong>.</strong></span> <span class='ocrx_word' id='word_1_33' title='bbox 1271 760 1390 824; x_wconf 88' lang='lat' dir='ltr'>sed</span> <span class='ocrx_word' id='word_1_34' title='bbox 1441 762 1844 845; x_wconf 88' lang='lat' dir='ltr'>servandum</span> <span class='ocrx_word' id='word_1_35' title='bbox 1888 772 1994 828; x_wconf 90' lang='lat' dir='ltr'>est</span> <span class='ocrx_word' id='word_1_36' title='bbox 2023 790 2245 852; x_wconf 74' lang='lat' dir='ltr'>acyror</span> <span class='ocrx_word' id='word_1_37' title='bbox 2265 818 2283 847; x_wconf 85' lang='lat'><strong><em>,</em></strong></span> <span class='ocrx_word' id='word_1_38' title='bbox 2332 777 2403 832; x_wconf 86' lang='lat' dir='ltr'>et</span> <span class='ocrx_word' id='word_1_39' title='bbox 2432 770 2703 834; x_wconf 87' lang='lat' dir='ltr'>redden-</span> 
     </span>
     <span class='ocr_line' id='line_1_5' title="bbox 501 853 2705 949; baseline 0.006 -30"><span class='ocrx_word' id='word_1_40' title='bbox 501 856 656 919; x_wconf 90' lang='lat' dir='ltr'>dum</span> <span class='ocrx_word' id='word_1_41' title='bbox 701 856 995 921; x_wconf 86' lang='lat' dir='ltr'>Pacuvio</span> <span class='ocrx_word' id='word_1_42' title='bbox 1040 858 1106 922; x_wconf 89' lang='lat' dir='ltr'>in</span> <span class='ocrx_word' id='word_1_43' title='bbox 1149 858 1482 924; x_wconf 83' lang='lat' dir='ltr'>Periboea</span> <span class='ocrx_word' id='word_1_44' title='bbox 1524 860 1658 934; x_wconf 87' lang='lat' dir='ltr'>sic,</span> <span class='ocrx_word' id='word_1_45' title='bbox 1703 853 2038 949; x_wconf 68' lang='lat' dir='ltr'>corpusque</span> <span class='ocrx_word' id='word_1_46' title='bbox 2079 888 2281 929; x_wconf 88' lang='lat' dir='ltr'>meum</span> <span class='ocrx_word' id='word_1_47' title='bbox 2326 868 2439 930; x_wconf 80' lang='lat' dir='ltr'>tali</span> <span class='ocrx_word' id='word_1_48' title='bbox 2475 869 2705 932; x_wconf 87' lang='lat' dir='ltr'>Merore</span> 
     </span>
     <span class='ocr_line' id='line_1_6' title="bbox 499 958 2705 1051; baseline 0.004 -31"><span class='ocrx_word' id='word_1_49' title='bbox 499 979 750 1042; x_wconf 59' lang='lat' dir='ltr'>negt-ore</span> <span class='ocrx_word' id='word_1_50' title='bbox 773 979 1019 1020; x_wconf 81' lang='lat' dir='ltr'><strong><em>macore</em></strong></span> <span class='ocrx_word' id='word_1_51' title='bbox 1057 968 1258 1021; x_wconf 81' lang='lat' dir='ltr'>senet:</span> <span class='ocrx_word' id='word_1_52' title='bbox 1299 959 1368 1021; x_wconf 93' lang='lat' dir='ltr'>in</span> <span class='ocrx_word' id='word_1_53' title='bbox 1397 958 1601 1022; x_wconf 91' lang='lat' dir='ltr'>Nonii</span> <span class='ocrx_word' id='word_1_54' title='bbox 1632 961 2129 1044; x_wconf 80' lang='lat' dir='ltr'>exemplaribus</span> <span class='ocrx_word' id='word_1_55' title='bbox 2159 986 2224 1047; x_wconf 88' lang='lat' dir='ltr'>p.</span> <span class='ocrx_word' id='word_1_56' title='bbox 2251 965 2368 1028; x_wconf 87' lang='lat'>137</span> <span class='ocrx_word' id='word_1_57' title='bbox 2371 966 2441 1039; x_wconf 88' lang='grc'>,1</span> <span class='ocrx_word' id='word_1_58' title='bbox 2476 965 2705 1051; x_wconf 90' lang='lat' dir='ltr'>legitur</span> 
     </span>
     <span class='ocr_line' id='line_1_7' title="bbox 498 1055 2712 1146; baseline 0.004 -27"><span class='ocrx_word' id='word_1_59' title='bbox 498 1079 742 1120; x_wconf 84' lang='lat' dir='ltr'>errore.</span> <span class='ocrx_word' id='word_1_60' title='bbox 783 1056 943 1119; x_wconf 89' lang='lat' dir='ltr'>item</span> <span class='ocrx_word' id='word_1_61' title='bbox 984 1055 1260 1121; x_wconf 81' lang='lat' dir='ltr'><strong>Accium</strong></span> <span class='ocrx_word' id='word_1_62' title='bbox 1302 1058 1371 1120; x_wconf 87' lang='lat' dir='ltr'>in</span> <span class='ocrx_word' id='word_1_63' title='bbox 1412 1057 1764 1143; x_wconf 81' lang='lat' dir='ltr'>Eurysace</span> <span class='ocrx_word' id='word_1_64' title='bbox 1808 1061 2162 1145; x_wconf 81' lang='lat' dir='ltr'>scripsisse</span> <span class='ocrx_word' id='word_1_65' title='bbox 2205 1071 2376 1146; x_wconf 90' lang='lat' dir='ltr'>puto</span> <span class='ocrx_word' id='word_1_66' title='bbox 2411 1064 2712 1127; x_wconf 71' lang='lat' dir='ltr'>Persuasit</span> 
     </span>
     <span class='ocr_line' id='line_1_8' title="bbox 499 1155 2709 1245; baseline 0.005 -29"><span class='ocrx_word' id='word_1_67' title='bbox 499 1177 776 1233; x_wconf 90' lang='lat' dir='ltr'>maeror,</span> <span class='ocrx_word' id='word_1_68' title='bbox 808 1155 1127 1232; x_wconf 71' lang='lat' dir='ltr'>anxitudo,</span> <span class='ocrx_word' id='word_1_69' title='bbox 1160 1179 1415 1241; x_wconf 80' lang='lat' dir='ltr'>ae9ror‚</span> <span class='ocrx_word' id='word_1_70' title='bbox 1448 1158 1666 1238; x_wconf 84' lang='lat' dir='ltr'>dolor,·</span> <span class='ocrx_word' id='word_1_71' title='bbox 1709 1178 1847 1220; x_wconf 89' lang='lat' dir='ltr'>non</span> <span class='ocrx_word' id='word_1_72' title='bbox 1877 1183 2086 1238; x_wconf 86' lang='lat' dir='ltr'>error,</span> <span class='ocrx_word' id='word_1_73' title='bbox 2117 1168 2194 1223; x_wconf 87' lang='lat' dir='ltr'>ut</span> <span class='ocrx_word' id='word_1_74' title='bbox 2225 1168 2334 1224; x_wconf 87' lang='lat' dir='ltr'>est</span> <span class='ocrx_word' id='word_1_75' title='bbox 2363 1162 2709 1245; x_wconf 81' lang='lat' dir='ltr'>apudNo-</span> 
     </span>
     <span class='ocr_line' id='line_1_9' title="bbox 496 1252 1018 1336; baseline -0.002 -20"><span class='ocrx_word' id='word_1_76' title='bbox 496 1254 675 1316; x_wconf 89' lang='lat' dir='ltr'>nium</span> <span class='ocrx_word' id='word_1_77' title='bbox 704 1274 769 1336; x_wconf 92' lang='lat' dir='ltr'>p.</span> <span class='ocrx_word' id='word_1_78' title='bbox 790 1253 887 1328; x_wconf 83' lang='lat'>72,</span> <span class='ocrx_word' id='word_1_79' title='bbox 905 1252 983 1315; x_wconf 89' lang='grc'>27</span> <span class='ocrx_word' id='word_1_80' title='bbox 1005 1300 1018 1315; x_wconf 93' lang='grc'><strong>.</strong></span> 
     </span>
    </p>

    <p class='ocr_par' dir='ltr' id='par_1_3' title="bbox 464 1351 2707 4285">
     <span class='ocr_line' id='line_1_10' title="bbox 668 1351 2707 1420; baseline 0.003 -6"><span class='ocrx_word' id='word_1_81' title='bbox 668 1351 840 1414; x_wconf 85' lang='grc'>1135.</span> <span class='ocrx_word' id='word_1_82' title='bbox 872 1354 986 1414; x_wconf 73' lang='grc' dir='ltr'>ΑΝ</span> <span class='ocrx_word' id='word_1_83' title='bbox 1032 1372 1347 1415; x_wconf 73' lang='lat' dir='ltr'>cAELum</span> <span class='ocrx_word' id='word_1_84' title='bbox 1392 1373 1635 1417; x_wconf 70' lang='lat' dir='ltr'>noms</span> <span class='ocrx_word' id='word_1_85' title='bbox 1679 1375 1926 1416; x_wconf 73' lang='lat' dir='ltr'>vrrao</span> <span class='ocrx_word' id='word_1_86' title='bbox 1972 1377 2307 1418; x_wconf 74' lang='lat' dir='ltr'>NATURA</span> <span class='ocrx_word' id='word_1_87' title='bbox 2353 1379 2707 1420; x_wconf 71' lang='lat' dir='ltr'>commp-</span> 
     </span>
     <span class='ocr_line' id='line_1_11' title="bbox 495 1450 2704 1538; baseline 0.002 -24"><span class='ocrx_word' id='word_1_88' title='bbox 495 1474 653 1514; x_wconf 72' lang='lat' dir='ltr'>rum</span> <span class='ocrx_word' id='word_1_89' title='bbox 678 1450 1060 1513; x_wconf 66' lang='lat' dir='ltr'>Dar-ERAT</span> <span class='ocrx_word' id='word_1_90' title='bbox 1092 1471 1244 1513; x_wconf 76' lang='lat' dir='ltr'>Aur</span> <span class='ocrx_word' id='word_1_91' title='bbox 1275 1450 1868 1537; x_wconf 69' lang='lat' dir='ltr'>AL1qun.Defer</span> <span class='ocrx_word' id='word_1_92' title='bbox 1889 1453 2704 1538; x_wconf 82' lang='lat' dir='ltr'>autaliquidprimamanu</span> 
     </span>
     <span class='ocr_line' id='line_1_12' title="bbox 493 1547 2705 1637; baseline 0.004 -26"><span class='ocrx_word' id='word_1_93' title='bbox 493 1549 857 1634; x_wconf 86' lang='lat' dir='ltr'>oblongus.</span> <span class='ocrx_word' id='word_1_94' title='bbox 887 1568 1148 1612; x_wconf 70' lang='lat' dir='ltr'>uni-no</span> <span class='ocrx_word' id='word_1_95' title='bbox 1180 1547 1509 1611; x_wconf 88' lang='lat' dir='ltr'>Avantius</span> <span class='ocrx_word' id='word_1_96' title='bbox 1529 1596 1542 1609; x_wconf 95' lang='lat'><strong>.</strong></span> <span class='ocrx_word' id='word_1_97' title='bbox 1572 1560 1879 1633; x_wconf 86' lang='lat' dir='ltr'>rumptum</span> <span class='ocrx_word' id='word_1_98' title='bbox 1908 1556 1977 1611; x_wconf 90' lang='lat' dir='ltr'>et</span> <span class='ocrx_word' id='word_1_99' title='bbox 2003 1552 2306 1634; x_wconf 79' lang='lat' dir='ltr'>rumperit</span> <span class='ocrx_word' id='word_1_100' title='bbox 2330 1552 2400 1614; x_wconf 90' lang='lat' dir='ltr'>in</span> <span class='ocrx_word' id='word_1_101' title='bbox 2433 1552 2705 1637; x_wconf 76' lang='lat' dir='ltr'>digestis</span> 
     </span>
     <span class='ocr_line' id='line_1_13' title="bbox 492 1646 2702 1732; baseline 0.001 -22"><span class='ocrx_word' id='word_1_102' title='bbox 492 1647 895 1711; x_wconf 86' lang='lat' dir='ltr'>Florentinis</span> <span class='ocrx_word' id='word_1_103' title='bbox 923 1646 1053 1731; x_wconf 90' lang='lat' dir='ltr'>legi</span> <span class='ocrx_word' id='word_1_104' title='bbox 1082 1651 1313 1708; x_wconf 89' lang='lat' dir='ltr'>notum</span> <span class='ocrx_word' id='word_1_105' title='bbox 1345 1653 1450 1709; x_wconf 88' lang='lat' dir='ltr'>est</span> <span class='ocrx_word' id='word_1_106' title='bbox 1473 1694 1488 1721; x_wconf 94' lang='lat'>,</span> <span class='ocrx_word' id='word_1_107' title='bbox 1531 1654 1608 1709; x_wconf 88' lang='lat' dir='ltr'>ut</span> <span class='ocrx_word' id='word_1_108' title='bbox 1650 1656 1978 1732; x_wconf 79' lang='lat' dir='ltr'>appareat</span> <span class='ocrx_word' id='word_1_109' title='bbox 2018 1649 2086 1711; x_wconf 90' lang='lat' dir='ltr'>in</span> <span class='ocrx_word' id='word_1_110' title='bbox 2129 1648 2263 1712; x_wconf 94' lang='lat' dir='ltr'>hoc</span> <span class='ocrx_word' id='word_1_111' title='bbox 2293 1657 2597 1713; x_wconf 86' lang='lat' dir='ltr'>veterem</span> <span class='ocrx_word' id='word_1_112' title='bbox 2638 1650 2702 1713; x_wconf 92' lang='lat' dir='ltr'>li-</span> 
     </span>
     <span class='ocr_line' id='line_1_14' title="bbox 490 1744 2701 1831; baseline 0.002 -23"><span class='ocrx_word' id='word_1_113' title='bbox 490 1746 781 1808; x_wconf 87' lang='lat' dir='ltr'>brarium</span> <span class='ocrx_word' id='word_1_114' title='bbox 826 1745 928 1808; x_wconf 91' lang='lat' dir='ltr'>sui</span> <span class='ocrx_word' id='word_1_115' title='bbox 973 1744 1218 1807; x_wconf 87' lang='lat' dir='ltr'>saeculi</span> <span class='ocrx_word' id='word_1_116' title='bbox 1260 1766 1447 1807; x_wconf 90' lang='lat' dir='ltr'>more</span> <span class='ocrx_word' id='word_1_117' title='bbox 1493 1766 1811 1829; x_wconf 82' lang='lat' dir='ltr'>peccasse</span> <span class='ocrx_word' id='word_1_118' title='bbox 1843 1793 1857 1808; x_wconf 91' lang='lat'><strong>.</strong></span> <span class='ocrx_word' id='word_1_119' title='bbox 1902 1758 2217 1831; x_wconf 74' lang='lat' dir='ltr'>comptum</span> <span class='ocrx_word' id='word_1_120' title='bbox 2258 1749 2480 1831; x_wconf 87' lang='lat' dir='ltr'>prima</span> <span class='ocrx_word' id='word_1_121' title='bbox 2521 1749 2701 1813; x_wconf 84' lang='lat' dir='ltr'>brevi</span> 
     </span>
     <span class='ocr_line' id='line_1_15' title="bbox 487 1841 2698 1910; baseline 0.002 -5"><span class='ocrx_word' id='word_1_122' title='bbox 487 1842 810 1906; x_wconf 88' lang='lat' dir='ltr'>Lucilium</span> <span class='ocrx_word' id='word_1_123' title='bbox 842 1841 1093 1904; x_wconf 80' lang='lat' dir='ltr'>dixisse</span> <span class='ocrx_word' id='word_1_124' title='bbox 1124 1841 1526 1906; x_wconf 70' lang='lat' dir='ltr'>Consentius</span> <span class='ocrx_word' id='word_1_125' title='bbox 1570 1849 1803 1907; x_wconf 88' lang='lat' dir='ltr'>narrat</span> <span class='ocrx_word' id='word_1_126' title='bbox 1825 1844 1910 1906; x_wconf 70' lang='lat' dir='ltr'>-in</span> <span class='ocrx_word' id='word_1_127' title='bbox 1951 1853 2097 1908; x_wconf 86' lang='lat' dir='ltr'>arte</span> <span class='ocrx_word' id='word_1_128' title='bbox 2139 1844 2226 1909; x_wconf 90' lang='lat' dir='ltr'>de</span> <span class='ocrx_word' id='word_1_129' title='bbox 2267 1847 2698 1910; x_wconf 85' lang='lat' dir='ltr'>barbarismis</span> 
     </span>
     <span class='ocr_line' id='line_1_16' title="bbox 488 1938 2696 2030; baseline 0 -25"><span class='ocrx_word' id='word_1_130' title='bbox 488 1949 557 2005; x_wconf 84' lang='lat' dir='ltr'>et</span> <span class='ocrx_word' id='word_1_131' title='bbox 585 1939 1036 2026; x_wconf 87' lang='lat' dir='ltr'>metaplasmis</span> <span class='ocrx_word' id='word_1_132' title='bbox 1066 1960 1130 2023; x_wconf 90' lang='lat' dir='ltr'>p.</span> <span class='ocrx_word' id='word_1_133' title='bbox 1153 1938 1235 2002; x_wconf 88' lang='lat'>30</span> <span class='ocrx_word' id='word_1_134' title='bbox 1254 1992 1268 2013; x_wconf 90' lang='lat'>‚</span> <span class='ocrx_word' id='word_1_135' title='bbox 1300 1941 1489 2004; x_wconf 90' lang='lat' dir='ltr'>cuius</span> <span class='ocrx_word' id='word_1_136' title='bbox 1518 1942 1730 2004; x_wconf 86' lang='lat' dir='ltr'>verba</span> <span class='ocrx_word' id='word_1_137' title='bbox 1759 1942 2043 2007; x_wconf 90' lang='lat' dir='ltr'>subieci.</span> <span class='ocrx_word' id='word_1_138' title='bbox 2067 1943 2290 2006; x_wconf 80' lang='lat' dir='ltr'>Poe&#39;tae</span> <span class='ocrx_word' id='word_1_139' title='bbox 2301 1943 2564 2030; x_wconf 82' lang='lat' dir='ltr'>faciunt</span> <span class='ocrx_word' id='word_1_140' title='bbox 2585 1967 2696 2006; x_wconf 86' lang='lat' dir='ltr'>me-</span> 
     </span>
     <span class='ocr_line' id='line_1_17' title="bbox 485 2039 2699 2126; baseline 0 -24"><span class='ocrx_word' id='word_1_141' title='bbox 485 2040 810 2124; x_wconf 69' lang='lat' dir='ltr'>taplasmos</span> <span class='ocrx_word' id='word_1_142' title='bbox 827 2087 844 2116; x_wconf 85' lang='lat'>,</span> <span class='ocrx_word' id='word_1_143' title='bbox 875 2061 1011 2102; x_wconf 88' lang='lat' dir='ltr'>cum</span> <span class='ocrx_word' id='word_1_144' title='bbox 1038 2040 1157 2123; x_wconf 67' lang='lat' dir='ltr'>apsi</span> <span class='ocrx_word' id='word_1_145' title='bbox 1182 2039 1310 2101; x_wconf 83' lang='lat' dir='ltr'>iam</span> <span class='ocrx_word' id='word_1_146' title='bbox 1336 2039 1703 2122; x_wconf 75' lang='lat' dir='ltr'>scripturam</span> <span class='ocrx_word' id='word_1_147' title='bbox 1730 2039 2081 2124; x_wconf 80' lang='lat' dir='ltr'>relinquunt</span> <span class='ocrx_word' id='word_1_148' title='bbox 2107 2053 2463 2126; x_wconf 89' lang='lat' dir='ltr'>corruptam</span> <span class='ocrx_word' id='word_1_149' title='bbox 2477 2091 2497 2121; x_wconf 83' lang='lat'>‚</span> <span class='ocrx_word' id='word_1_150' title='bbox 2536 2053 2603 2105; x_wconf 85' lang='lat' dir='ltr'>ut</span> <span class='ocrx_word' id='word_1_151' title='bbox 2627 2052 2699 2105; x_wconf 88' lang='lat' dir='ltr'>est</span> 
     </span>
     <span class='ocr_line' id='line_1_18' title="bbox 490 2137 2693 2224; baseline 0 -22"><span class='ocrx_word' id='word_1_152' title='bbox 490 2139 832 2224; x_wconf 79' lang='lat' dir='ltr'>Relliquz&#39;as</span> <span class='ocrx_word' id='word_1_153' title='bbox 861 2137 1157 2200; x_wconf 81' lang='lat' dir='ltr'>Danaum</span> <span class='ocrx_word' id='word_1_154' title='bbox 1178 2185 1195 2215; x_wconf 86' lang='lat'><strong><em>,</em></strong></span> <span class='ocrx_word' id='word_1_155' title='bbox 1240 2148 1296 2200; x_wconf 88' lang='lat' dir='ltr'>et</span> <span class='ocrx_word' id='word_1_156' title='bbox 1322 2148 1528 2200; x_wconf 79' lang='lat' dir='ltr'>tanton</span> <span class='ocrx_word' id='word_1_157' title='bbox 1555 2160 1649 2200; x_wconf 87' lang='lat' dir='ltr'>me</span> <span class='ocrx_word' id='word_1_158' title='bbox 1681 2138 1933 2200; x_wconf 78' lang='lat' dir='ltr'>crimine</span> <span class='ocrx_word' id='word_1_159' title='bbox 1973 2139 2222 2223; x_wconf 72' lang='lat' dir='ltr'>diynum</span> <span class='ocrx_word' id='word_1_160' title='bbox 2252 2140 2554 2203; x_wconf 75' lang='lat' dir='ltr'>Duxisti:</span> <span class='ocrx_word' id='word_1_161' title='bbox 2596 2141 2693 2202; x_wconf 89' lang='lat' dir='ltr'>ad-</span> 
     </span>
     <span class='ocr_line' id='line_1_19' title="bbox 484 2237 2692 2321; baseline 0 -21"><span class='ocrx_word' id='word_1_162' title='bbox 484 2238 637 2301; x_wconf 78' lang='lat' dir='ltr'>didit</span> <span class='ocrx_word' id='word_1_163' title='bbox 663 2239 820 2300; x_wconf 73' lang='lat' dir='ltr'>enim</span> <span class='ocrx_word' id='word_1_164' title='bbox 850 2259 1037 2299; x_wconf 78' lang='lat' dir='ltr'>unam</span> <span class='ocrx_word' id='word_1_165' title='bbox 1067 2238 1324 2299; x_wconf 78' lang='lat' dir='ltr'>litteram</span> <span class='ocrx_word' id='word_1_166' title='bbox 1351 2258 1471 2321; x_wconf 87' lang='lat' dir='ltr'>per</span> <span class='ocrx_word' id='word_1_167' title='bbox 1508 2237 1968 2319; x_wconf 72' lang='lat' dir='ltr'>metaplasmum</span> <span class='ocrx_word' id='word_1_168' title='bbox 2005 2237 2066 2314; x_wconf 89' lang='lat' dir='ltr'>l,</span> <span class='ocrx_word' id='word_1_169' title='bbox 2109 2238 2247 2300; x_wconf 78' lang='lat' dir='ltr'>item</span> <span class='ocrx_word' id='word_1_170' title='bbox 2291 2250 2505 2301; x_wconf 83' lang='lat' dir='ltr'>contra</span> <span class='ocrx_word' id='word_1_171' title='bbox 2550 2237 2692 2321; x_wconf 86' lang='lat' dir='ltr'>(ad-</span> 
     </span>
     <span class='ocr_line' id='line_1_20' title="bbox 485 2335 2694 2429; baseline -0 -29"><span class='ocrx_word' id='word_1_172' title='bbox 485 2335 781 2400; x_wconf 89' lang='lat' dir='ltr'>dendum</span> <span class='ocrx_word' id='word_1_173' title='bbox 820 2336 1073 2419; x_wconf 81' lang='lat' dir='ltr'>dempsit</span> <span class='ocrx_word' id='word_1_174' title='bbox 1111 2336 1368 2397; x_wconf 79' lang='lat' dir='ltr'>litteram</span> <span class='ocrx_word' id='word_1_175' title='bbox 1399 2357 1521 2419; x_wconf 88' lang='lat' dir='ltr'>per</span> <span class='ocrx_word' id='word_1_176' title='bbox 1561 2335 2020 2419; x_wconf 81' lang='lat' dir='ltr'>metaplasmum</span> <span class='ocrx_word' id='word_1_177' title='bbox 2061 2337 2123 2417; x_wconf 89' lang='lat' dir='ltr'>e)</span> <span class='ocrx_word' id='word_1_178' title='bbox 2154 2383 2171 2413; x_wconf 89' lang='lat'><strong><em>,</em></strong></span> <span class='ocrx_word' id='word_1_179' title='bbox 2226 2336 2694 2429; x_wconf 31' lang='lat' dir='ltr'>siant-bailius</span> 
     </span>
     <span class='ocr_line' id='line_1_21' title="bbox 482 2432 2697 2519; baseline -0 -21"><span class='ocrx_word' id='word_1_180' title='bbox 482 2457 585 2498; x_wconf 87' lang='lat' dir='ltr'>ore</span> <span class='ocrx_word' id='word_1_181' title='bbox 616 2444 860 2518; x_wconf 88' lang='lat' dir='ltr'>corupto</span> <span class='ocrx_word' id='word_1_182' title='bbox 878 2458 898 2494; x_wconf 94' lang='lat'>.·</span> <span class='ocrx_word' id='word_1_183' title='bbox 940 2434 1192 2517; x_wconf 83' lang='lat' dir='ltr'>dempsit</span> <span class='ocrx_word' id='word_1_184' title='bbox 1217 2433 1376 2495; x_wconf 80' lang='lat' dir='ltr'>enim</span> <span class='ocrx_word' id='word_1_185' title='bbox 1403 2454 1589 2495; x_wconf 80' lang='lat' dir='ltr'>uuam</span> <span class='ocrx_word' id='word_1_186' title='bbox 1620 2432 1881 2495; x_wconf 81' lang='lat' dir='ltr'>litteram</span> <span class='ocrx_word' id='word_1_187' title='bbox 1896 2456 2018 2518; x_wconf 90' lang='lat' dir='ltr'>per</span> <span class='ocrx_word' id='word_1_188' title='bbox 2045 2435 2504 2519; x_wconf 84' lang='lat' dir='ltr'>metaplasmum</span> <span class='ocrx_word' id='word_1_189' title='bbox 2535 2458 2571 2496; x_wconf 90' lang='lat' dir='ltr'>r</span> <span class='ocrx_word' id='word_1_190' title='bbox 2584 2459 2608 2516; x_wconf 82' lang='lat'>,-</span> <span class='ocrx_word' id='word_1_191' title='bbox 2647 2446 2697 2498; x_wconf 88' lang='lat' dir='ltr'>et</span> 
     </span>
     <span class='ocr_line' id='line_1_22' title="bbox 484 2530 2692 2615; baseline -0.001 -17"><span class='ocrx_word' id='word_1_192' title='bbox 484 2535 725 2598; x_wconf 79' lang='lat' dir='ltr'>Ennius</span> <span class='ocrx_word' id='word_1_193' title='bbox 754 2532 920 2597; x_wconf 78' lang='lat' dir='ltr'>Huic</span> <span class='ocrx_word' id='word_1_194' title='bbox 945 2543 1205 2595; x_wconf 89' lang='lat' dir='ltr'>statuam</span> <span class='ocrx_word' id='word_1_195' title='bbox 1232 2532 1414 2593; x_wconf 82' lang='lat' dir='ltr'>statui</span> <span class='ocrx_word' id='word_1_196' title='bbox 1440 2531 1746 2594; x_wconf 79' lang='lat' dir='ltr'>maiorum</span> <span class='ocrx_word' id='word_1_197' title='bbox 1770 2530 1901 2615; x_wconf 89' lang='lat' dir='ltr'>[et]</span> <span class='ocrx_word' id='word_1_198' title='bbox 1937 2532 2011 2594; x_wconf 85' lang='lat' dir='ltr'>ab</span> <span class='ocrx_word' id='word_1_199' title='bbox 2053 2543 2154 2596; x_wconf 89' lang='lat' dir='ltr'>otu</span> <span class='ocrx_word' id='word_1_200' title='bbox 2180 2532 2436 2597; x_wconf 72' lang='lat' dir='ltr'>Athenis</span> <span class='ocrx_word' id='word_1_201' title='bbox 2455 2582 2468 2595; x_wconf 95' lang='lat'><strong>.</strong></span> <span class='ocrx_word' id='word_1_202' title='bbox 2514 2545 2571 2597; x_wconf 91' lang='lat' dir='ltr'>et</span> <span class='ocrx_word' id='word_1_203' title='bbox 2603 2534 2692 2596; x_wconf 70' lang='lat' dir='ltr'>hic</span> 
     </span>
     <span class='ocr_line' id='line_1_23' title="bbox 480 2625 2690 2719; baseline 0 -25"><span class='ocrx_word' id='word_1_204' title='bbox 480 2655 716 2719; x_wconf 84' lang='lat' dir='ltr'>quoque</span> <span class='ocrx_word' id='word_1_205' title='bbox 743 2625 864 2716; x_wconf 84' lang='lat' dir='ltr'>per</span> <span class='ocrx_word' id='word_1_206' title='bbox 900 2632 1360 2715; x_wconf 84' lang='lat' dir='ltr'>metaplasmum</span> <span class='ocrx_word' id='word_1_207' title='bbox 1398 2630 1651 2713; x_wconf 79' lang='lat' dir='ltr'>dempsit</span> <span class='ocrx_word' id='word_1_208' title='bbox 1690 2630 1951 2692; x_wconf 80' lang='lat' dir='ltr'>litteram</span> <span class='ocrx_word' id='word_1_209' title='bbox 1989 2654 2025 2692; x_wconf 90' lang='lat' dir='ltr'>r</span> <span class='ocrx_word' id='word_1_210' title='bbox 2047 2679 2060 2692; x_wconf 91' lang='lat'><strong>.</strong></span> <span class='ocrx_word' id='word_1_211' title='bbox 2105 2652 2344 2694; x_wconf 86' lang='lat' dir='ltr'>versus</span> <span class='ocrx_word' id='word_1_212' title='bbox 2387 2626 2589 2695; x_wconf 78' lang='lat' dir='ltr'>Ennii</span> <span class='ocrx_word' id='word_1_213' title='bbox 2629 2633 2690 2694; x_wconf 85' lang='lat' dir='ltr'>in</span> 
     </span>
     <span class='ocr_line' id='line_1_24' title="bbox 478 2725 2690 2810; baseline 0 -17"><span class='ocrx_word' id='word_1_214' title='bbox 478 2730 655 2793; x_wconf 88' lang='lat' dir='ltr'>hanc</span> <span class='ocrx_word' id='word_1_215' title='bbox 684 2729 827 2792; x_wconf 87' lang='lat' dir='ltr'>fere</span> <span class='ocrx_word' id='word_1_216' title='bbox 871 2730 1268 2792; x_wconf 81' lang='lat' dir='ltr'>sententiam</span> <span class='ocrx_word' id='word_1_217' title='bbox 1312 2734 1682 2810; x_wconf 89' lang='lat' dir='ltr'>conceptus</span> <span class='ocrx_word' id='word_1_218' title='bbox 1723 2725 1966 2806; x_wconf 85' lang='lat' dir='ltr'>fuerit,</span> <span class='ocrx_word' id='word_1_219' title='bbox 2013 2727 2179 2791; x_wconf 79' lang='lat' dir='ltr'>Huic</span> <span class='ocrx_word' id='word_1_220' title='bbox 2218 2740 2479 2792; x_wconf 85' lang='lat' dir='ltr'>statuam</span> <span class='ocrx_word' id='word_1_221' title='bbox 2521 2732 2690 2793; x_wconf 80' lang='lat' dir='ltr'>statui</span> 
     </span>
     <span class='ocr_line' id='line_1_25' title="bbox 476 2823 2686 2912; baseline 0 -22"><span class='ocrx_word' id='word_1_222' title='bbox 476 2830 770 2891; x_wconf 79' lang='lat' dir='ltr'>maiorem</span> <span class='ocrx_word' id='word_1_223' title='bbox 807 2828 976 2891; x_wconf 76' lang='lat' dir='ltr'>horto</span> <span class='ocrx_word' id='word_1_224' title='bbox 1018 2827 1126 2912; x_wconf 90' lang='lat' dir='ltr'>(id</span> <span class='ocrx_word' id='word_1_225' title='bbox 1164 2834 1268 2891; x_wconf 89' lang='lat' dir='ltr'>est</span> <span class='ocrx_word' id='word_1_226' title='bbox 1308 2827 1514 2890; x_wconf 78' lang='lat' dir='ltr'>hortor</span> <span class='ocrx_word' id='word_1_227' title='bbox 1535 2873 1552 2903; x_wconf 87' lang='lat'><strong><em>,</em></strong></span> <span class='ocrx_word' id='word_1_228' title='bbox 1595 2833 1672 2888; x_wconf 86' lang='lat' dir='ltr'>ut</span> <span class='ocrx_word' id='word_1_229' title='bbox 1703 2823 2189 2911; x_wconf 80' lang='lat' dir='ltr'>Quadrigarius</span> <span class='ocrx_word' id='word_1_230' title='bbox 2222 2826 2395 2889; x_wconf 88' lang='lat' dir='ltr'>dixit</span> <span class='ocrx_word' id='word_1_231' title='bbox 2425 2828 2686 2892; x_wconf 80' lang='lat' dir='ltr'>cohorta-</span> 
     </span>
     <span class='ocr_line' id='line_1_26' title="bbox 476 2924 2685 3010; baseline 0 -23"><span class='ocrx_word' id='word_1_232' title='bbox 476 2929 641 3009; x_wconf 79' lang='lat' dir='ltr'>reut)</span> <span class='ocrx_word' id='word_1_233' title='bbox 684 2949 941 2989; x_wconf 86' lang='lat' dir='ltr'>auream</span> <span class='ocrx_word' id='word_1_234' title='bbox 984 2925 1238 2988; x_wconf 70' lang='lat' dir='ltr'>altenis:</span> <span class='ocrx_word' id='word_1_235' title='bbox 1279 2924 1577 2987; x_wconf 91' lang='lat' dir='ltr'>Lucilius</span> <span class='ocrx_word' id='word_1_236' title='bbox 1621 2931 1844 2986; x_wconf 83' lang='lat' dir='ltr'>autem</span> <span class='ocrx_word' id='word_1_237' title='bbox 1885 2946 1988 2987; x_wconf 88' lang='lat' dir='ltr'>ore</span> <span class='ocrx_word' id='word_1_238' title='bbox 2029 2936 2275 3008; x_wconf 90' lang='lat' dir='ltr'>corupto</span> <span class='ocrx_word' id='word_1_239' title='bbox 2304 2946 2444 2987; x_wconf 91' lang='lat' dir='ltr'>non</span> <span class='ocrx_word' id='word_1_240' title='bbox 2473 2926 2685 3010; x_wconf 90' lang='lat' dir='ltr'>potuit</span> 
     </span>
     <span class='ocr_line' id='line_1_27' title="bbox 479 3019 2682 3109; baseline -0.001 -21"><span class='ocrx_word' id='word_1_241' title='bbox 479 3025 705 3088; x_wconf 89' lang='lat' dir='ltr'>dicere</span> <span class='ocrx_word' id='word_1_242' title='bbox 726 3024 852 3087; x_wconf 89' lang='lat' dir='ltr'>nisi</span> <span class='ocrx_word' id='word_1_243' title='bbox 875 3023 1201 3086; x_wconf 89' lang='lat' dir='ltr'>irridendi</span> <span class='ocrx_word' id='word_1_244' title='bbox 1225 3043 1431 3085; x_wconf 86' lang='lat' dir='ltr'>causa</span> <span class='ocrx_word' id='word_1_245' title='bbox 1454 3028 1571 3084; x_wconf 87' lang='lat' dir='ltr'>aut</span> <span class='ocrx_word' id='word_1_246' title='bbox 1593 3019 1771 3084; x_wconf 85' lang='lat' dir='ltr'>forte</span> <span class='ocrx_word' id='word_1_247' title='bbox 1797 3022 1864 3084; x_wconf 93' lang='lat' dir='ltr'>in</span> <span class='ocrx_word' id='word_1_248' title='bbox 1883 3029 2068 3086; x_wconf 90' lang='lat' dir='ltr'>recte</span> <span class='ocrx_word' id='word_1_249' title='bbox 2090 3023 2415 3107; x_wconf 87' lang='lat' dir='ltr'>loquendi</span> <span class='ocrx_word' id='word_1_250' title='bbox 2435 3024 2682 3109; x_wconf 89' lang='lat' dir='ltr'>legibus</span> 
     </span>
     <span class='ocr_line' id='line_1_28' title="bbox 477 3118 2681 3209; baseline -0.002 -22"><span class='ocrx_word' id='word_1_251' title='bbox 477 3121 1062 3198; x_wconf 82' lang='lat' dir='ltr'>demonstrandis3</span> <span class='ocrx_word' id='word_1_252' title='bbox 1108 3121 1294 3185; x_wconf 89' lang='lat' dir='ltr'>cuius</span> <span class='ocrx_word' id='word_1_253' title='bbox 1334 3119 1519 3184; x_wconf 92' lang='lat' dir='ltr'>modi</span> <span class='ocrx_word' id='word_1_254' title='bbox 1562 3127 1667 3182; x_wconf 87' lang='lat' dir='ltr'>est</span> <span class='ocrx_word' id='word_1_255' title='bbox 1704 3118 1872 3183; x_wconf 90' lang='lat' dir='ltr'>illud</span> <span class='ocrx_word' id='word_1_256' title='bbox 1895 3168 1910 3195; x_wconf 95' lang='lat'>‚</span> <span class='ocrx_word' id='word_1_257' title='bbox 1943 3132 2157 3205; x_wconf 90' lang='lat' dir='ltr'>pretor</span> <span class='ocrx_word' id='word_1_258' title='bbox 2183 3145 2259 3184; x_wconf 77' lang='lat' dir='ltr'>ue</span> <span class='ocrx_word' id='word_1_259' title='bbox 2284 3122 2681 3209; x_wconf 80' lang='lat' dir='ltr'>rusticu&#39;fiat.</span> 
     </span>
     <span class='ocr_line' id='line_1_29' title="bbox 475 3217 2680 3304; baseline -0.001 -21"><span class='ocrx_word' id='word_1_260' title='bbox 475 3221 656 3304; x_wconf 85' lang='lat' dir='ltr'>apud</span> <span class='ocrx_word' id='word_1_261' title='bbox 699 3220 1083 3283; x_wconf 91' lang='lat' dir='ltr'>Lucretium</span> <span class='ocrx_word' id='word_1_262' title='bbox 1124 3217 1483 3291; x_wconf 77' lang='lat' dir='ltr'>infeliciter</span> <span class='ocrx_word' id='word_1_263' title='bbox 1523 3217 1886 3281; x_wconf 87' lang='lat' dir='ltr'>Lambinus</span> <span class='ocrx_word' id='word_1_264' title='bbox 1930 3230 2277 3282; x_wconf 80' lang='lat' dir='ltr'>cruentum.</span> <span class='ocrx_word' id='word_1_265' title='bbox 2326 3220 2544 3303; x_wconf 84' lang='lat' dir='ltr'>aptius</span> <span class='ocrx_word' id='word_1_266' title='bbox 2587 3227 2680 3281; x_wconf 87' lang='lat' dir='ltr'>est</span> 
     </span>
     <span class='ocr_line' id='line_1_30' title="bbox 473 3315 2679 3390; baseline -0.001 -9"><span class='ocrx_word' id='word_1_267' title='bbox 473 3318 758 3381; x_wconf 82' lang='lat' dir='ltr'>Bentleii</span> <span class='ocrx_word' id='word_1_268' title='bbox 790 3320 1097 3380; x_wconf 71' lang='lat' dir='ltr'>alienum:</span> <span class='ocrx_word' id='word_1_269' title='bbox 1140 3315 1262 3378; x_wconf 89' lang='lat' dir='ltr'>sed</span> <span class='ocrx_word' id='word_1_270' title='bbox 1291 3337 1524 3381; x_wconf 88' lang='lat' dir='ltr'>verum</span> <span class='ocrx_word' id='word_1_271' title='bbox 1543 3363 1558 3390; x_wconf 88' lang='lat'>‚</span> <span class='ocrx_word' id='word_1_272' title='bbox 1587 3316 1658 3378; x_wconf 90' lang='lat' dir='ltr'>ni</span> <span class='ocrx_word' id='word_1_273' title='bbox 1686 3315 1887 3378; x_wconf 84' lang='lat' dir='ltr'>fallor</span> <span class='ocrx_word' id='word_1_274' title='bbox 1905 3362 1919 3389; x_wconf 92' lang='lat'><strong>‚</strong></span> <span class='ocrx_word' id='word_1_275' title='bbox 1958 3318 2115 3380; x_wconf 89' lang='lat' dir='ltr'>ultro</span> <span class='ocrx_word' id='word_1_276' title='bbox 2161 3339 2253 3379; x_wconf 91' lang='lat' dir='ltr'>co</span> <span class='ocrx_word' id='word_1_277' title='bbox 2271 3339 2310 3379; x_wconf 93' lang='lat' dir='ltr'>o</span> <span class='ocrx_word' id='word_1_278' title='bbox 2328 3340 2423 3379; x_wconf 71' lang='grc' dir='ltr'>ΒΤ</span> <span class='ocrx_word' id='word_1_279' title='bbox 2441 3339 2541 3379; x_wconf 72' lang='lat' dir='ltr'>um</span> <span class='ocrx_word' id='word_1_280' title='bbox 2564 3365 2577 3379; x_wconf 87' lang='lat'><strong>.</strong></span> <span class='ocrx_word' id='word_1_281' title='bbox 2617 3318 2679 3379; x_wconf 91' lang='lat' dir='ltr'>in</span> 
     </span>
     <span class='ocr_line' id='line_1_31' title="bbox 474 3413 2677 3497; baseline -0.002 -16"><span class='ocrx_word' id='word_1_282' title='bbox 474 3418 643 3481; x_wconf 89' lang='lat' dir='ltr'>libro</span> <span class='ocrx_word' id='word_1_283' title='bbox 675 3437 735 3486; x_wconf 87' lang='lat' dir='ltr'>v,</span> <span class='ocrx_word' id='word_1_284' title='bbox 755 3414 875 3476; x_wconf 85' lang='lat'>367</span> <span class='ocrx_word' id='word_1_285' title='bbox 916 3425 1159 3497; x_wconf 89' lang='lat' dir='ltr'>coperta</span> <span class='ocrx_word' id='word_1_286' title='bbox 1199 3414 1520 3495; x_wconf 88' lang='lat' dir='ltr'>scriptum</span> <span class='ocrx_word' id='word_1_287' title='bbox 1564 3423 1668 3477; x_wconf 87' lang='lat' dir='ltr'>est</span> <span class='ocrx_word' id='word_1_288' title='bbox 1709 3415 1823 3477; x_wconf 89' lang='lat' dir='ltr'>ubi</span> <span class='ocrx_word' id='word_1_289' title='bbox 1868 3413 2074 3479; x_wconf 88' lang='lat' dir='ltr'>debet</span> <span class='ocrx_word' id='word_1_290' title='bbox 2116 3436 2264 3477; x_wconf 91' lang='lat' dir='ltr'>esse</span> <span class='ocrx_word' id='word_1_291' title='bbox 2309 3425 2550 3478; x_wconf 83' lang='lat' dir='ltr'>coorta.</span> <span class='ocrx_word' id='word_1_292' title='bbox 2592 3438 2677 3477; x_wconf 84' lang='lat' dir='ltr'>co·</span> 
     </span>
     <span class='ocr_line' id='line_1_32' title="bbox 470 3511 2676 3598; baseline -0.003 -18"><span class='ocrx_word' id='word_1_293' title='bbox 470 3518 644 3580; x_wconf 79' lang='lat' dir='ltr'>horta</span> <span class='ocrx_word' id='word_1_294' title='bbox 688 3515 1019 3598; x_wconf 89' lang='lat' dir='ltr'>oblongus</span> <span class='ocrx_word' id='word_1_295' title='bbox 1058 3512 1126 3574; x_wconf 91' lang='lat' dir='ltr'>in</span> <span class='ocrx_word' id='word_1_296' title='bbox 1169 3534 1257 3585; x_wconf 78' lang='lat' dir='ltr'>vl,</span> <span class='ocrx_word' id='word_1_297' title='bbox 1287 3511 1411 3575; x_wconf 78' lang='lat'>458</span> <span class='ocrx_word' id='word_1_298' title='bbox 1459 3512 1617 3576; x_wconf 84' lang='lat'>1096</span> <span class='ocrx_word' id='word_1_299' title='bbox 1664 3513 1859 3588; x_wconf 88' lang='grc'>1100,</span> <span class='ocrx_word' id='word_1_300' title='bbox 1905 3514 2178 3578; x_wconf 73' lang='lat' dir='ltr'>cohor-tus</span> <span class='ocrx_word' id='word_1_301' title='bbox 2217 3513 2400 3578; x_wconf 91' lang='lat' dir='ltr'>idem</span> <span class='ocrx_word' id='word_1_302' title='bbox 2442 3513 2676 3577; x_wconf 88' lang='lat' dir='ltr'>ibidem</span> 
     </span>
     <span class='ocr_line' id='line_1_33' title="bbox 477 3608 2672 3695; baseline -0.002 -17"><span class='ocrx_word' id='word_1_303' title='bbox 477 3616 668 3679; x_wconf 79' lang='lat'>1186.</span> <span class='ocrx_word' id='word_1_304' title='bbox 701 3624 972 3677; x_wconf 86' lang='lat' dir='ltr'>coartam</span> <span class='ocrx_word' id='word_1_305' title='bbox 995 3610 1371 3695; x_wconf 88' lang='lat' dir='ltr'>quadratus</span> <span class='ocrx_word' id='word_1_306' title='bbox 1399 3611 1470 3673; x_wconf 91' lang='lat' dir='ltr'>in</span> <span class='ocrx_word' id='word_1_307' title='bbox 1499 3633 1594 3683; x_wconf 86' lang='lat'>111,</span> <span class='ocrx_word' id='word_1_308' title='bbox 1620 3611 1694 3674; x_wconf 89' lang='lat'>15</span> <span class='ocrx_word' id='word_1_309' title='bbox 1713 3660 1729 3687; x_wconf 87' lang='lat'><strong>‚</strong></span> <span class='ocrx_word' id='word_1_310' title='bbox 1756 3611 2166 3690; x_wconf 25' lang='lat' dir='ltr'>hortus-&#39;idem</span> <span class='ocrx_word' id='word_1_311' title='bbox 2194 3612 2263 3673; x_wconf 93' lang='lat' dir='ltr'>in</span> <span class='ocrx_word' id='word_1_312' title='bbox 2287 3635 2376 3686; x_wconf 79' lang='lat' dir='ltr'>iv,</span> <span class='ocrx_word' id='word_1_313' title='bbox 2394 3608 2515 3675; x_wconf 78' lang='lat'><strong>&#39;432</strong></span> <span class='ocrx_word' id='word_1_314' title='bbox 2535 3659 2548 3674; x_wconf 89' lang='lat'><strong>.</strong></span> <span class='ocrx_word' id='word_1_315' title='bbox 2580 3632 2672 3673; x_wconf 91' lang='lat' dir='ltr'>ce-</span> 
     </span>
     <span class='ocr_line' id='line_1_34' title="bbox 470 3710 2671 3797; baseline -0.002 -22"><span class='ocrx_word' id='word_1_316' title='bbox 470 3722 685 3776; x_wconf 84' lang='lat' dir='ltr'>terum</span> <span class='ocrx_word' id='word_1_317' title='bbox 718 3718 920 3797; x_wconf 66' lang='lat' dir='ltr'>poeta</span> <span class='ocrx_word' id='word_1_318' title='bbox 951 3733 1099 3773; x_wconf 92' lang='lat' dir='ltr'>cum</span> <span class='ocrx_word' id='word_1_319' title='bbox 1130 3710 1294 3774; x_wconf 88' lang='lat' dir='ltr'>dicit</span> <span class='ocrx_word' id='word_1_320' title='bbox 1324 3712 1560 3774; x_wconf 85' lang='lat' dir='ltr'>caelum</span> <span class='ocrx_word' id='word_1_321' title='bbox 1600 3723 1710 3774; x_wconf 87' lang='lat' dir='ltr'>aut</span> <span class='ocrx_word' id='word_1_322' title='bbox 1743 3713 2016 3796; x_wconf 79' lang='lat' dir='ltr'>aliquid,</span> <span class='ocrx_word' id='word_1_323' title='bbox 2059 3710 2391 3795; x_wconf 84' lang='lat' dir='ltr'>intellegit</span> <span class='ocrx_word' id='word_1_324' title='bbox 2437 3717 2671 3782; x_wconf 65' lang='lat' dir='ltr'>aerem,</span> 
     </span>
     <span class='ocr_line' id='line_1_35' title="bbox 470 3809 2671 3895; baseline -0.002 -21"><span class='ocrx_word' id='word_1_325' title='bbox 470 3832 709 3895; x_wconf 84' lang='lat' dir='ltr'>aquam</span> <span class='ocrx_word' id='word_1_326' title='bbox 734 3858 748 3882; x_wconf 90' lang='lat'>‚</span> <span class='ocrx_word' id='word_1_327' title='bbox 795 3810 1020 3872; x_wconf 88' lang='lat' dir='ltr'>cibos.</span> <span class='ocrx_word' id='word_1_328' title='bbox 1065 3809 1397 3883; x_wconf 87' lang='lat' dir='ltr'>Isidorum</span> <span class='ocrx_word' id='word_1_329' title='bbox 1443 3818 1660 3871; x_wconf 85' lang='lat' dir='ltr'>autem</span> <span class='ocrx_word' id='word_1_330' title='bbox 1699 3809 1807 3871; x_wconf 88' lang='lat' dir='ltr'>hic</span> <span class='ocrx_word' id='word_1_331' title='bbox 1840 3811 2071 3873; x_wconf 91' lang='lat' dir='ltr'>caelum</span> <span class='ocrx_word' id='word_1_332' title='bbox 2102 3821 2421 3893; x_wconf 88' lang='lat' dir='ltr'>coruptum</span> <span class='ocrx_word' id='word_1_333' title='bbox 2450 3829 2671 3894; x_wconf 88' lang='lat' dir='ltr'>agnos-</span> 
     </span>
     <span class='ocr_line' id='line_1_36' title="bbox 470 3898 2675 3990; baseline -0.003 -17"><span class='ocrx_word' id='word_1_334' title='bbox 470 3929 620 3973; x_wconf 88' lang='lat' dir='ltr'>cere</span> <span class='ocrx_word' id='word_1_335' title='bbox 652 3919 788 3969; x_wconf 89' lang='lat' dir='ltr'>non</span> <span class='ocrx_word' id='word_1_336' title='bbox 819 3908 1022 3971; x_wconf 87' lang='lat' dir='ltr'>miror</span> <span class='ocrx_word' id='word_1_337' title='bbox 1044 3956 1058 3971; x_wconf 92' lang='lat'><strong>.</strong></span> <span class='ocrx_word' id='word_1_338' title='bbox 1104 3908 1199 3969; x_wconf 89' lang='lat' dir='ltr'>sic</span> <span class='ocrx_word' id='word_1_339' title='bbox 1228 3907 1337 3970; x_wconf 91' lang='lat' dir='ltr'>ille</span> <span class='ocrx_word' id='word_1_340' title='bbox 1370 3907 1456 3970; x_wconf 90' lang='lat' dir='ltr'>de</span> <span class='ocrx_word' id='word_1_341' title='bbox 1488 3915 1731 3970; x_wconf 87' lang='lat' dir='ltr'>natura</span> <span class='ocrx_word' id='word_1_342' title='bbox 1760 3898 1985 3970; x_wconf 84' lang='lat' dir='ltr'>rerum</span> <span class='ocrx_word' id='word_1_343' title='bbox 2016 3928 2159 3990; x_wconf 87' lang='lat' dir='ltr'>cap.</span> <span class='ocrx_word' id='word_1_344' title='bbox 2178 3907 2259 3969; x_wconf 81' lang='lat'>39</span> <span class='ocrx_word' id='word_1_345' title='bbox 2284 3955 2297 3967; x_wconf 91' lang='lat'><strong>.</strong></span> <span class='ocrx_word' id='word_1_346' title='bbox 2331 3906 2505 3970; x_wconf 78' lang='lat' dir='ltr'>Sicut</span> <span class='ocrx_word' id='word_1_347' title='bbox 2528 3907 2675 3969; x_wconf 77' lang='lat' dir='ltr'>euim</span> 
     </span>
     <span class='ocr_line' id='line_1_37' title="bbox 467 4004 2671 4091; baseline -0.002 -20"><span class='ocrx_word' id='word_1_348' title='bbox 467 4005 741 4091; x_wconf 85' lang='lat' dir='ltr'>(confer</span> <span class='ocrx_word' id='word_1_349' title='bbox 769 4026 1039 4068; x_wconf 89' lang='lat' dir='ltr'>versum</span> <span class='ocrx_word' id='word_1_350' title='bbox 1072 4004 1265 4087; x_wconf 83' lang='lat'>1103)</span> <span class='ocrx_word' id='word_1_351' title='bbox 1303 4007 1459 4069; x_wconf 80' lang='lat' dir='ltr'>caeli</span> <span class='ocrx_word' id='word_1_352' title='bbox 1485 4007 1771 4082; x_wconf 79' lang='lat' dir='ltr'>novitate,</span> <span class='ocrx_word' id='word_1_353' title='bbox 1800 4006 1896 4068; x_wconf 84' lang='lat' dir='ltr'>vel</span> <span class='ocrx_word' id='word_1_354' title='bbox 1919 4027 2256 4090; x_wconf 84' lang='lat' dir='ltr'>aquarum,</span> <span class='ocrx_word' id='word_1_355' title='bbox 2288 4028 2547 4089; x_wconf 87' lang='lat' dir='ltr'>corpora</span> <span class='ocrx_word' id='word_1_356' title='bbox 2574 4005 2671 4067; x_wconf 89' lang='lat' dir='ltr'>ad-</span> 
     </span>
     <span class='ocr_line' id='line_1_38' title="bbox 464 4104 2673 4186; baseline -0.003 -17"><span class='ocrx_word' id='word_1_357' title='bbox 464 4107 823 4169; x_wconf 75' lang='lat' dir='ltr'>venientium</span> <span class='ocrx_word' id='word_1_358' title='bbox 852 4106 1091 4168; x_wconf 80' lang='lat' dir='ltr'>temtari</span> <span class='ocrx_word' id='word_1_359' title='bbox 1121 4115 1548 4167; x_wconf 80' lang='lat' dir='ltr'>consueverunt</span> <span class='ocrx_word' id='word_1_360' title='bbox 1574 4105 1725 4166; x_wconf 89' lang='lat' dir='ltr'>adeo</span> <span class='ocrx_word' id='word_1_361' title='bbox 1753 4114 1821 4166; x_wconf 92' lang='lat' dir='ltr'>ut</span> <span class='ocrx_word' id='word_1_362' title='bbox 1859 4104 2138 4166; x_wconf 83' lang='lat' dir='ltr'>morbum</span> <span class='ocrx_word' id='word_1_363' title='bbox 2180 4104 2556 4186; x_wconf 77' lang='lat' dir='ltr'>concipiant,</span> <span class='ocrx_word' id='word_1_364' title='bbox 2595 4104 2673 4164; x_wconf 74' lang='lat' dir='ltr'>ita</span> 
     </span>
     <span class='ocr_line' id='line_1_39' title="bbox 466 4200 2671 4285; baseline -0.002 -19"><span class='ocrx_word' id='word_1_365' title='bbox 466 4206 646 4267; x_wconf 77' lang='lat' dir='ltr'>etiam</span> <span class='ocrx_word' id='word_1_366' title='bbox 689 4213 798 4265; x_wconf 74' lang='lat' dir='ltr'>ae&#39;r</span> <span class='ocrx_word' id='word_1_367' title='bbox 837 4212 1152 4285; x_wconf 88' lang='lat' dir='ltr'>corruptus</span> <span class='ocrx_word' id='word_1_368' title='bbox 1191 4225 1266 4264; x_wconf 67' lang='lat' dir='ltr'>eat</span> <span class='ocrx_word' id='word_1_369' title='bbox 1306 4203 1446 4264; x_wconf 78' lang='lat' dir='ltr'>aliis</span> <span class='ocrx_word' id='word_1_370' title='bbox 1488 4202 1642 4264; x_wconf 79' lang='lat' dir='ltr'>caeli</span> <span class='ocrx_word' id='word_1_371' title='bbox 1668 4201 1950 4284; x_wconf 83' lang='lat' dir='ltr'>partibus</span> <span class='ocrx_word' id='word_1_372' title='bbox 1992 4202 2230 4264; x_wconf 76' lang='lat' dir='ltr'>veniens</span> <span class='ocrx_word' id='word_1_373' title='bbox 2270 4201 2468 4263; x_wconf 81' lang='lat' dir='ltr'>subita</span> <span class='ocrx_word' id='word_1_374' title='bbox 2514 4200 2671 4263; x_wconf 82' lang='lat' dir='ltr'>clade</span> 
     </span>
    </p>
   </div>
   <div class='ocr_carea' id='block_1_3' title="bbox 468 4300 2668 4469">
    <p class='ocr_par' dir='ltr' id='par_1_4' title="bbox 468 4300 2668 4469">
     <span class='ocr_line' id='line_1_40' title="bbox 468 4300 2076 4385; baseline -0.002 -22"><span class='ocrx_word' id='word_1_375' title='bbox 468 4325 682 4385; x_wconf 84' lang='lat' dir='ltr'>corpus</span> <span class='ocrx_word' id='word_1_376' title='bbox 711 4301 1042 4383; x_wconf 79' lang='lat' dir='ltr'>corrumpit</span> <span class='ocrx_word' id='word_1_377' title='bbox 1070 4310 1248 4385; x_wconf 81' lang='lat' dir='ltr'>atque</span> <span class='ocrx_word' id='word_1_378' title='bbox 1275 4311 1515 4383; x_wconf 80' lang='lat' dir='ltr'>repente</span> <span class='ocrx_word' id='word_1_379' title='bbox 1542 4300 1726 4362; x_wconf 82' lang='lat' dir='ltr'>vitam</span> <span class='ocrx_word' id='word_1_380' title='bbox 1755 4300 2048 4383; x_wconf 75' lang='lat' dir='ltr'>extinyuit</span> <span class='ocrx_word' id='word_1_381' title='bbox 2063 4346 2076 4360; x_wconf 87' lang='lat'><strong>.</strong></span> 
     </span>
     <span class='ocr_line' id='line_1_41' title="bbox 638 4396 2668 4469; baseline -0.001 -11"><span class='ocrx_word' id='word_1_382' title='bbox 638 4396 1066 4458; x_wconf 64' lang='lat' dir='ltr'>1138.HA120</span> <span class='ocrx_word' id='word_1_383' title='bbox 1112 4417 1363 4459; x_wconf 69' lang='lat' dir='ltr'>RATio</span> <span class='ocrx_word' id='word_1_384' title='bbox 1411 4417 1809 4469; x_wconf 79' lang='lat' dir='ltr'><strong>QUONDAM</strong></span> <span class='ocrx_word' id='word_1_385' title='bbox 1854 4417 2293 4459; x_wconf 73' lang='lat' dir='ltr'>monnonum</span> <span class='ocrx_word' id='word_1_386' title='bbox 2339 4417 2433 4456; x_wconf 82' lang='lat' dir='ltr'>ET</span> <span class='ocrx_word' id='word_1_387' title='bbox 2482 4416 2668 4456; x_wconf 74' lang='lat' dir='ltr'>Moa-</span> 
     </span>
    </p>
   </div>
  </div>
 </body>
</html>
