2840 5008
1156 394 1256 462 IV
2167 349 2307 458 2⁶65

99 576 375 661 exponit
399 572 725 638 adverbia
747 568 1063 654 optandi,
1094 569 1318 653 qualia
1340 575 1501 632 sunt
1521 570 1756 633 utinam
1786 572 1855 629 et
1874 568 2051 630 velim
2069 613 2082 628 .
2113 564 2313 629 huius

99 674 306 737 verba
364 670 659 745 subieci,
716 687 888 752 quae
930 666 1431 730 Lindemannus
1474 666 1667 729 uncis
1725 663 2070 729 includere
2116 685 2315 749 quam

102 769 459 834 emendare
489 767 721 831 maluit
738 813 753 830 .
792 765 1059 851 Optantii
1076 814 1092 842 ,
1119 769 1354 830 utinam
1379 758 1612 843 veniat,
1640 764 1817 827 velim
1845 774 2083 826 currat.
2129 785 2315 849 quam

99 869 457 932 voluntatem
501 866 678 930 dubio
720 864 1000 949 (legitur
1023 864 1286 949 qaudio)
1315 864 1675 948 proximam
1703 884 1828 925 esse
1856 883 1993 924 cum
2022 861 2280 924 dicimus
2296 908 2313 939 ,

99 975 162 1028 ut
195 965 398 1048 (Aen.
423 986 467 1038 1,
487 963 641 1047 626)
676 957 897 1049 ‘Seque
936 974 1134 1027 ortum
1174 965 1428 1048 aritiqua
1466 963 1834 1025 Teucrorum
1874 984 1914 1023 a
1947 960 2131 1045 stirpe
2157 960 2314 1023 vole-

101 1063 197 1125 bat
205 1062 236 1137 ’‚
264 1064 415 1126 votis
447 1084 569 1125 esse
598 1083 939 1146 comparem
970 1061 1269 1124 credimus
1287 1109 1301 1123 .
1329 1062 1534 1146 itaque
1559 1083 1669 1123 uec
1679 1059 1838 1147 fidei
1867 1058 2317 1127 cmnmiesommn

99 1160 366 1242 voluntas
408 1158 580 1242 (hoc
612 1168 716 1223 est
743 1158 1154 1243 illud'vono)
1194 1159 1439 1245 sequius
1465 1158 1742 1232 accessit,
1784 1168 1852 1221 ut
1876 1180 1985 1220 uos
2030 1154 2313 1241 (legitur

106 1258 250 1340 non)
290 1259 356 1321 in
400 1282 478 1321 ea
499 1281 730 1344 parere
769 1256 1050 1343 (legitur
1068 1257 1353 1341 praeter)
1393 1257 1687 1320 iudicium
1702 1303 1720 1334 ,
1761 1256 2035 1340 quamvis
2072 1255 2317 1318 tacitum

103 1378 205 1418 nec
233 1356 610 1440 adscriptum
627 1403 641 1430 ‚
682 1367 951 1420 votorum
978 1356 1121 1419 solis
1147 1356 1376 1418 nisibim
1402 1366 1462 1419 et
1483 1354 1727 1417 indiciis
1756 1353 2033 1438 (legitur
2063 1363 2118 1416 et
2142 1352 2315 1416 bene-

89 1454 284 1539 ficii-5)
316 1455 698 1518 crederemus
718 1501 731 1516 .

259 1552 403 1617 989.
452 1574 494 1614 D
514 1574 552 1614 n
598 1574 745 1614 PAL
762 1574 866 1614 MA
884 1573 916 1614 s
937 1601 950 1614 .
998 1551 1362 1616 Corrector
1390 1549 1667 1635 oblongi
1694 1550 1768 1613 de
1783 1550 2015 1634 palmis
2029 1596 2048 1627 ,
2087 1549 2317 1632 itaque

105 1651 433 1713 Antonius
451 1649 687 1725 Marii,
708 1650 867 1713 item
886 1649 1041 1712 olim
1062 1649 1375 1734 impressi
1393 1655 1464 1711 et
1478 1646 1808 1711 Marullus
1826 1696 1840 1711 .
1863 1647 2112 1711 rectius
2122 1645 2317 1709 Lam-

107 1747 293 1812 binus
322 1750 397 1812 de
426 1771 465 1810 P
479 1770 577 1810 AL
592 1770 640 1810 M
655 1769 699 1810 A
719 1796 732 1810 .

264 1846 405 1910 990.
450 1848 626 1909 Au‘r
673 1866 914 1922 QUASI
961 1865 1463 1908 CARcmuBus
1520 1865 2026 1907 PATEFAcms
2070 1865 2318 1906 SAEPE

112 1966 395 2019 omnm:
416 1992 433 2009 .
478 1943 611 2007 Hic
624 1940 1115 2007 Wakefieldum
1153 1943 1394 2018 miror,
1439 1944 1553 2027 qui
1582 1941 1957 2006 Bentleium
1986 1941 2200 2005 solum
2231 1939 2322 2005 ad

109 2041 279 2105 hunc
295 2064 570 2107 versum
594 2040 955 2105 offendisse
975 2039 1160 2103 dicat
1177 2087 1192 2114 ,
1215 2060 1363 2102 cum
1379 2047 1650 2126 praeter
1661 2040 2021 2108 Avantium
2045 2046 2115 2103 et
2129 2039 2321 2103 Pium

110 2146 260 2221 post
299 2139 667 2205 Marullum
710 2160 940 2202 omnes
985 2137 1390 2201 offenderint
1412 2187 1426 2200 .
1484 2145 1589 2201 est
1632 2144 1854 2201 autem
1894 2136 2320 2202 manifestum

112 2259 276 2322 saepe
303 2242 503 2325 quiete
530 2239 599 2302 in
628 2237 807 2301 hunc
837 2258 1105 2301 versum
1137 2258 1172 2299 e
1202 2237 1511 2320 proximo
1543 2236 1799 2320 (verum
1822 2236 1994 2299 enim
2017 2234 2321 2299 ordinem

112 2334 427 2401 Marullus
447 2335 772 2417 restituit)
794 2354 917 2418 per
939 2332 1364 2397 librariorum
1388 2353 1683 2396 errorem
1707 2332 1974 2397 venisse
1989 2380 2002 2394 .
2026 2330 2324 2396 Lucretii

112 2434 339 2509 verba,
382 2454 559 2520 quae
601 2454 685 2496 ex
725 2432 895 2496 libro
927 2455 997 2507 11,
1015 2431 1137 2493 263
1169 2438 1399 2518 petere
1428 2431 1792 2495 Lambinus
1819 2429 2076 2494 frustra
2104 2436 2320 2516 temp-

113 2531 303 2607 tavit,
340 2533 693 2617 perierunt
721 2552 846 2594 nec
873 2537 1165 2615 possunt
1194 2538 1381 2594 certa
1412 2531 1802 2593 coniectura
1829 2528 2181 2614 reprendi.
2225 2530 2324 2592 rei

118 2633 459 2697 conveniet
490 2633 767 2716 colliyere
796 2642 1022 2694 aestum
1049 2629 1158 2693 vel
1188 2628 1444 2715 aliquid
1476 2630 1616 2693 eius
1648 2628 1861 2693 modi.

155 2727 159 2731 ⁴
268 2729 408 2795 993.
449 2729 601 2804 Er,
650 2728 827 2794 1002.
869 2728 1017 2793 UT.
1062 2728 1169 2792 Ita
1199 2728 1417 2793 codex
1445 2736 1766 2813 uterque.

270 2829 409 2894 995.
455 2850 669 2892 FUGA
724 2849 1228 2904 QUAsmnrrA
1283 2849 1660 2891 OERNANT
1680 2877 1693 2891 .
1752 2825 2116 2890 Corrector
2159 2845 2323 2910 qua-

120 2922 283 2988 drati
311 2930 494 3013 quasi
522 2928 748 2991 didita.
778 2925 931 2990 Itali
960 2947 1222 2989 FuuAE
1251 2927 1431 3013 quasi
1459 2947 1801 2988 nnmrA.

270 3024 408 3088 996.
440 3046 859 3089 Discusffls
903 3046 1277 3088 REDEANT
1311 3045 1834 3088 Tannonmus
1863 3045 1963 3085 AD
1998 3044 2115 3086 SE.
2147 3022 2322 3086 Tur-

116 3121 319 3185 nebus
359 3144 818 3187 ERRomnus
840 3171 854 3185 .

271 3220 407 3284 997.
439 3223 558 3284 An
592 3241 1013 3285 consuss'rA
1039 3218 1772 3284 noM1.Wakefieldus
1802 3227 2081 3283 consueta
2109 3219 2323 3300 domu,

123 3310 316 3379 dandi
358 3340 518 3383 casu
540 3365 554 3392 ‚
599 3340 798 3403 quem
838 3318 997 3381 huic
1037 3318 1250 3382 verbo
1284 3317 1674 3381 adiunctum
1705 3323 1862 3380 ante
1895 3314 2327 3381 Columellam

119 3429 247 3473 non
266 3415 534 3479 invenio
554 3463 568 3478 .
593 3415 958 3481 ablativum
972 3462 988 3490 ‚
1014 3415 1070 3478 si
1094 3414 1414 3480 credibile
1440 3414 1949 3490 est‚Terentius
1969 3413 2235 3480 addidit
2254 3417 2324 3478 in

121 3506 439 3596 Adelphis
469 3537 556 3589 lv,
577 3515 633 3589 5,
653 3513 731 3578 32
752 3561 767 3587 ,
799 3515 904 3599 qui
931 3515 1044 3577 illa
1073 3515 1373 3576 cousuevit
1386 3515 1598 3597 prior,
1638 3511 1710 3576 id
1754 3520 1859 3576 est
1893 3513 2004 3597 qui
2036 3535 2185 3575 cum
2211 3513 2327 3576 illa

122 3610 359 3675 suevit.
406 3620 591 3676 certe
620 3612 1038 3699 adsuffactum
1064 3634 1337 3676 sermone
1368 3611 1686 3675 dixerunt
1714 3617 1981 3674 veteres
1999 3658 2014 3684 ‚
2045 3610 2328 3674 inferior

124 3710 301 3769 aetas
327 3712 622 3773 sermoni.
664 3709 789 3773 sed
818 3719 1127 3773 consuetus
1156 3718 1261 3772 est
1290 3709 1604 3792 quivixit
1634 3729 1783 3771 cum
1815 3707 1958 3770 aliis
1989 3709 2327 3790 (consuetos

123 3822 238 3864 una
251 3801 472 3871 Varro
506 3807 669 3871 dicit
689 3828 910 3871 rerum
933 3814 1098 3870 rust.
1119 3830 1188 3881 11,
1207 3807 1263 3886 3,
1281 3807 1344 3890 2)
1371 3814 1439 3871 et
1460 3805 1778 3892 paulatim
1800 3803 2297 3891 mansuefactus
2311 3855 2326 3880 ‚

125 3898 369 3966 scilicet
409 3905 498 3969 ad
540 3906 917 3969 convictum
957 3912 1024 3968 et
1051 3904 1566 3968 familiaritatem
1595 3902 1966 3988 perductus
1987 3951 2002 3977 ‚
2044 3924 2122 3966 ac
2166 3905 2330 3968 domi
2409 3920 2415 3926 ·

126 3992 370 4064 domitus
390 4051 406 4080 ,
450 4011 527 4067 ut
567 4002 735 4067 dicit
762 4009 968 4087 poeta
995 4001 1065 4065 in
1094 4026 1153 4078 v,
1179 4001 1336 4065 1334
1355 4051 1368 4065 .
1414 4002 1512 4064 ita
1539 4001 1822 4065 Plautus
1850 4001 1919 4064 in
1947 4001 2258 4066 Asinaria
2286 4027 2329 4076 1,

128 4089 181 4161 3,
198 4093 273 4156 69
303 4097 517 4165 Itidem
547 4101 646 4165 hic
675 4103 846 4186 apud
861 4125 1001 4165 nos,
1027 4103 1193 4165 aedis
1223 4100 1317 4184 (id
1342 4109 1447 4163 est
1468 4101 1645 4163 aedes
1666 4100 1908 4184 plurali
1929 4107 2116 4163 recto
2142 4102 2328 4181 casu)

129 4191 281 4255 nobis
309 4211 511 4263 areast
524 4247 542 4279 ,
572 4223 794 4285 auceps
820 4223 954 4262 sum
984 4223 1090 4285 e90
1107 4250 1123 4279 ‚
1156 4199 1323 4263 Esca
1351 4211 1439 4262 est
1461 4201 1782 4277 meretrix,
1813 4200 1995 4261 lectus
2022 4199 2184 4260 inlex
2213 4208 2329 4276 est,

130 4303 414 4358 amawres
442 4322 577 4362 aves
601 4347 614 4360 .
659 4298 835 4362 Bene
862 4300 1182 4362 salutando
1213 4302 1665 4367 consuescunt
1682 4343 1697 4370 ,
1741 4294 2130 4381 conpellaudo
2159 4294 2328 4357 blan-

133 4382 277 4450 diter
290 4438 308 4468 ‚
339 4396 681 4462 Osculaudo
699 4447 716 4479 ,
741 4398 1009 4461 oratioue
1033 4398 1277 4461 ¹viimula
1303 4397 1611 4460 venustula
1631 4444 1643 4456 .
1676 4394 1793 4459 ubi
1823 4400 1928 4457 est
1948 4392 2150 4477 paulo
2174 4398 2331 4456 ante
