2840 5008
493 342 633 411 206
1571 344 1672 413 VI

491 518 816 603 intellegit
842 517 932 581 ibi
960 517 1192 582 vitium
1219 539 1340 582 vas
1372 518 1635 582 efficere
1663 521 1878 605 ipsum
1895 569 1909 596 ‚

493 635 843 718 omniaque
872 632 1041 695 illius
1071 633 1233 698 vitio
1265 635 1674 721 corrumpier
1701 635 1909 710 intuS‚

494 771 665 836 quae
695 748 961 813 conlata
986 747 1151 811 foris
1171 797 1186 823 ‚
1212 756 1280 812 et
1309 748 1659 812 commoda
1678 799 1692 825 ‚
1716 770 1994 835 cumque
2023 734 2360 829 venirent;

369 883 433 930 20
493 865 736 953 partim
768 862 951 949 quod
979 863 1231 927 fluxum
1257 871 1737 949 pertusumque
1769 886 1915 928 esse
1943 864 2245 943 videbat,

492 987 567 1044 ut
594 980 775 1043 nulla
801 986 1039 1065 posset
1065 979 1326 1043 ratione
1357 980 1685 1064 explerier
1711 1002 2054 1071 umquam3

488 1096 734 1182 partim
764 1092 949 1179 quod
977 1100 1193 1159 taetro
1224 1094 1417 1179 quasi
1447 1116 1896 1181 conspurcare
1926 1117 2167 1182 sapore

494 1211 714 1275 omnia
744 1210 1061 1275 cernebat
1078 1257 1092 1284 ‚
1118 1230 1290 1294 quae
1321 1231 1604 1294 cumque
1631 1219 1982 1296 receperat
2000 1260 2016 1288 ‚
2037 1212 2215 1277 intus
2235 1262 2249 1275 .

484 1325 797 1391 veridicis
825 1325 1025 1411 igitur
1053 1325 1366 1411 purgavit
1394 1332 1675 1409 pectora
1705 1324 1932 1403 dictis,

368 1460 430 1505 25
494 1450 562 1506 et
588 1441 787 1505 finem
817 1441 1054 1504 statuit
1083 1439 1475 1526 cuppedinis
1507 1448 1710 1526 atque
1738 1442 2024 1518 timoris,

493 1557 937 1642 exposuitque
963 1555 1215 1620 bonum
1243 1578 1565 1619 summum
1583 1605 1598 1632 ‚
1631 1577 1763 1641 quo
1798 1555 2129 1621 tendimus
2160 1578 2417 1632 omneS‚

491 1671 654 1758 quid
680 1669 859 1735 foret
876 1720 891 1746 ‚
915 1678 1118 1755 atque
1147 1671 1320 1735 viam
1346 1672 1749 1735 monstravit
1767 1720 1781 1747 ‚
1803 1672 2064 1735 tramite
2093 1693 2303 1757 parvo
2330 1713 2334 1717 ν

489 1809 623 1872 qua
650 1807 998 1871 possemus
1029 1785 1118 1849 ad
1146 1784 1217 1849 id
1244 1793 1432 1851 recto
1468 1785 1876 1849 contendere
1907 1809 2132 1863 cursu,

492 1900 737 1986 quidve
767 1900 921 1964 mali
947 1899 1127 1965 foret
1154 1902 1224 1964 in
1252 1902 1456 1965 rebus
1485 1901 1857 1966 mortalibu’
1887 1903 2160 1989 passim,

365 2034 429 2080 30
497 2015 685 2102 quod
709 2014 902 2080 fieret
928 2016 1215 2080 naturali
1243 2016 1563 2099 varieque
1592 2017 1855 2080 volaret

486 2154 609 2196 seu
639 2152 842 2195 causa
870 2152 988 2194 seu
1015 2131 1116 2207 vi,
1140 2130 1328 2215 quod
1360 2110 1455 2195 sic
1482 2139 1724 2194 natura
1750 2139 2084 2217 parasset,

489 2255 558 2311 et
589 2247 832 2332 quibus
864 2268 899 2309 e
928 2247 1142 2333 portis
1175 2246 1437 2310 occurri
1468 2246 1707 2331 cuique
1736 2245 2038 2320 deceret,

492 2370 557 2426 et
586 2383 795 2447 genus
823 2362 1185 2424 humanum
1211 2359 1464 2424 frustra
1491 2361 1883 2446 plerumque
1912 2361 2224 2446 probavit

487 2476 766 2542 volvere
798 2497 1104 2541 curarum
1134 2474 1347 2539 tristis
1377 2475 1446 2539 in
1476 2484 1752 2561 pectore
1781 2475 2049 2562 fluctus,
2107 2541 2112 2544 Α
2139 2535 2145 2544 .

365 2609 428 2655 35
489 2614 642 2657 nam
671 2591 780 2657 vel
808 2592 907 2655 uti
934 2591 1126 2679 pueri
1156 2590 1499 2677 trepidant
1526 2599 1730 2677 atque
1763 2592 1985 2660 omnia
2012 2593 2226 2660 caecis

484 2709 554 2770 in
581 2707 1213 2771 tenebrismetuunt
1229 2756 1243 2782 ‚
1269 2707 1365 2770 sic
1391 2728 1518 2770 nos
1547 2707 1617 2771 in
1646 2707 1794 2771 luce
1819 2706 2127 2777 timemus

487 2823 662 2886 inter
695 2821 853 2884 dum
871 2871 885 2897 ‚
907 2821 1041 2885 nilo
1076 2842 1245 2907 quae
1274 2829 1432 2885 sunt
1458 2820 1821 2885 metuenda
1846 2824 2053 2912 magis
2083 2844 2284 2910 quam

490 2957 661 3021 quae
692 2937 879 3021 pueri
909 2937 977 3000 in
1004 2937 1300 3000 tenebris
1328 2937 1634 3024 pavitant
1660 2937 2053 3022 finguntque
2080 2936 2307 3006 futura
2323 2988 2337 3002 .

487 3051 670 3114 hunc
697 3051 896 3136 igitur
923 3058 1247 3115 terrorem
1279 3052 1473 3115 animi
1503 3052 1953 3139 tenebrasque
1980 3062 2325 3117 necessest

364 3182 428 3230 40
487 3187 626 3229 non
653 3165 826 3229 radii
854 3167 1011 3231 solis
1041 3188 1165 3229 nec
1194 3165 1415 3230 lucida
1444 3167 1578 3231 tela
1614 3165 1745 3230 diei

490 3280 850 3345 discutiant
868 3330 883 3358 ,
908 3280 1029 3344 sed
1057 3289 1336 3345 naturae
1366 3283 1627 3370 species
1656 3282 1995 3366 ratioque.

488 3418 626 3481 quo
655 3397 866 3481 magis
894 3397 1232 3482 inceptum
1261 3419 1535 3483 pergam
1562 3405 1917 3482 pertexere
1948 3395 2170 3461 dictis.

569 3510 662 3575 Et
691 3512 1002 3596 quoniam
1033 3508 1233 3574 docui
1258 3512 1489 3575 mundi
1515 3512 1823 3577 mortalia
1851 3511 2097 3598 templa

490 3649 638 3690 esse
670 3635 737 3690 et
764 3627 991 3690 nativo
1025 3627 1395 3691 consistere
1425 3648 1713 3713 corpore
1744 3626 2026 3702 caelum,

362 3758 426 3803 45
490 3749 558 3805 et
589 3763 758 3827 quae
789 3763 1071 3827 cumque
1099 3742 1170 3805 in
1201 3764 1279 3807 eo
1307 3742 1477 3807 fiunt
1504 3742 1757 3808 fateare
1784 3748 2132 3806 necessest

487 3856 808 3948 pleraque
841 3856 1116 3921 dissolui
1138 3906 1152 3933 ‚
1178 3879 1350 3943 quae
1378 3866 1642 3923 restant
1667 3858 1950 3945 percipe
1968 3879 2174 3943 porro
2193 3906 2208 3932 ‚

496 4176 555 4222 17
594 4168 676 4221 fas
731 4169 751 4238 ΙΙ
808 4175 870 4219 22
910 4186 1273 4241 conspurgare
1327 4172 1347 4241 ΙΙ
1399 4177 1465 4224 28
1502 4179 1647 4224 recta
1682 4173 1702 4242 ΙΙ
1743 4178 1806 4224 30
1844 4171 2005 4225 fuerit
2038 4173 2057 4241 ΙΙ
2099 4176 2160 4223 31
2201 4188 2327 4223 casu
2364 4171 2383 4241 Η
2424 4171 2689 4240 signatura
2718 4165 2734 4232 ΙΙ

491 4258 554 4303 32
593 4251 640 4305 Ε
678 4251 698 4320 ΙΙ
737 4256 799 4303 33
837 4259 1051 4322 prustra
1089 4254 1107 4323 ΙΙ
1144 4260 1208 4306 34
1245 4254 1489 4309 Volnere
1527 4258 1546 4324 Η
1585 4262 1646 4308 35
1686 4255 1871 4309 caelis,
1910 4256 1930 4324 ΙΙ
1967 4262 2031 4308 44
2070 4263 2123 4308 et
2157 4262 2421 4308 omissum.
2482 4255 2502 4321 ΙΙ
2556 4260 2620 4306 45
2657 4251 2735 4304 fie-

491 4352 642 4406 mque
