2840 5008
532 389 621 455 66
1622 385 1684 451 II

529 550 873 623 dissimiles
904 559 1101 643 longe
1129 558 1302 620 inter
1331 577 1403 618 se
1435 556 1792 639 variosque
1824 557 2085 620 colores
2105 608 2118 619 .

528 681 881 758 praeterea
906 673 999 735 nil
1031 671 1328 735 officiunt
1359 671 1766 753 obstantque
1794 670 2045 755 figurae

384 804 480 850 785
527 787 874 850 dissimiles
895 835 910 862 ‚
935 807 1068 871 quo
1103 784 1503 869 quadratum
1533 785 1747 846 minus
1779 805 1972 847 omne
2003 785 2090 847 sit
2119 806 2202 848 cx
2229 786 2363 849 his:

527 910 598 964 at
623 901 791 965 varii
816 921 1039 963 rerum
1065 898 1416 985 inpediunt
1443 898 1940 982 prohibentque
1972 898 2262 972 colores⁹

528 1037 661 1100 quo
692 1014 905 1076 minus
937 1035 1084 1076 esse
1111 1034 1248 1075 uno
1278 1012 1498 1098 possit
1524 1034 1634 1074 res
1665 1019 1810 1075 tota
1838 1011 2084 1074 nitore.

606 1128 778 1193 Tum
808 1150 1015 1214 porro
1046 1148 1218 1212 quae
1249 1125 1437 1188 ducit
1467 1134 1536 1189 et
1561 1127 1769 1189 inlicit
1797 1133 1874 1188 ut
1902 1126 2266 1191 tribuamus

523 1243 863 1329 principiis
893 1263 1112 1305 rerum
1141 1261 1279 1303 non
1308 1261 1666 1324 numquam
1698 1261 1899 1303 causa
1929 1241 2218 1315 coloreS,

378 1374 477 1421 790
525 1356 772 1420 occidit
790 1406 804 1432 ‚
830 1378 912 1418 ex
942 1355 1106 1419 albis
1140 1354 1450 1438 quoniam
1479 1376 1614 1416 non
1645 1355 1797 1417 alba
1827 1360 2137 1417 creantur
2162 1404 2176 1428 ‚

522 1492 647 1534 nec
678 1491 848 1554 quae
878 1470 1067 1553 nigra
1096 1467 1319 1531 cluent
1350 1467 1435 1530 de
1465 1468 1668 1552 nigris
1688 1517 1703 1544 ‚
1727 1467 1850 1531 s‘ed
1877 1467 2076 1531 variis
2109 1489 2222 1530 ex.

525 1586 773 1670 quippe
805 1582 1044 1646 etenim
1073 1582 1280 1645 multo
1310 1582 1671 1667 proclivius
1704 1582 2089 1646 exorientur

522 1697 810 1762 candida
839 1694 924 1758 de
952 1696 1134 1759 nullo
1168 1717 1366 1780 quam
1393 1698 1585 1781 nigro
1617 1704 1775 1760 nata
1805 1696 2031 1759 colore
2051 1745 2066 1770 ‚

521 1820 637 1876 aut
664 1813 792 1875 alio
826 1811 1063 1895 quovis
1083 1859 1096 1884 ‚
1123 1810 1235 1893 qui
1265 1817 1502 1873 contra
1531 1819 1785 1895 pugnet
1816 1818 1883 1873 et
1912 1811 2160 1873 obstet.

378 1943 475 1989 795
602 1926 964 1989 Praeterea
994 1924 1307 2008 quoniam
1334 1932 1680 2009 nequeunt
1708 1925 1849 1987 sine
1878 1924 2026 1987 luce
2058 1924 2316 1987 colores

522 2061 667 2103 esse
687 2090 702 2116 ‚
723 2061 942 2124 neque
969 2040 1041 2102 in
1066 2037 1281 2101 lucem
1312 2039 1607 2102 existunt
1634 2036 1996 2123 primordia
2022 2058 2270 2113 rerum,

519 2156 689 2218 scire
718 2155 874 2217 licet
904 2174 1101 2238 quam
1130 2153 1264 2215 sint
1291 2152 1473 2215 nullo
1503 2153 1723 2241 velata
1754 2152 2008 2215 colore:

520 2269 733 2354 qualis
765 2268 936 2331 enim
966 2266 1180 2330 caecis
1210 2266 1462 2349 poterit
1493 2267 1675 2329 color
1707 2288 1851 2328 esse
1882 2267 2219 2330 tenebris?

516 2384 760 2446 lumine
793 2383 952 2467 quin
979 2382 1129 2464 ipso
1161 2386 1456 2442 mutatur
1484 2386 1849 2465 propterea
1879 2380 2064 2465 quod

372 2515 469 2561 800
512 2507 701 2563 recta
730 2504 844 2575 aut
873 2497 1145 2580 obliqua
1172 2515 1533 2579 percussus
1563 2493 1710 2557 luce
1738 2495 2034 2581 refulgit3

515 2614 740 2697 pluma
769 2612 1220 2674 columbarum
1252 2629 1384 2693 quo
1415 2617 1617 2693 pacto
1647 2608 1715 2670 in
1744 2610 1885 2672 sole
1914 2609 2212 2684 videtur,

516 2747 688 2809 quae
719 2725 845 2788 sita
874 2725 1168 2788 cervices
1201 2725 1445 2787 circum
1479 2724 1851 2807 collumque
1883 2732 2188 2788 coronat:

513 2821 799 2922 namque
829 2839 989 2901 alias
1018 2838 1093 2901 fit
1120 2839 1218 2901 uti
1249 2838 1430 2901 claro
1460 2839 1547 2901 sit
1573 2838 1778 2900 rubra
1804 2859 2068 2924 pyropo
2087 2887 2102 2912 ‚

512 2954 686 3015 inter
719 2936 872 3014 dum
906 2951 1197 3036 quodam
1228 2973 1430 3013 sensu
1457 2951 1532 3013 fit
1559 2952 1656 3014 uti
1685 2950 1993 3015 videatur

368 3083 465 3129 805
511 3067 684 3130 inter
715 3066 1033 3130 curalium
1059 3063 1291 3129 viridis
1319 3066 1599 3129 miscere
1628 3059 2051 3151 zmaragdos⁸

513 3180 863 3265 caudaque
892 3180 1175 3267 pavonis
1195 3229 1209 3254 ‚
1232 3180 1420 3266 larga
1456 3203 1605 3243 cum
1631 3181 1780 3244 luce
1809 3183 2068 3266 repleta
2098 3191 2227 3256 est,

511 3295 829 3359 consimili
859 3303 1074 3378 mutat
1101 3295 1359 3358 ratione
1390 3297 1677 3358 obversa
1707 3296 1994 3372 colores3

430 3469 441 3484 f
510 3409 625 3493 qui
654 3410 964 3493 quoniam
996 3409 1287 3494 quodam
1317 3410 1681 3494 gignuntur
1712 3411 1969 3473 luminis
2000 3411 2135 3473 ictu
2154 3460 2168 3484 ‚

505 3523 675 3585 scire
706 3521 862 3588 licet
882 3573 896 3600 ‚
921 3524 1061 3586 sine
1093 3545 1172 3587 eo
1203 3524 1344 3586 fieri
1375 3545 1512 3585 non
1541 3546 1744 3608 posse
1772 3523 2140 3610 putandum
2172 3535 2304 3589 est.

360 3651 457 3698 810
504 3645 569 3700 et
599 3638 911 3721 quoniam
945 3638 1176 3722 plagae
1209 3637 1550 3722 quoddam
1579 3662 1789 3725 genus
1822 3640 2069 3725 excipit
2095 3641 2164 3702 in
2192 3662 2264 3702 se

503 3750 788 3835 pupula,
814 3772 960 3814 cum
990 3753 1237 3815 sentire
1268 3754 1559 3817 colorem
1591 3754 1831 3818 dicitur
1860 3754 2110 3844 album,

504 3870 706 3947 atque
737 3864 915 3927 aliud
945 3888 1150 3950 porro
1170 3916 1185 3940 ‚
1208 3868 1467 3951 nigrum
1500 3892 1648 3933 cum
1680 3877 1747 3932 et
1777 3877 1999 3932 cetera
2028 3868 2261 3942 sentit,

501 4182 597 4228 783
625 4175 856 4228 calores.
898 4176 917 4244 ΙΙ
955 4183 1051 4228 785
1082 4185 1257 4231 extra.
1279 4179 1304 4248 Η
1331 4186 1430 4232 788
1456 4181 1654 4234 inlicitu
1676 4183 1996 4235 tribuamus,
2022 4183 2042 4250 Η
2070 4188 2167 4235 790
2193 4188 2429 4234 creatur.
2457 4183 2479 4251 ΙΙ
2504 4189 2606 4235 791
2637 4185 2718 4237 Nc
2743 4183 2760 4249 ΙΙ

426 4336 429 4340 Ι
500 4276 587 4310 ca.
635 4259 655 4327 ΙΙ
707 4264 805 4311 800
844 4267 897 4311 et
933 4267 1022 4311 aut
1068 4260 1088 4328 ΙΙ
1136 4261 1390 4331 refulget.
1437 4263 1456 4330 ΙΙ
1494 4269 1589 4315 803
1628 4265 1788 4316 rubro
1827 4266 1847 4333 ΙΙ
1884 4273 1980 4316 805
2020 4265 2316 4317 caeruleum
2354 4265 2374 4333 ΙΙ
2412 4270 2513 4317 806
2555 4266 2706 4337 largo
2741 4265 2759 4334 ΙΙ

498 4347 595 4392 809
633 4349 821 4410 posset
