2840 5008
1187 404 1251 469 V

86 575 370 642 accidere
401 597 492 639 ex
525 598 665 640 una
694 576 979 640 scintilla
1007 576 1315 642 incendia
1342 580 1590 664 passim
1610 630 1623 644 .

31 711 51 754 ο
85 693 352 757 forsitan
384 713 421 754 e
452 714 669 756 rosea
697 691 800 755 sol
828 692 961 756 alte
990 692 1297 779 lampade
1327 694 1558 758 lucens

82 806 414 892 possideat
443 808 731 871 multum
762 807 977 871 caecis
1006 807 1382 872 fervoribus
1412 810 1634 894 ignem

81 923 306 984 circum
337 944 414 985 se
435 972 450 998 ,
476 924 667 987 nullo
699 924 811 1008 qui
843 924 932 988 sit
959 923 1220 1009 fulgore
1250 932 1527 987 notatus
1550 975 1564 1000 ‚
1645 960 1650 965 ·

80 1036 333 1100 aestifer
361 1047 444 1101 ut
474 1046 740 1101 tantum
769 1038 1106 1103 radiorum
1140 1048 1469 1124 exaugeat
1494 1041 1725 1105 ictum.

144 1151 284 1215 Nec
314 1154 502 1216 ratio
538 1153 701 1217 solis
732 1154 1015 1240 simplex
1043 1154 1277 1218 rellata
1307 1156 1625 1240 patescit,

25 1283 43 1326 5
81 1287 197 1350 quo
226 1275 439 1352 pacto
475 1268 750 1331 aestivis
784 1289 818 1331 e
848 1270 1152 1354 partibus
1183 1270 1604 1354 aegocerotis

80 1381 377 1446 brumalis
410 1382 625 1446 adeat
650 1381 865 1447 flexus
897 1391 1101 1467 atque
1129 1384 1286 1448 inde
1314 1392 1666 1449 revertens

78 1498 287 1560 caneri
317 1519 395 1561 se
427 1509 509 1562 ut
539 1506 764 1562 vertat
790 1498 1001 1563 metas
1032 1497 1121 1562 ad
1151 1499 1548 1574 solstitiaIiS,

78 1610 352 1696 lunaque
382 1613 732 1676 mensibus
762 1612 831 1675 id
860 1615 1147 1697 spatium
1177 1614 1487 1678 videatur
1518 1615 1702 1678 obire
1721 1666 1735 1691 ‚

80 1746 282 1789 annua
312 1728 424 1791 sol
452 1730 525 1791 in
557 1750 693 1813 quo
726 1729 1053 1791 consumit
1079 1738 1387 1814 tempora
1418 1752 1616 1793 cursu
1637 1779 1650 1792 .

27 1854 46 1899 ο
81 1861 197 1903 non
218 1890 232 1916 ‚
255 1842 539 1927 inquam
559 1893 573 1919 ‚
598 1843 876 1929 simplex
906 1843 1011 1907 his
1041 1844 1243 1907 rebus
1273 1842 1543 1908 reddita
1574 1857 1870 1911 causast.

82 1975 216 2017 nam
243 1957 390 2020 fieri
421 1958 536 2021 vel
566 1979 714 2020 cum
744 1958 970 2043 primis
999 1957 1069 2021 id
1098 1980 1301 2043 posse
1333 1958 1629 2035 videtur,

81 2068 435 2136 Democriti
466 2071 656 2157 quod
686 2081 919 2136 sancta
948 2074 1071 2136 viri
1100 2074 1432 2137 sententia
1464 2076 1680 2158 ponit,

86 2193 318 2267 quanto
352 2209 667 2272 quaeque
696 2188 903 2274 magis
934 2188 1068 2251 sint
1096 2198 1340 2252 terram
1373 2185 1597 2253 sidera
1624 2199 1933 2275 propter,

81 2307 253 2363 tanto
285 2324 497 2387 posse
526 2303 741 2365 minus
773 2324 918 2366 cum
951 2303 1117 2366 caeli
1144 2304 1410 2367 turbine
1440 2302 1627 2367 ferri:

25 2426 48 2469 ιε»
85 2432 470 2480 evanescere
506 2417 676 2480 enim
707 2415 979 2504 rapidas
1008 2417 1178 2480 illius
1213 2427 1279 2481 et
1308 2420 1479 2481 acris

82 2526 352 2596 imminui
384 2545 624 2618 supter
655 2533 814 2597 viris
835 2582 850 2609 ,
873 2532 1163 2617 ideo-que
1192 2534 1476 2619 relinqui

86 2645 382 2726 paulatim
414 2649 624 2711 solem
656 2670 803 2711 cum
834 2649 1300 2734 posterioribu’
1331 2650 1568 2734 signiS‚

87 2755 335 2826 inferior
364 2762 578 2827 multo
612 2761 798 2847 quod
827 2765 913 2827 sit
944 2785 1140 2848 quam
1170 2763 1431 2827 fervida
1461 2764 1681 2849 signa.

90 2880 147 2934 et
171 2878 374 2962 magis
406 2878 539 2943 hoc
570 2879 825 2941 lunam:
857 2889 1109 2962 quanto
1144 2877 1493 2943 demissior
1526 2879 1665 2941 eius

27 2996 54 3069 *ρ
89 3006 297 3055 cursus
327 2995 526 3058 abest
555 2992 794 3078 procul
823 3015 863 3057 a
893 2993 1078 3056 caelo
1111 2994 1443 3078 terrisque
1473 2994 1916 3080 propinquat,

89 3110 257 3169 tanto
288 3130 492 3193 posse
522 3109 738 3171 minus
769 3130 918 3172 cum
947 3108 1153 3193 signis
1185 3107 1465 3171 tendere
1497 3130 1791 3173 cursum.
1861 3120 1865 3124 ’

89 3214 447 3287 flaccidiore
480 3223 724 3286 etenim
754 3229 1007 3307 quanto
1038 3223 1169 3286 iam
1197 3225 1464 3288 turbine
1494 3223 1707 3287 fertur

89 3330 336 3402 inferior
369 3359 570 3423 quam
603 3338 742 3411 sol,
766 3344 956 3401 tanto
989 3339 1195 3424 magis
1229 3339 1450 3402 omnia
1478 3339 1669 3423 signa

90 3443 242 3515 hanc
270 3453 738 3538 adipiscuntur
769 3452 1012 3516 circum
1035 3502 1048 3528 ‚
1072 3461 1479 3539 praeterque
1508 3453 1813 3519 feruntur
1831 3506 1844 3519 .

29 3566 56 3612 ι5
89 3575 425 3650 propterea
453 3568 528 3631 fit
555 3575 634 3629 ut
661 3566 829 3630 haec
859 3566 947 3631 ad
977 3567 1237 3652 signum
1266 3568 1588 3653 quodque
1618 3566 1871 3634 reverti

88 3680 365 3746 mobilius
397 3681 707 3746 videatur
727 3731 742 3756 ‚
765 3680 853 3745 ad
883 3682 1057 3745 hanc
1089 3683 1245 3767 quia
1273 3684 1465 3769 signa
1491 3685 1816 3748 revisunt.

91 3788 151 3852 fit
176 3816 437 3882 quoque
467 3805 546 3859 ut
574 3818 610 3859 e
640 3796 868 3860 mundi
899 3798 1300 3862 transversis
1332 3799 1633 3885 partibus
1666 3806 1780 3863 aer

92 3904 335 3975 alternis
367 3918 557 3975 certo
587 3911 793 3975 fluere
825 3913 992 3976 alter
1026 3923 1323 3999 tempore
1353 3914 1600 3999 possit,

95 4023 188 4103 qui
214 4034 416 4112 queat
447 4027 721 4091 aestivis
752 4027 961 4091 solem
991 4026 1355 4092 detrudere
1386 4028 1592 4113 signis

29 4139 59 4186 ιΟ
89 4130 373 4207 brumalis
402 4162 625 4226 usque
659 4140 745 4206 ad
775 4141 988 4206 flexus
1020 4141 1444 4228 gelidumque
1474 4144 1789 4229 rigorem,

102 4320 253 4335 *m—

97 4385 175 4439 610
206 4400 253 4443 et
286 4392 306 4458 ΙΙ
346 4396 444 4443 613
486 4389 782 4443 Aestiferiu
823 4390 842 4460 ΙΙ
880 4396 978 4442 614
1017 4397 1163 4442 recta
1200 4390 1219 4457 ΙΙ
1259 4395 1354 4465 6117
1396 4389 1648 4445 Canceris
1687 4400 1746 4444 ut
1782 4391 1802 4461 ΙΙ
1842 4397 1937 4444 632
1978 4391 2134 4443 etiam

1854 4490 1929 4552 12

2213 413 2347 480 177
