2840 5008
1233 403 1265 470 1
1989 400 2001 419 ⁸
2213 387 2356 468 '45

90 584 305 647 ratio
351 581 655 647 absurde
693 581 965 644 inversa
1009 584 1114 642 est
1153 577 1286 641 hoc
1325 576 1532 640 modo
1563 624 1578 649 ‚
1629 575 1706 637 In
1747 576 1949 639 rebus
1992 583 2362 642 extremum

99 681 457 766 quodque
491 679 810 765 quoniam
838 675 910 741 id
940 676 1263 761 estquod
1292 674 1527 739 oculos
1558 673 1788 759 effugit
1806 720 1821 747 ‚
1849 672 2006 738 ideo
2035 675 2110 739 id
2140 685 2361 742 extre-

96 801 313 842 mum
338 779 680 842 minimum
711 783 816 839 est
848 781 915 839 et
943 775 1086 838 sine
1115 774 1425 860 partibus
1450 823 1463 837 .
1496 794 1656 859 ergo
1685 773 1757 835 in
1785 775 2072 858 quoniam
2094 782 2359 840 senten-

103 878 235 941 tia
259 878 529 942 laborat
548 924 562 938 .
587 882 942 960 praeterea
969 875 1135 937 illius
1161 894 1247 937 ne
1276 872 1344 936 in
1370 871 1503 936 hac
1523 892 1846 956 perversa
1870 871 2140 955 quidem
2164 895 2360 960 argu-

106 976 547 1040 mentatione
589 975 811 1038 locum
846 972 1058 1060 habet
1079 1020 1096 1047 ‚
1142 970 1263 1036 sed
1307 969 1514 1036 debet
1557 990 1706 1034 esse
1744 970 1905 1033 illud
1945 970 2050 1053 (et
2088 974 2364 1057 scripsit

110 1064 297 1137 illud
319 1071 758 1136 Eichstadius
783 1118 798 1145 ‚
838 1070 1203 1135 Lambinus
1235 1069 1517 1156 aliquod)
1542 1091 1556 1130 :
1597 1089 1752 1131 nam
1782 1070 2051 1154 corporis
2077 1071 2242 1136 illius
2269 1072 2366 1135 ita

112 1170 609 1255 accipiendum
639 1191 787 1234 esse
817 1176 895 1233 ut
923 1170 1169 1232 sit·eiu.3
1196 1181 1455 1233 naturae
1474 1216 1491 1247 ‚
1524 1174 1969 1231 commentum
2001 1177 2106 1233 est
2128 1169 2363 1235 Forbi-

115 1290 304 1356 gero
344 1269 492 1333 solo
537 1268 811 1354 dignum
844 1317 858 1331 .
897 1266 1060 1358 mihi
1095 1266 1262 1330 nihil
1301 1266 1564 1331 facilius
1604 1265 1876 1329 videtur
1908 1287 2107 1350 quam
2137 1290 2364 1333 veram
2448 1306 2456 1313 ·

120 1368 542 1431 sententiam
579 1368 722 1430 sine
754 1367 1144 1453 ambagibus
1175 1365 1444 1429 efficere
1472 1412 1488 1440 ‚
1526 1364 1661 1429 hoc
1688 1365 1891 1428 modo
1923 1414 1936 1428 .
1987 1368 2139 1429 Tum
2168 1392 2366 1453 porro

129 1488 520 1542 QumNAM
573 1476 658 1529 est
694 1475 1026 1557 extremum
1065 1466 1342 1551 quodque
1382 1487 1671 1528 cacumen
1717 1464 2001 1548 Corporis
2043 1487 2137 1529 UL
2155 1488 2364 1542 L1US,

136 1565 304 1650 quod
331 1567 526 1628 nostri
555 1587 802 1628 cernere
828 1586 1032 1626 scum
1060 1564 1200 1626 Iam
1226 1560 1570 1649 nequeunt?
1613 1561 2074 1649 Quapropter,
2114 1563 2365 1649 inquit,

137 1663 211 1725 in
250 1663 389 1726 ulla
428 1684 506 1727 re
549 1682 879 1746 corporea
919 1667 1219 1725 extrema
1259 1682 1567 1746 quaeque
1595 1682 1757 1744 pars
1788 1669 1892 1724 est
1925 1683 2124 1747 quam
2156 1664 2366 1728 oculis

145 1762 536 1848 conspicere
574 1781 712 1823 non
750 1759 1157 1843 possumus?
1198 1760 1267 1822 id
1291 1761 1358 1822 ni
1385 1761 1611 1822 mirum
1637 1760 1765 1822 sine
1783 1761 2067 1844 partibus
2095 1772 2257 1825 extat
2283 1762 2371 1827 Ee

139 1860 392 1922 minima
422 1869 652 1922 constat
674 1867 897 1921 natura
917 1906 930 1920 .
966 1863 1260 1920 ceterum
1289 1859 1582 1942 quianam
1608 1857 1858 1920 multos
1888 1857 2140 1923 dixisse
2171 1881 2367 1925 cons-

146 1964 243 2019 tat
264 2004 279 2032 ,
309 1956 643 2020 Naevium
663 2003 678 2027 ‚
707 1956 1019 2019 Plautum
1046 2002 1061 2030 ,
1092 1954 1411 2029 Ennium,
1442 1956 1719 2019 Accium
1743 1955 1815 2018 in
1843 1955 2367 2023 Phoenissarum

149 2053 426 2118 exordio
451 2102 466 2128 ‚
496 2052 901 2140 Vergilium.

316 2152 454 2216 606.
485 2174 871 2215 NATURAM
913 2174 946 2214 c
966 2174 1005 2214 o
1025 2173 1317 2215 RPORIS
1352 2173 1691 2213 nxrmzr.
1720 2149 2186 2235 Antiquissimi
2218 2175 2367 2217 cor-

146 2256 451 2314 rectores
478 2272 879 2313 EXPLENT.

309 2347 450 2412 608.
495 2348 781 2410 HAERE
799 2372 889 2411 RE
946 2370 1157 2411 UNDE
1216 2368 1533 2424 QUEANT
1585 2368 1788 2410 ULLA
1833 2369 2189 2411 immoni:
2236 2372 2369 2414 RE-

147 2469 384 2513 anm
417 2494 432 2511 .
479 2444 844 2511 Corrector
889 2445 1205 2531 quadrati
1248 2457 1317 2511 at
1356 2456 1697 2533 nequeant.
1743 2445 1977 2510 melius
2019 2446 2173 2512 Itali
2210 2449 2370 2516 unde

145 2556 366 2633 queant
399 2569 447 2608 N
461 2568 506 2608 n
521 2567 558 2607 L
573 2567 612 2608 1.
624 2567 669 2607 A
690 2594 703 2608 .

307 2644 454 2708 611.
483 2642 668 2708 Non
697 2667 795 2706 Ex
825 2665 1189 2707 unorum
1215 2690 1228 2705 .
1261 2641 1532 2727 Optime
1561 2641 1889 2706 Marullus
1918 2664 2326 2709 uLLonuM.

310 2742 455 2806 613.
486 2764 746 2817 NEQUE
780 2762 975 2803 unm
993 2762 1131 2803 Nu1
1164 2762 1322 2802 TAM
1341 2788 1354 2802 .
1389 2738 1752 2803 Corrector
1782 2739 2055 2827 oblongi
2084 2764 2226 2805 IAM
2246 2793 2260 2806 .

311 2840 457 2903 619.
490 2860 697 2915 ouon
728 2862 766 2900 E
785 2859 868 2901 sc
887 2860 964 2901 1T
985 2886 1000 2900 .
1033 2837 1145 2901 Sic
1175 2836 1550 2922 quadratus
1582 2844 1651 2900 et
1680 2837 1973 2902 schedae
1992 2887 2007 2915 ,
2039 2841 2372 2929 oblongus

148 2942 285 3004 escit
303 2966 323 3002 .·
351 2938 556 3002 huius
587 2942 934 3000 corrector
965 2947 1110 2998 esset
1130 2983 1145 2998 .
1177 2957 1368 3011 Qum
1398 2934 1655 3020 primus
1677 2934 2004 3002 Marullus
2023 2986 2038 3013 ‚
2069 2942 2213 3004 escit
2236 2942 2372 3025 pri-

146 3061 292 3103 mus
322 3036 644 3124 probavit
671 3034 1053 3099 Lambinus.

314 3135 457 3200 625.
499 3133 640 3198 626.
682 3155 1000 3196 Exn-:NT
1042 3132 1156 3195 ET
1200 3155 1504 3196 MINIMA
1550 3155 1977 3198 cousrANr
2021 3159 2371 3202 NATURA.

146 3234 480 3301 Marullus
513 3253 966 3297 coxsrnur.

314 3331 458 3396 628.
503 3353 573 3393 sr
610 3350 997 3393 M1N1MAs.
1030 3327 1169 3391 631.
1202 3349 1408 3404 QUAE
1441 3350 1764 3393 Nomas.
1793 3329 1977 3394 Vere
2005 3332 2373 3400 Lambinus

150 3455 230 3495 m
259 3431 548 3515 minimas
572 3435 641 3492 et
668 3450 824 3513 quae
856 3448 1014 3491 Mun
1032 3450 1111 3490 TI
1128 3450 1160 3490 s
1194 3438 1334 3491 sunt
1348 3428 1628 3512 partibus
1655 3441 1836 3493 aucta
1867 3478 1882 3493 .
1925 3431 1995 3493 in
2025 3455 2094 3506 11,
2118 3431 2240 3497 489
2269 3436 2375 3498 Ne

152 3530 455 3615 quaedam
497 3526 764 3610 (semina
806 3524 1004 3610 dicit)
1050 3548 1230 3611 coyas
1266 3521 1504 3589 inmani
1541 3529 1914 3592 maximitate
1950 3529 2104 3593 Esse
2124 3579 2141 3609 ,
2184 3552 2375 3615 supra

151 3628 315 3713 quod
351 3628 480 3689 iam
520 3626 701 3688 docui
739 3647 863 3688 non
875 3648 1056 3708 posse
1071 3625 1334 3709 probari
1355 3674 1368 3687 .
1414 3624 1672 3689 scilicet
1699 3624 1807 3688 his
1837 3626 2001 3710 ipsis
2031 3628 2372 3704 versibus,

150 3746 372 3809 neque
404 3722 598 3788 alibi.

316 3820 461 3886 634.
496 3842 647 3883 PER
686 3842 889 3896 QUAS
932 3843 1072 3884 ans
1115 3842 1325 3897 QUAE
1345 3843 1495 3897 Qun
1541 3842 1977 3884 GERUNTUR
2000 3869 2013 3884 .
2044 3820 2375 3889 Marullus

150 3920 528 4005 prudenter
568 3917 842 4001 scripsit
870 3941 992 4003 per
1034 3939 1239 3994 QUAE
1265 3965 1280 3992 ‚
1323 3924 1401 3981 ut
1441 3925 1545 3981 est
1584 3918 1652 3980 in
1694 3917 1947 3993 11‚727.
1988 3919 2230 3985 falsum
2270 3932 2375 3989 est

108 4029 115 4034 ’
155 4018 339 4104 quod
368 4017 679 4081 fecerunt
705 4014 857 4079 Itali
879 4063 893 4090 ,
923 4039 1045 4100 per
1073 4038 1220 4101 quos
1238 4064 1256 4095 ,
1289 4016 1595 4099 quamvis
1627 4037 1666 4079 a
1695 4015 2120 4082 Wakefieldo
2155 4042 2370 4107 appo-

88 4158 95 4167 ·
153 4116 351 4180 situm
383 4109 702 4203 parasitis
729 4114 1076 4198 placuerit.

317 4214 459 4278 639.
518 4212 840 4276 CLARus
901 4235 992 4276 OB
1013 4234 1339 4276 sennam
1394 4235 1761 4277 mucium
1791 4263 1805 4277 .
1849 4214 2053 4299 Apud
2099 4215 2372 4279 Festum

149 4335 211 4398 p.
232 4313 374 4387 261,
394 4313 435 4375 9
468 4335 563 4376 on
598 4312 911 4375 obscuram
932 4359 949 4389 ‚
985 4318 1053 4375 ct
1083 4317 1432 4376 corrector
1463 4311 1739 4398 oblongi
1769 4314 1839 4378 ob
1860 4335 2173 4377 oscaram.
2216 4311 2373 4374 hinc

147 4410 480 4476 Horatius
512 4409 707 4474 duxit
733 4407 899 4473 illud
919 4456 934 4483 ‚
972 4410 1189 4474 Clamas
1217 4410 1288 4472 ob
1316 4409 1641 4496 idfactwm
1660 4458 1674 4473 .
