2840 5008
536 351 668 419 132
1250 459 1253 460 f
1592 356 1716 423 1111
1765 451 1770 455 .

528 527 745 590 omnia
775 526 1097 589 mendose
1126 527 1261 589 fieri
1295 536 1497 612 atque
1529 531 1796 616 obstipa
1825 554 2100 597 necesse
2132 547 2235 601 est

524 663 736 729 prava
766 641 1075 704 cubantia
1106 664 1319 726 prona
1347 641 1818 730 supina’atque
1849 650 2106 713 absona
2136 660 2343 726 tecta,

525 758 651 820 iam
681 777 875 820 ruere
904 765 980 819 ut
1010 756 1336 840 quaedam
1365 750 1737 823 videantur=
1753 762 1920 825 velle
1939 812 1953 837 ‚
1977 771 2310 850 ruantque

522 871 792 959 prodita
819 870 1076 934 iudiciis
1106 872 1452 936 fallacibus
1483 876 1701 938 omnia
1730 877 1986 961 primis,

379 1004 475 1050 520
522 988 616 1051 sic
644 987 845 1072 igitur
873 987 1043 1049 ratio
1075 986 1193 1049 tibi
1221 1009 1441 1050 rerum
1472 1010 1683 1074 prava
1711 1000 2060 1054 necessest

518 1102 821 1186 falsaque
851 1101 970 1176 sit,
993 1101 1178 1164 falsis
1211 1123 1379 1185 quae
1411 1124 1694 1188 eumque
1724 1106 1807 1168 ab
1840 1106 2143 1169 sensibus
2175 1117 2418 1171 ortast.

598 1216 797 1280 Nunc
828 1216 933 1279 alii
965 1236 1205 1279 sensus
1238 1238 1371 1300 quo
1407 1227 1605 1301 pacto
1639 1219 1921 1303 q‘uisque
1954 1242 2139 1282 suam
2169 1242 2307 1284 rem

515 1331 794 1403 sentiat,
816 1330 997 1393 haud
1030 1351 1360 1414 quaquam
1390 1332 1563 1395 ratio
1596 1355 1918 1419 scruposa
1948 1335 2181 1398 relicta
2210 1346 2341 1399 est.

597 1445 935 1529 Principio
967 1443 1233 1508 auditur
1264 1468 1471 1509 sonus
1506 1455 1573 1509 et
1600 1469 1738 1510 vox
1771 1449 1981 1511 omnis
2002 1498 2016 1523 ‚
2035 1450 2102 1511 in
2134 1451 2312 1514 auris

371 1579 467 1624 525
512 1561 844 1624 insinuata
874 1582 996 1623 suo
1026 1560 1343 1646 pepulere
1375 1561 1487 1623 ubi
1520 1583 1805 1646 corpore
1838 1584 2135 1625 sensum.

513 1696 902 1760 corpoream
935 1697 1167 1737 vocem
1200 1696 1468 1758 quoque
1501 1676 1671 1738 enim
1703 1686 2012 1740 constare
2041 1677 2455 1743 fatendumst

514 1799 582 1854 et
611 1790 893 1853 sonitum
918 1839 931 1864 ‚
958 1789 1268 1875 quoniam
1300 1797 1587 1874 possunt
1613 1791 1928 1875 inpellere
1960 1813 2224 1855 sensus,

510 1913 861 1991 praeterea
888 1904 1066 1967 radit
1097 1927 1232 1966 vox
1260 1904 1489 1967 fauces
1521 1920 1722 1991 saepe
1742 1954 1757 1979 ‚
1780 1905 2076 1989 facitque

509 2021 850 2107 asperiora
878 2020 1060 2083 foras
1091 2017 1406 2103 gradiens
1439 2020 1683 2083 arteria
1714 2020 1991 2082 clamor.

366 2153 461 2199 530
508 2126 755 2221 quippe
777 2184 792 2210 ,
815 2157 935 2219 per
965 2142 1317 2218 angustum
1350 2135 1550 2197 turba
1578 2135 1822 2197 maiore
1854 2128 2085 2197 coorta

504 2253 600 2315 ire
628 2249 813 2313 foras
845 2249 956 2311 ubi
988 2256 1356 2332 coeperunt
1386 2247 1750 2333 primordia
1779 2270 2050 2323 vocum,

506 2365 761 2431 scilicet
779 2412 794 2438 ‚
819 2363 1065 2448 expleti
1098 2383 1368 2446 quoque
1395 2361 1592 2426 ianua
1616 2361 1872 2425 raditur
1904 2363 2061 2425 oris.

502 2479 684 2545 haud
714 2480 915 2565 igitur
947 2477 1285 2542 dubiumst
1315 2477 1472 2561 quin
1504 2498 1707 2540 voces
1738 2478 2075 2562 verbaque
2106 2487 2426 2544 constent

507 2595 854 2681 corporeis
887 2615 921 2656 e
953 2592 1292 2680 principiis
1313 2640 1327 2666 ,
1350 2599 1427 2654 ut
1458 2591 1721 2654 laedere
1755 2594 2049 2676 possint.

362 2728 457 2774 535
501 2732 625 2773 nec
654 2716 722 2772 te
751 2708 918 2771 fallit
944 2709 1101 2771 item
1133 2705 1294 2791 quid
1327 2707 1629 2790 corporis
1661 2705 1922 2768 auferat
1952 2715 2018 2769 et
2048 2708 2208 2791 quid

505 2822 819 2889 detrahat
850 2844 933 2885 ex
961 2822 1297 2885 hominum
1329 2822 1551 2883 nervis
1582 2843 1659 2883 ac
1689 2822 1938 2883 viribus
1968 2820 2129 2904 ipsis

499 2946 867 3026 perpetuus
899 2957 1114 2999 sermo
1146 2935 1355 3019 nigrai
1386 2937 1602 2997 noctis
1634 2935 1718 2998 ad
1749 2937 2047 2998 umbram

503 3073 782 3118 aurorae
814 3050 1182 3137 perductus
1213 3050 1296 3111 ab
1328 3050 1671 3111 exoriente
1702 3030 1944 3125 nitore,

410 3208 413 3211 ι
500 3167 890 3255 praesertim
922 3165 978 3228 si
1007 3186 1154 3228 cum
1185 3172 1510 3226 summost
1540 3163 1826 3227 clamore
1857 3164 2202 3251 profusae.

355 3302 451 3348 540
498 3306 656 3370 ergo
690 3302 1082 3369 corpoream
1111 3301 1342 3342 vocem
1377 3289 1688 3342 constare
1716 3270 2090 3353 necessest,

493 3399 698 3464 multa
724 3399 1008 3482 loquens
1041 3395 1348 3478 quoniam
1382 3394 1622 3457 amittit
1653 3393 1737 3456 de
1770 3415 2054 3478 corpore
2085 3403 2370 3478 partem.

353 3523 453 3579 551'
493 3514 821 3600 asperitas
852 3517 1072 3574 autem
1101 3508 1284 3571 vocis
1313 3508 1389 3571 fit
1419 3509 1503 3570 ab
1536 3510 1895 3594 asperitate

494 3628 966 3715 principiorum
987 3675 1000 3700 ‚
1027 3633 1093 3687 et
1119 3623 1271 3686 item
1304 3623 1491 3685 levor
1519 3623 1746 3686 levore
1778 3631 2076 3686 creatur:

351 3760 446 3806 542
488 3766 615 3808 nec
645 3742 833 3807 simili
862 3747 1218 3827 penetrant
1247 3739 1424 3801 auris
1455 3739 1816 3824 primordia
1845 3739 2085 3813 forma,

493 3869 655 3922 cum'
669 3858 831 3921 tuba
862 3856 1185 3941 depresso
1217 3854 1510 3936 graviter
1540 3855 1665 3917 sub
1696 3875 2025 3916 murmure
2056 3853 2263 3937 mugit
2357 3848 2366 3855 ”

494 3982 562 4036 et
589 3974 825 4037 reboat
853 3992 1124 4034 raucum
1152 3970 1338 4054 regio
1372 3970 1503 4033 cita
1533 3970 1820 4032 barbara
1850 3969 2189 4042 bombum,

491 4260 585 4304 517
625 4252 799 4303 Parva
845 4251 863 4317 ΙΙ
913 4255 1010 4300 526
1049 4249 1326 4318 Corporea
1375 4251 1394 4318 Η
1445 4267 1626 4302 vocem
1665 4258 1929 4302 omissum.
1972 4250 1992 4316 ΙΙ
2030 4253 2125 4300 532
2166 4247 2391 4317 expletis
2429 4250 2449 4317 ΙΙ
2490 4253 2581 4299 552
2614 4246 2715 4296 levo

486 4335 673 4388 letiore
710 4333 741 4401 ΙΙ
769 4341 863 4384 543
903 4350 1166 4385 murmura
1204 4333 1223 4399 Η
1262 4341 1357 4385 544
1396 4351 1486 4385 rex·
1494 4344 1608 4385 orat
1646 4333 1665 4401 Η
1703 4340 1847 4385 retro
