2840 5008
1130 407 1223 476 III

20 544 150 650 [non
181 586 310 648 alio
345 592 569 670 pacto
607 604 806 668 quam
838 584 925 658 si,
948 604 1071 667 pes
1103 604 1246 646 cum
1278 583 1463 648 dolet
1492 588 1701 670 aegri,

20 698 92 763 fin
115 701 293 763 nullo
328 706 556 786 caput
584 700 843 762 interea
872 698 960 760 sit
987 696 1160 760 forte
1193 697 1453 762 dolore.

39 823 371 900 praeterea
402 813 604 876 molli
636 835 784 876 cum
817 833 1049 876 somno
1082 811 1310 877 dedita
1338 816 1632 879 membra

40 930 439 1012 effusumque
472 929 663 991 iacet
691 927 831 990 sine
860 947 1061 989 sensu
1093 949 1336 1012 corpus
1365 928 1729 993 honustum
1748 980 1763 1005 ‚

40 1051 125 1106 est
150 1041 330 1107 aliud
361 1050 608 1106 tamen
637 1043 705 1104 in
734 1043 925 1106 nobis
958 1041 1144 1125 quod
1172 1050 1473 1128 tempore
1500 1045 1568 1107 in
1597 1045 1709 1107 illo

38 1155 431 1220 multimodis
467 1157 770 1241 agitatur
800 1163 866 1219 et
896 1156 1105 1219 omnis
1136 1157 1380 1242 accipit
1405 1159 1474 1221 in
1506 1180 1577 1222 se

37 1273 306 1337 laetitiae
337 1274 585 1335 motus
621 1282 690 1334 et
719 1292 910 1334 curas
943 1270 1165 1335 cordis
1193 1272 1435 1335 inanis.

39 1408 192 1450 nunc
220 1387 527 1450 animam
561 1406 830 1470 quoque
860 1387 1030 1449 utin
1058 1386 1366 1450 membris
1399 1407 1806 1471 cognoscere
1837 1393 2055 1476 possis

42 1522 200 1577 esse,
223 1522 460 1585 neque
494 1499 847 1563 harmonia
878 1522 1120 1585 corpus
1152 1501 1439 1564 senteire
1470 1502 1686 1565 solere
1706 1551 1720 1577 ‚

40 1615 345 1700 principio
369 1615 465 1689 ,fit
497 1614 600 1677 uti
632 1612 935 1678 detracto
968 1637 1253 1701 corpore
1284 1616 1491 1679 multo

39 1751 215 1814 saepe
241 1738 486 1792 tamen
518 1729 717 1793 nobis
746 1728 813 1790 in
842 1729 1150 1793 membris
1180 1730 1319 1793 vita
1348 1738 1675 1794 moretur:

42 1851 219 1928 atque
249 1842 506 1907 eadem
537 1864 801 1906 rursum
819 1892 834 1918 ,
859 1865 1004 1908 cum
1037 1866 1323 1929 corpora
1351 1866 1569 1930 pauca
1598 1847 1836 1911 caloris

44 1957 339 2044 diffugere
370 1958 710 2041 forasque
738 1978 859 2041 per
890 1980 967 2021 os
1000 1966 1102 2023 est
1132 1958 1351 2023 editus
1381 1966 1524 2036 abir,

45 2071 274 2136 deserit
304 2072 662 2157 extemplo
695 2093 899 2136 venas
929 2059 1133 2158 atque
1164 2077 1322 2137 oss'a
1350 2075 1696 2160 relinquit3

45 2209 302 2251 noscere
332 2195 416 2251 ut
447 2187 615 2250 hinc
648 2187 864 2271 possis
890 2209 1027 2252 non
1057 2209 1305 2272 aequas
1338 2190 1557 2252 omnia
1585 2192 1797 2275 partis

45 2323 307 2387 corpora
334 2303 605 2366 habere
635 2323 851 2386 neque
881 2323 966 2365 ex
995 2323 1212 2387 aequo
1240 2302 1474 2367 fulcire
1506 2305 1812 2380 salutem,

44 2417 149 2480 sed
173 2419 391 2503 magis
422 2418 602 2481 haec
620 2465 635 2493 ‚
657 2417 839 2480 venti
870 2439 1040 2501 quae
1071 2425 1230 2481 sunt
1260 2417 1589 2503 calidique
1619 2421 1890 2506 vaporis

46 2535 272 2597 semina
290 2583 305 2608 ‚
331 2554 583 2597 curare
613 2533 682 2595 in
711 2533 1018 2597 membris
1047 2543 1123 2597 ut
1149 2533 1288 2597 vita
1315 2541 1644 2598 moretur.

50 2656 136 2711 est
157 2650 360 2734 igitur
393 2648 588 2711 calor
619 2668 696 2710 ac
726 2655 965 2711 ventus
992 2648 1211 2712 vitalis
1239 2649 1306 2711 in
1334 2649 1485 2735 ipso

20 2773 21 2778 ’
50 2783 309 2847 corpore
329 2812 345 2838 ‚
373 2764 492 2848 qui
522 2761 719 2825 nobis
748 2762 1184 2827 moribundos
1216 2762 1469 2826 deserit
1497 2770 1716 2826 artus,

20 2895 23 2928 k
50 2897 161 2958 qua
185 2885 482 2964 propter
517 2876 827 2961 quoniam
861 2885 971 2941 est
998 2878 1193 2941 animi
1222 2884 1464 2941 natura
1491 2884 1760 2963 reperta

51 2999 230 3075 atque
259 2993 530 3055 animae
561 2992 752 3076 quasi
780 3014 939 3076 pars
968 2992 1252 3056 hominis
1270 3041 1285 3067 ,
1307 2991 1520 3055 redde
1548 2992 1912 3056 harmoniai

51 3126 265 3169 nomen
285 3156 300 3182 ,
325 3106 423 3170 ad
458 3106 811 3190 organicos
841 3107 975 3187 alto
1010 3106 1302 3170 delatum
1331 3107 1671 3184 Heliconi3

54 3220 170 3283 sive
198 3219 479 3284 aliunde
509 3220 637 3305 ipsi
666 3243 870 3305 porro
903 3229 1169 3285 traxere
1201 3229 1268 3288 et
1295 3222 1363 3284 in
1391 3222 1566 3285 illam

54 3336 531 3399 transtulerunt
549 3384 564 3410 ,
584 3337 858 3420 proprio
891 3358 1061 3421 quae
1089 3345 1229 3400 tum
1258 3357 1367 3400 res
1396 3336 1660 3418 nomine
1692 3337 1962 3421 egebat.

19 3481 23 3498 ·
56 3438 361 3535 quidquid
392 3449 470 3519 id
502 3457 640 3525 est,
662 3450 986 3515 habeant:
1010 3459 1084 3515 tu
1116 3458 1340 3514 cetera
1368 3451 1639 3536 percipe
1671 3449 1882 3513 dicta.

123 3562 311 3629 Nunc
344 3565 638 3628 animum
670 3572 872 3650 atque
902 3566 1182 3629 animam
1215 3564 1367 3629 dico
1400 3566 1759 3629 coniuncta
1786 3569 1997 3629 teneri

56 3677 206 3740 inter
235 3703 309 3743 se
343 3687 556 3763 atque
584 3701 781 3742 unam
811 3687 1116 3744 naturam
1147 3680 1474 3743 conficere
1507 3701 1590 3742 ex
1620 3701 1691 3743 se
1711 3729 1725 3754 ‚

58 3790 162 3853 sed
188 3803 395 3879 caput
429 3815 581 3857 esse
615 3794 801 3878 quasi
833 3801 901 3858 et
930 3794 1255 3859 dominari
1282 3795 1350 3857 in
1383 3815 1666 3879 corpore
1695 3801 1841 3856 toto

60 3908 383 3972 consilium
407 3958 422 3984 ‚
450 3907 638 3993 quod
664 3930 791 3972 nos
821 3909 1106 3972 animum
1134 3920 1555 3994 mentemque
1583 3929 1926 3972 vocamus,

19 4029 28 4074 b
58 4017 239 4105 idque
269 4024 477 4086 situm
508 4022 724 4086 media
752 4023 1024 4108 regione
1053 4025 1122 4087 in
1150 4024 1448 4118 pectoris
1477 4024 1741 4087 haeret.

60 4130 152 4197 hic
180 4138 440 4201 exultat
471 4138 644 4199 enim
673 4160 888 4225 pavor
918 4159 996 4201 ac
1025 4146 1239 4203 metus
1259 4189 1273 4215 ‚
1299 4139 1469 4203 haec
1499 4140 1646 4203 loca
1677 4139 1919 4202 circum

69 4385 150 4431 118
185 4383 400 4436 interire
437 4385 459 4451 ΙΙ
506 4389 601 4435 132
640 4384 747 4437 altu
782 4384 803 4452 ΙΙ
846 4390 939 4436 135
979 4384 1033 4437 id
1068 4393 1332 4440 omissum.

2212 424 2304 490 83
