2840 5008
1188 345 1290 414 VI
2223 349 2363 418 243

119 520 388 607 proinde
420 521 535 584 ubi
564 541 634 583 se
665 519 917 583 caelum
948 517 1133 603 quod
1161 519 1356 584 nobis
1384 516 1562 583 forte
1592 519 1875 583 alienum

72 655 94 700 ο
118 642 482 699 commovet
510 642 708 719 atque
739 640 852 697 aer
878 633 1178 696 inimicus
1209 655 1483 718 serpere
1514 635 1765 721 coepit,

118 757 182 813 ut
210 749 460 813 nebula
489 770 564 810 ac
595 749 803 811 nubes
832 747 1148 832 paulatim
1175 748 1354 833 repit
1384 755 1450 811 et
1479 769 1673 833 omne

119 884 233 946 qua
260 861 568 947 graditur
598 863 958 925 conturbat
987 869 1056 925 et
1083 862 1430 925 immutare
1461 868 1752 937 coactat‚

115 977 176 1039 fit
205 997 480 1060 quoque
507 984 612 1047 ut,
635 976 702 1038 in
730 982 1036 1038 nostrum
1067 997 1213 1039 cum
1244 976 1431 1039 venit
1461 974 1748 1059 denique
1779 972 2030 1040 caelum
2048 1027 2062 1052 ‚

114 1096 488 1174 corrumpat
514 1088 891 1173 reddatque
922 1091 1026 1151 sui
1055 1089 1261 1153 simile
1291 1097 1495 1174 atque
1525 1090 1835 1153 alienum.

46 1220 90 1265 25
114 1204 263 1267 haec
290 1204 497 1287 igitur
526 1204 746 1267 subito
779 1202 1004 1266 clades
1033 1225 1213 1267 nova
1241 1205 1703 1288 pestilitasque

115 1326 215 1380 aut
240 1318 307 1380 in
338 1338 553 1402 aquas
586 1316 767 1381 cadit
796 1324 910 1380 aut
937 1317 1163 1402 fruges
1192 1315 1477 1403 persidit
1503 1319 1569 1380 in
1599 1318 1782 1403 ipsas

114 1440 215 1495 aut
242 1432 410 1494 alios
441 1430 777 1493 hominum
806 1438 1045 1514 pastus
1074 1430 1543 1516 pecudumque
1575 1432 1864 1506 cibatus,

117 1552 218 1608 aut
246 1545 441 1608 etiam
472 1565 803 1629 suspensa
830 1551 1054 1607 manet
1080 1544 1182 1607 vis
1213 1552 1367 1609 aere
1395 1546 1461 1608 in
1491 1547 1640 1630 ipso
1658 1595 1672 1621 ‚

30 1634 31 1675 ³
116 1666 201 1732 et,
224 1679 368 1721 cum
399 1660 735 1743 spirantes
765 1659 1007 1722 mixtas
1037 1658 1193 1722 hinc
1224 1658 1523 1723 ducimus
1556 1680 1783 1735 auraS‚

28 1784 93 1833 130
115 1772 208 1834 illa
235 1794 507 1857 quoque
536 1774 606 1835 in
636 1795 881 1858 corpus
913 1773 1162 1858 pariter
1192 1774 1467 1837 sorbere
1494 1780 1871 1838 necessest.

115 1887 419 1949 consimili
448 1887 709 1950 ratione
739 1888 922 1950 venit
948 1887 1166 1950 bubus
1199 1908 1470 1971 quoque
1501 1904 1703 1973 saepe
1747 1864 1754 1871 ’

22 2080 23 2085 ¹
113 2001 423 2084 pestilitas
455 2008 524 2064 et
551 2002 680 2063 iam
710 2001 915 2087 pigris
943 2001 1324 2066 balantibus
1354 2020 1624 2085 aegror.

111 2135 220 2177 nec
243 2115 454 2178 refert
481 2114 704 2178 utrum
734 2137 856 2178 nos
886 2115 954 2177 in
981 2116 1133 2179 loca
1164 2114 1592 2178 deveniamus

110 2230 281 2292 nobis
312 2228 607 2293 adversa
637 2237 703 2293 et
733 2229 897 2293 caeli
925 2239 1252 2293 mutemus
1283 2230 1589 2293 amictum
1610 2277 1625 2303 ‚

18 2340 87 2419 135
112 2364 182 2404 an
208 2344 457 2406 caelum
489 2345 684 2407 nobis
714 2344 893 2407 ultro
925 2352 1165 2408 natura
1194 2351 1502 2408 coortum

113 2455 351 2523 deferat
382 2466 503 2523 aut
531 2458 783 2544 aliquid
813 2479 947 2544 quo
978 2480 1116 2522 non
1147 2458 1612 2524 consuevimus
1641 2457 1771 2531 uti,

114 2571 277 2653 quod
303 2596 431 2638 nos
465 2573 764 2638 adventu
790 2576 1009 2662 possit
1035 2583 1364 2659 temptare
1392 2574 1673 2636 recenti.

12 2759 13 2762 Ἴ
179 2686 356 2752 Haec
385 2689 564 2753 ratio
596 2687 935 2773 quondam
963 2689 1350 2752 morborum
1380 2694 1447 2751 et
1475 2687 1687 2751 morti’
1715 2685 1879 2749 ferai

97 2798 327 2869 ,finibus
357 2805 426 2867 in
463 2775 790 2889 Cecropis·
810 2803 1115 2867 funestos
1145 2802 1447 2866 reddidit
1476 2822 1676 2887 agros

42 2926 85 2971 40
108 2918 517 3003 vastavitque
545 2918 687 2982 vias
707 2966 722 2992 ,
748 2918 1059 2982 exhausit
1089 2918 1345 2981 civibus
1375 2917 1637 2980 urbem.

10 3025 13 3088 Ι
108 3048 240 3091 nam
271 3034 542 3115 penitus
571 3029 845 3096 veniens
873 3033 1168 3119 Aegypti
1196 3032 1418 3095 finibu’
1447 3031 1750 3104 morbuS‚

109 3148 244 3206 aera
270 3168 667 3231 permensus
695 3147 969 3210 multum
1000 3167 1407 3231 camposque
1437 3144 1731 3208 natantis
1749 3193 1763 3215 ‚

10 3305 11 3338 3
108 3254 384 3326 incubuit
412 3260 689 3325 tandem
715 3261 965 3348 populo
994 3260 1358 3324 Pandionis
1389 3260 1633 3322 omnei.

10 3379 11 3392 ¹
107 3370 245 3436 inde
274 3378 667 3441 catervatim
698 3376 933 3440 morbo
964 3377 1293 3460 mortique
1326 3373 1690 3438 dabantur.

8 3481 83 3541 1145
107 3486 410 3575 principio
447 3497 653 3574 caput
679 3490 1019 3553 incensum
1047 3489 1314 3554 fervore
1344 3491 1670 3575 gerebant

111 3606 168 3662 et
196 3600 476 3690 duplicis
511 3603 743 3668 oculos
774 3605 1025 3668 suffusa
1052 3605 1199 3668 luce
1228 3606 1581 3668 rubenteS.

111 3714 427 3784 sudabant
459 3719 659 3783 etiam
685 3718 913 3783 fauces
941 3720 1340 3783 intrinsecus
1372 3726 1558 3782 atrae

120 4030 234 4078 1119
271 4031 539 4084 acle-num.
578 4031 599 4100 ΙΙ
641 4038 764 4084 1121
807 4033 894 4084 Ve
931 4033 950 4100 ΙΙ
992 4039 1120 4084 1122
1158 4033 1397 4103 graditus
1434 4031 1721 4093 conturbas
1759 4028 1780 4100 ΙΙ
1834 4034 1964 4081 1124
2001 4025 2297 4093 reddetque
2335 4023 2355 4090 ΙΙ

120 4112 233 4161 1125
271 4116 624 4190 ostilitasque.
662 4117 682 4184 ΙΙ
735 4122 862 4167 1132
900 4115 1193 4190 calantibus
1248 4118 1267 4185 ΙΙ
1328 4121 1457 4167 1135
1495 4116 1634 4167 uitro
1674 4113 1694 4182 ΙΙ
1728 4116 2095 4180 corumptum.
2151 4108 2171 4175 ΙΙ
2229 4111 2358 4157 1138

114 4195 423 4251 mortiferae.
462 4199 483 4267 ΙΙ
528 4204 657 4251 1139
691 4200 932 4270 cecropit
968 4200 987 4267 ΙΙ
1029 4205 1155 4251 1141
1196 4197 1375 4251 venies
1415 4197 1436 4265 ΙΙ
1473 4195 1650 4250 ortus.
1708 4197 1727 4267 ΙΙ
1784 4200 1913 4247 1143
1953 4207 2184 4245 omnem.

1839 4292 1954 4355 16⁶
