<?xml version="1.0" encoding="UTF-8"?>
<!DOCTYPE html PUBLIC "-//W3C//DTD XHTML 1.0 Transitional//EN"
    "http://www.w3.org/TR/xhtml1/DTD/xhtml1-transitional.dtd">
<html xmlns="http://www.w3.org/1999/xhtml" xml:lang="en" lang="en">
 <head>
  <title>
</title>
<meta http-equiv="Content-Type" content="text/html;charset=utf-8" />
  <meta name='ocr-system' content='tesseract 3.04.00' />
  <meta name='ocr-capabilities' content='ocr_page ocr_carea ocr_par ocr_line ocrx_word'/>
</head>
<body>
  <div class='ocr_page' id='page_1' title='image "./tlucreticarider02lachgoog_0302.png"; bbox 0 0 2840 5008; ppageno 0'>
   <div class='ocr_carea' id='block_1_1' title="bbox 397 374 2766 4397">
    <p class='ocr_par' dir='ltr' id='par_1_1' title="bbox 518 374 1638 456">
     <span class='ocr_line' id='line_1_1' title="bbox 518 374 1638 456; baseline 0.004 -4"><span class='ocrx_word' id='word_1_1' title='bbox 518 385 608 452; x_wconf 85' lang='lat'><strong>42</strong></span> <span class='ocrx_word' id='word_1_2' title='bbox 868 374 873 378; x_wconf 32' lang='lat'><strong>⁴</strong></span> <span class='ocrx_word' id='word_1_3' title='bbox 1607 388 1638 456; x_wconf 92' lang='lat' dir='ltr'>I</span> 
     </span>
    </p>

    <p class='ocr_par' dir='ltr' id='par_1_2' title="bbox 485 558 2741 2028">
     <span class='ocr_line' id='line_1_2' title="bbox 513 558 2741 654; baseline 0.005 -31"><span class='ocrx_word' id='word_1_4' title='bbox 513 558 927 643; x_wconf 80' lang='lat' dir='ltr'><strong>adscriptam</strong></span> <span class='ocrx_word' id='word_1_5' title='bbox 952 559 1161 624; x_wconf 84' lang='lat' dir='ltr'><strong>fuisse</strong></span> <span class='ocrx_word' id='word_1_6' title='bbox 1192 584 1206 623; x_wconf 70' lang='grc' dir='ltr'><em>ε</em></span> <span class='ocrx_word' id='word_1_7' title='bbox 1244 580 1466 646; x_wconf 88' lang='lat' dir='ltr'><strong>neque</strong></span> <span class='ocrx_word' id='word_1_8' title='bbox 1496 582 1659 626; x_wconf 92' lang='lat' dir='ltr'><strong>sane</strong></span> <span class='ocrx_word' id='word_1_9' title='bbox 1690 563 1913 647; x_wconf 89' lang='lat' dir='ltr'><strong>aptius</strong></span> <span class='ocrx_word' id='word_1_10' title='bbox 1941 564 2040 628; x_wconf 87' lang='lat' dir='ltr'><strong>rei</strong></span> <span class='ocrx_word' id='word_1_11' title='bbox 2084 566 2444 651; x_wconf 88' lang='lat' dir='ltr'><strong>quicquam</strong></span> <span class='ocrx_word' id='word_1_12' title='bbox 2479 570 2741 654; x_wconf 80' lang='lat' dir='ltr'><strong>requiri</strong></span> 
     </span>
     <span class='ocr_line' id='line_1_3' title="bbox 509 657 2740 745; baseline 0.005 -24"><span class='ocrx_word' id='word_1_13' title='bbox 509 665 741 743; x_wconf 87' lang='lat' dir='ltr'><strong>potest</strong></span> <span class='ocrx_word' id='word_1_14' title='bbox 761 706 777 733; x_wconf 97' lang='lat'>,</span> <span class='ocrx_word' id='word_1_15' title='bbox 809 679 1007 742; x_wconf 91' lang='lat' dir='ltr'><strong>quam</strong></span> <span class='ocrx_word' id='word_1_16' title='bbox 1038 657 1225 742; x_wconf 92' lang='lat' dir='ltr'><strong>quod</strong></span> <span class='ocrx_word' id='word_1_17' title='bbox 1255 657 1551 724; x_wconf 89' lang='lat' dir='ltr'><strong>admisso</strong></span> <span class='ocrx_word' id='word_1_18' title='bbox 1584 684 1659 724; x_wconf 83' lang='lat' dir='ltr'><strong>ae</strong></span> <span class='ocrx_word' id='word_1_19' title='bbox 1685 662 1932 745; x_wconf 80' lang='lat' dir='ltr'><strong>pro,ad</strong></span> <span class='ocrx_word' id='word_1_20' title='bbox 1958 683 2044 726; x_wconf 87' lang='lat' dir='ltr'><strong>ex</strong></span> <span class='ocrx_word' id='word_1_21' title='bbox 2070 661 2246 728; x_wconf 90' lang='lat' dir='ltr'><strong>libro</strong></span> <span class='ocrx_word' id='word_1_22' title='bbox 2277 688 2369 741; x_wconf 88' lang='lat' dir='ltr'><strong>v1‚</strong></span> <span class='ocrx_word' id='word_1_23' title='bbox 2388 665 2511 730; x_wconf 88' lang='lat'><strong>229</strong></span> <span class='ocrx_word' id='word_1_24' title='bbox 2550 666 2740 732; x_wconf 85' lang='lat' dir='ltr'><strong>facili</strong></span> 
     </span>
     <span class='ocr_line' id='line_1_4' title="bbox 509 755 2738 843; baseline 0.004 -23"><span class='ocrx_word' id='word_1_25' title='bbox 509 756 783 842; x_wconf 80' lang='lat' dir='ltr'><strong>negotio</strong></span> <span class='ocrx_word' id='word_1_26' title='bbox 814 755 1060 821; x_wconf 87' lang='lat' dir='ltr'><strong>efficias</strong></span> <span class='ocrx_word' id='word_1_27' title='bbox 1095 804 1111 831; x_wconf 92' lang='lat'>‚</span> <span class='ocrx_word' id='word_1_28' title='bbox 1149 779 1273 841; x_wconf 82' lang='lat' dir='ltr'><strong>per</strong></span> <span class='ocrx_word' id='word_1_29' title='bbox 1303 768 1516 843; x_wconf 78' lang='lat' dir='ltr'><strong>saepta</strong></span> <span class='ocrx_word' id='word_1_30' title='bbox 1544 760 1862 823; x_wconf 82' lang='lat' dir='ltr'><strong>domorum</strong></span> <span class='ocrx_word' id='word_1_31' title='bbox 1898 760 2144 824; x_wconf 81' lang='lat' dir='ltr'><strong>Clamor</strong></span> <span class='ocrx_word' id='word_1_32' title='bbox 2174 785 2250 825; x_wconf 73' lang='grc' dir='ltr'><strong>ιτ</strong></span> <span class='ocrx_word' id='word_1_33' title='bbox 2279 784 2326 826; x_wconf 74' lang='lat' dir='ltr'>A</span> <span class='ocrx_word' id='word_1_34' title='bbox 2340 786 2377 827; x_wconf 88' lang='lat' dir='ltr'><strong>c</strong></span> <span class='ocrx_word' id='word_1_35' title='bbox 2406 787 2579 829; x_wconf 75' lang='lat' dir='ltr'><strong>voces</strong></span> <span class='ocrx_word' id='word_1_36' title='bbox 2605 813 2625 843; x_wconf 88' lang='lat'><em>‚</em></span> <span class='ocrx_word' id='word_1_37' title='bbox 2660 773 2738 828; x_wconf 87' lang='lat' dir='ltr'><strong>ut</strong></span> 
     </span>
     <span class='ocr_line' id='line_1_5' title="bbox 506 854 2734 942; baseline 0.004 -23"><span class='ocrx_word' id='word_1_38' title='bbox 506 855 578 919; x_wconf 91' lang='lat' dir='ltr'><strong>in</strong></span> <span class='ocrx_word' id='word_1_39' title='bbox 599 879 690 931; x_wconf 81' lang='lat' dir='ltr'><strong>vl,</strong></span> <span class='ocrx_word' id='word_1_40' title='bbox 708 854 825 919; x_wconf 87' lang='lat'><strong>951</strong></span> <span class='ocrx_word' id='word_1_41' title='bbox 865 857 1148 942; x_wconf 81' lang='lat' dir='ltr'><strong>Denique</strong></span> <span class='ocrx_word' id='word_1_42' title='bbox 1163 879 1285 940; x_wconf 80' lang='lat' dir='ltr'><strong>per</strong></span> <span class='ocrx_word' id='word_1_43' title='bbox 1313 856 1573 941; x_wconf 71' lang='lat' dir='ltr'><strong>dissepta</strong></span> <span class='ocrx_word' id='word_1_44' title='bbox 1594 858 1911 921; x_wconf 68' lang='lat' dir='ltr'><strong>domm-tom</strong></span> <span class='ocrx_word' id='word_1_45' title='bbox 1930 881 2121 922; x_wconf 71' lang='lat' dir='ltr'><strong>saoeea</strong></span> <span class='ocrx_word' id='word_1_46' title='bbox 2145 882 2315 924; x_wconf 77' lang='lat' dir='ltr'><strong>voees</strong></span> <span class='ocrx_word' id='word_1_47' title='bbox 2336 862 2734 940; x_wconf 71' lang='lat' dir='ltr'><strong>Pmolitant,</strong></span> 
     </span>
     <span class='ocr_line' id='line_1_6' title="bbox 506 954 2733 1040; baseline 0.004 -23"><span class='ocrx_word' id='word_1_48' title='bbox 506 955 578 1018; x_wconf 88' lang='lat' dir='ltr'><strong>in</strong></span> <span class='ocrx_word' id='word_1_49' title='bbox 606 978 649 1029; x_wconf 92' lang='lat'><strong>1,</strong></span> <span class='ocrx_word' id='word_1_50' title='bbox 667 954 789 1019; x_wconf 88' lang='lat'><strong>355</strong></span> <span class='ocrx_word' id='word_1_51' title='bbox 833 954 1001 1018; x_wconf 81' lang='lat' dir='ltr'><strong>Inter</strong></span> <span class='ocrx_word' id='word_1_52' title='bbox 1038 965 1249 1040; x_wconf 78' lang='lat' dir='ltr'><strong>saepta</strong></span> <span class='ocrx_word' id='word_1_53' title='bbox 1274 966 1480 1018; x_wconf 80' lang='lat' dir='ltr'><strong>meant</strong></span> <span class='ocrx_word' id='word_1_54' title='bbox 1506 977 1676 1020; x_wconf 79' lang='lat' dir='ltr'><strong>voees</strong></span> <span class='ocrx_word' id='word_1_55' title='bbox 1703 966 1760 1019; x_wconf 77' lang='lat' dir='ltr'><strong>et</strong></span> <span class='ocrx_word' id='word_1_56' title='bbox 1787 958 1999 1021; x_wconf 76' lang='lat' dir='ltr'><strong>clausa</strong></span> <span class='ocrx_word' id='word_1_57' title='bbox 2028 959 2345 1023; x_wconf 80' lang='lat' dir='ltr'><strong>domorum</strong></span> <span class='ocrx_word' id='word_1_58' title='bbox 2380 961 2443 1024; x_wconf 87' lang='grc' dir='ltr'><em>Τ</em></span> <span class='ocrx_word' id='word_1_59' title='bbox 2434 962 2733 1025; x_wconf 55' lang='lat' dir='ltr'><strong>marnoli-⁴</strong></span> 
     </span>
     <span class='ocr_line' id='line_1_7' title="bbox 506 1050 2729 1146; baseline 0.003 -30"><span class='ocrx_word' id='word_1_60' title='bbox 506 1064 638 1117; x_wconf 76' lang='lat' dir='ltr'><strong>tant</strong></span> <span class='ocrx_word' id='word_1_61' title='bbox 666 1100 678 1113; x_wconf 94' lang='lat'>.</span> <span class='ocrx_word' id='word_1_62' title='bbox 723 1058 964 1116; x_wconf 87' lang='lat' dir='ltr'><strong>contra</strong></span> <span class='ocrx_word' id='word_1_63' title='bbox 991 1050 1158 1114; x_wconf 86' lang='lat' dir='ltr'><strong>nihil</strong></span> <span class='ocrx_word' id='word_1_64' title='bbox 1187 1050 1549 1116; x_wconf 78' lang='lat' dir='ltr'><strong>absurdius</strong></span> <span class='ocrx_word' id='word_1_65' title='bbox 1583 1059 1688 1117; x_wconf 89' lang='lat' dir='ltr'><strong>est</strong></span> <span class='ocrx_word' id='word_1_66' title='bbox 1714 1052 1829 1116; x_wconf 89' lang='lat' dir='ltr'><strong>illa</strong></span> <span class='ocrx_word' id='word_1_67' title='bbox 1858 1057 2364 1139; x_wconf 89' lang='lat' dir='ltr'><strong>comparatione</strong></span> <span class='ocrx_word' id='word_1_68' title='bbox 2394 1105 2411 1133; x_wconf 90' lang='lat'>‚</span> <span class='ocrx_word' id='word_1_69' title='bbox 2446 1058 2729 1146; x_wconf 77' lang='lat' dir='ltr'><strong>quaful-</strong></span> 
     </span>
     <span class='ocr_line' id='line_1_8' title="bbox 504 1150 2734 1236; baseline 0.003 -22"><span class='ocrx_word' id='word_1_70' title='bbox 504 1174 642 1215; x_wconf 87' lang='lat' dir='ltr'><strong>men</strong></span> <span class='ocrx_word' id='word_1_71' title='bbox 686 1152 842 1216; x_wconf 83' lang='lat' dir='ltr'><strong>caeli</strong></span> <span class='ocrx_word' id='word_1_72' title='bbox 867 1173 989 1236; x_wconf 82' lang='lat' dir='ltr'><strong>per</strong></span> <span class='ocrx_word' id='word_1_73' title='bbox 1030 1160 1239 1234; x_wconf 75' lang='lat' dir='ltr'><strong>saepta</strong></span> <span class='ocrx_word' id='word_1_74' title='bbox 1278 1150 1604 1215; x_wconf 77' lang='lat' dir='ltr'><strong>domorum·</strong></span> <span class='ocrx_word' id='word_1_75' title='bbox 1638 1152 1929 1216; x_wconf 83' lang='lat' dir='ltr'><strong>transire</strong></span> <span class='ocrx_word' id='word_1_76' title='bbox 1978 1151 2224 1220; x_wconf 82' lang='lat' dir='ltr'><strong>dicitur</strong></span> <span class='ocrx_word' id='word_1_77' title='bbox 2261 1158 2508 1232; x_wconf 77' lang='lat' dir='ltr'><strong>Clamor</strong></span> <span class='ocrx_word' id='word_1_78' title='bbox 2551 1168 2620 1220; x_wconf 76' lang='lat' dir='ltr'><strong>ut</strong></span> <span class='ocrx_word' id='word_1_79' title='bbox 2661 1180 2734 1221; x_wconf 84' lang='lat' dir='ltr'><strong>ac-</strong></span> 
     </span>
     <span class='ocr_line' id='line_1_9' title="bbox 503 1248 2732 1340; baseline 0.003 -26"><span class='ocrx_word' id='word_1_80' title='bbox 503 1273 673 1314; x_wconf 77' lang='lat' dir='ltr'><strong>voces</strong></span> <span class='ocrx_word' id='word_1_81' title='bbox 701 1250 836 1334; x_wconf 92' lang='lat' dir='ltr'><strong>(sic</strong></span> <span class='ocrx_word' id='word_1_82' title='bbox 867 1270 1016 1313; x_wconf 91' lang='lat' dir='ltr'><strong>cum</strong></span> <span class='ocrx_word' id='word_1_83' title='bbox 1036 1248 1328 1312; x_wconf 89' lang='lat' dir='ltr'><strong>Avantio</strong></span> <span class='ocrx_word' id='word_1_84' title='bbox 1357 1249 1704 1333; x_wconf 84' lang='lat' dir='ltr'><strong>plerique)</strong></span> <span class='ocrx_word' id='word_1_85' title='bbox 1734 1259 1853 1313; x_wconf 91' lang='lat' dir='ltr'><strong>aut</strong></span> <span class='ocrx_word' id='word_1_86' title='bbox 1869 1297 1884 1325; x_wconf 90' lang='lat'>,</span> <span class='ocrx_word' id='word_1_87' title='bbox 1910 1252 2096 1336; x_wconf 89' lang='lat' dir='ltr'><strong>quod</strong></span> <span class='ocrx_word' id='word_1_88' title='bbox 2116 1254 2411 1319; x_wconf 89' lang='lat' dir='ltr'><strong>Marullo</strong></span> <span class='ocrx_word' id='word_1_89' title='bbox 2439 1255 2732 1340; x_wconf 90' lang='lat' dir='ltr'><strong>placuit,</strong></span> 
     </span>
     <span class='ocr_line' id='line_1_10' title="bbox 514 1346 2734 1432; baseline 0.001 -18"><span class='ocrx_word' id='word_1_90' title='bbox 514 1350 769 1414; x_wconf 82' lang='lat' dir='ltr'><strong>Cla-mor·</strong></span> <span class='ocrx_word' id='word_1_91' title='bbox 784 1358 852 1411; x_wconf 77' lang='lat' dir='ltr'><strong>ut</strong></span> <span class='ocrx_word' id='word_1_92' title='bbox 877 1349 927 1410; x_wconf 75' lang='lat' dir='ltr'><strong>it</strong></span> <span class='ocrx_word' id='word_1_93' title='bbox 949 1348 1143 1427; x_wconf 75' lang='lat' dir='ltr'><strong>vocis,</strong></span> <span class='ocrx_word' id='word_1_94' title='bbox 1163 1347 1569 1432; x_wconf 88' lang='lat' dir='ltr'><strong>praesertim</strong></span> <span class='ocrx_word' id='word_1_95' title='bbox 1592 1369 1741 1411; x_wconf 91' lang='lat' dir='ltr'><strong>cum</strong></span> <span class='ocrx_word' id='word_1_96' title='bbox 1763 1346 2018 1414; x_wconf 81' lang='lat' dir='ltr'><strong>fulmen</strong></span> <span class='ocrx_word' id='word_1_97' title='bbox 2033 1398 2050 1425; x_wconf 86' lang='lat'>‚</span> <span class='ocrx_word' id='word_1_98' title='bbox 2072 1359 2149 1416; x_wconf 92' lang='lat' dir='ltr'><strong>ut</strong></span> <span class='ocrx_word' id='word_1_99' title='bbox 2171 1374 2304 1416; x_wconf 90' lang='lat' dir='ltr'><strong>vox</strong></span> <span class='ocrx_word' id='word_1_100' title='bbox 2321 1400 2337 1427; x_wconf 91' lang='lat'>‚</span> <span class='ocrx_word' id='word_1_101' title='bbox 2359 1354 2734 1419; x_wconf 86' lang='lat' dir='ltr'><strong>incolumes</strong></span> 
     </span>
     <span class='ocr_line' id='line_1_11' title="bbox 506 1447 2733 1533; baseline 0.001 -20"><span class='ocrx_word' id='word_1_102' title='bbox 506 1448 744 1513; x_wconf 90' lang='lat' dir='ltr'><strong>domos</strong></span> <span class='ocrx_word' id='word_1_103' title='bbox 772 1469 911 1511; x_wconf 93' lang='lat' dir='ltr'><strong>non</strong></span> <span class='ocrx_word' id='word_1_104' title='bbox 938 1447 1135 1512; x_wconf 85' lang='lat' dir='ltr'><strong>facile</strong></span> <span class='ocrx_word' id='word_1_105' title='bbox 1166 1455 1473 1512; x_wconf 87' lang='lat' dir='ltr'><strong>transeat</strong></span> <span class='ocrx_word' id='word_1_106' title='bbox 1505 1498 1518 1512; x_wconf 92' lang='lat'><strong>.</strong></span> <span class='ocrx_word' id='word_1_107' title='bbox 1557 1456 1914 1533; x_wconf 91' lang='lat' dir='ltr'><strong>praeterea</strong></span> <span class='ocrx_word' id='word_1_108' title='bbox 1941 1450 2313 1514; x_wconf 91' lang='lat' dir='ltr'><strong>notandum</strong></span> <span class='ocrx_word' id='word_1_109' title='bbox 2345 1457 2452 1515; x_wconf 90' lang='lat' dir='ltr'><strong>est</strong></span> <span class='ocrx_word' id='word_1_110' title='bbox 2475 1452 2733 1516; x_wconf 91' lang='lat' dir='ltr'><strong>Lucre-</strong></span> 
     </span>
     <span class='ocr_line' id='line_1_12' title="bbox 502 1546 2734 1636; baseline 0.001 -25"><span class='ocrx_word' id='word_1_111' title='bbox 502 1549 668 1611; x_wconf 84' lang='lat' dir='ltr'><strong>tium</strong></span> <span class='ocrx_word' id='word_1_112' title='bbox 698 1548 852 1610; x_wconf 80' lang='lat' dir='ltr'><strong>caeli</strong></span> <span class='ocrx_word' id='word_1_113' title='bbox 876 1546 1087 1609; x_wconf 81' lang='lat' dir='ltr'><strong>nubila</strong></span> <span class='ocrx_word' id='word_1_114' title='bbox 1116 1552 1185 1608; x_wconf 79' lang='lat' dir='ltr'><strong>et</strong></span> <span class='ocrx_word' id='word_1_115' title='bbox 1214 1548 1371 1610; x_wconf 74' lang='lat' dir='ltr'><strong>caeli</strong></span> <span class='ocrx_word' id='word_1_116' title='bbox 1396 1548 1575 1632; x_wconf 52' lang='lat' dir='ltr'><strong>¹§tyna</strong></span> <span class='ocrx_word' id='word_1_117' title='bbox 1605 1546 1858 1611; x_wconf 85' lang='lat' dir='ltr'><strong>dixisse</strong></span> <span class='ocrx_word' id='word_1_118' title='bbox 1887 1596 1903 1628; x_wconf 84' lang='lat'>‚</span> <span class='ocrx_word' id='word_1_119' title='bbox 1935 1549 2094 1613; x_wconf 90' lang='lat' dir='ltr'><strong>item</strong></span> <span class='ocrx_word' id='word_1_120' title='bbox 2106 1549 2291 1636; x_wconf 77' lang='lat' dir='ltr'><strong>faces</strong></span> <span class='ocrx_word' id='word_1_121' title='bbox 2318 1552 2508 1630; x_wconf 78' lang='lat' dir='ltr'><strong>caeli,</strong></span> <span class='ocrx_word' id='word_1_122' title='bbox 2542 1552 2734 1614; x_wconf 77' lang='lat' dir='ltr'><strong>caeli-</strong></span> 
     </span>
     <span class='ocr_line' id='line_1_13' title="bbox 507 1642 2733 1731; baseline 0.002 -23"><span class='ocrx_word' id='word_1_123' title='bbox 507 1666 638 1729; x_wconf 88' lang='lat' dir='ltr'><strong>que</strong></span> <span class='ocrx_word' id='word_1_124' title='bbox 664 1646 848 1708; x_wconf 76' lang='lat' dir='ltr'><strong>solem</strong></span> <span class='ocrx_word' id='word_1_125' title='bbox 875 1693 892 1723; x_wconf 84' lang='lat'><strong><em>,</em></strong></span> <span class='ocrx_word' id='word_1_126' title='bbox 914 1643 1162 1730; x_wconf 83' lang='lat' dir='ltr'><strong>fulmen</strong></span> <span class='ocrx_word' id='word_1_127' title='bbox 1191 1642 1412 1709; x_wconf 82' lang='lat' dir='ltr'><strong>auteni</strong></span> <span class='ocrx_word' id='word_1_128' title='bbox 1444 1648 1601 1710; x_wconf 80' lang='lat' dir='ltr'><strong>caeli</strong></span> <span class='ocrx_word' id='word_1_129' title='bbox 1627 1666 1988 1731; x_wconf 83' lang='lat' dir='ltr'><strong>numquam</strong></span> <span class='ocrx_word' id='word_1_130' title='bbox 2019 1647 2271 1712; x_wconf 86' lang='lat' dir='ltr'><strong>dixisse</strong></span> <span class='ocrx_word' id='word_1_131' title='bbox 2307 1671 2323 1710; x_wconf 70' lang='grc' dir='ltr'>ε</span> <span class='ocrx_word' id='word_1_132' title='bbox 2362 1670 2515 1712; x_wconf 85' lang='lat' dir='ltr'><strong>nam</strong></span> <span class='ocrx_word' id='word_1_133' title='bbox 2555 1648 2634 1711; x_wconf 90' lang='lat' dir='ltr'><strong>in</strong></span> <span class='ocrx_word' id='word_1_134' title='bbox 2662 1672 2733 1722; x_wconf 87' lang='lat' dir='ltr'><strong>v,</strong></span> 
     </span>
     <span class='ocr_line' id='line_1_14' title="bbox 508 1742 2736 1833; baseline 0.002 -26"><span class='ocrx_word' id='word_1_135' title='bbox 508 1742 670 1807; x_wconf 83' lang='lat'>1244</span> <span class='ocrx_word' id='word_1_136' title='bbox 698 1742 908 1806; x_wconf 91' lang='lat' dir='ltr'><strong>multo</strong></span> <span class='ocrx_word' id='word_1_137' title='bbox 948 1743 1202 1807; x_wconf 91' lang='lat' dir='ltr'><strong>rectius</strong></span> <span class='ocrx_word' id='word_1_138' title='bbox 1237 1751 1341 1807; x_wconf 89' lang='lat' dir='ltr'><strong>est</strong></span> <span class='ocrx_word' id='word_1_139' title='bbox 1383 1743 1571 1829; x_wconf 91' lang='lat' dir='ltr'><strong>quod</strong></span> <span class='ocrx_word' id='word_1_140' title='bbox 1601 1746 1933 1831; x_wconf 87' lang='lat' dir='ltr'><strong>oblongus</strong></span> <span class='ocrx_word' id='word_1_141' title='bbox 1960 1746 2173 1811; x_wconf 87' lang='lat' dir='ltr'><strong>habet</strong></span> <span class='ocrx_word' id='word_1_142' title='bbox 2205 1794 2220 1822; x_wconf 90' lang='lat'>,</span> <span class='ocrx_word' id='word_1_143' title='bbox 2262 1748 2430 1811; x_wconf 84' lang='lat' dir='ltr'><strong>eaelo</strong></span> <span class='ocrx_word' id='word_1_144' title='bbox 2456 1746 2736 1833; x_wconf 77' lang='lat' dir='ltr'><strong>fulmine</strong></span> 
     </span>
     <span class='ocr_line' id='line_1_15' title="bbox 502 1840 2734 1930; baseline 0 -24"><span class='ocrx_word' id='word_1_145' title='bbox 502 1844 682 1906; x_wconf 72' lang='lat' dir='ltr'><strong>misso</strong></span> <span class='ocrx_word' id='word_1_146' title='bbox 701 1889 717 1905; x_wconf 90' lang='lat'><strong>.</strong></span> <span class='ocrx_word' id='word_1_147' title='bbox 741 1840 906 1906; x_wconf 88' lang='lat' dir='ltr'><strong>satis</strong></span> <span class='ocrx_word' id='word_1_148' title='bbox 933 1840 1138 1926; x_wconf 87' lang='lat' dir='ltr'><strong>igitur</strong></span> <span class='ocrx_word' id='word_1_149' title='bbox 1169 1849 1475 1927; x_wconf 89' lang='lat' dir='ltr'><strong>apertum</strong></span> <span class='ocrx_word' id='word_1_150' title='bbox 1500 1851 1605 1907; x_wconf 87' lang='lat' dir='ltr'><strong>est</strong></span> <span class='ocrx_word' id='word_1_151' title='bbox 1624 1850 1898 1929; x_wconf 67' lang='lat' dir='ltr'><strong>poetam</strong></span> <span class='ocrx_word' id='word_1_152' title='bbox 1921 1845 2272 1930; x_wconf 88' lang='lat' dir='ltr'><strong>scripsisse</strong></span> <span class='ocrx_word' id='word_1_153' title='bbox 2300 1846 2556 1909; x_wconf 70' lang='lat' dir='ltr'><strong>Transit</strong></span> <span class='ocrx_word' id='word_1_154' title='bbox 2573 1846 2734 1909; x_wconf 80' lang='lat' dir='ltr'><strong>enim</strong></span> 
     </span>
     <span class='ocr_line' id='line_1_16' title="bbox 485 1941 1114 2028; baseline -0.003 -23"><span class='ocrx_word' id='word_1_155' title='bbox 485 1941 732 2028; x_wconf 82' lang='lat' dir='ltr'><strong>fulmen</strong></span> <span class='ocrx_word' id='word_1_156' title='bbox 762 1963 798 2004; x_wconf 90' lang='lat' dir='ltr'><strong>c</strong></span> <span class='ocrx_word' id='word_1_157' title='bbox 810 1962 855 2003; x_wconf 79' lang='lat' dir='ltr'>A</span> <span class='ocrx_word' id='word_1_158' title='bbox 866 1962 903 2002; x_wconf 81' lang='lat' dir='ltr'>E</span> <span class='ocrx_word' id='word_1_159' title='bbox 919 1962 958 2003; x_wconf 73' lang='lat'><strong>1,</strong></span> <span class='ocrx_word' id='word_1_160' title='bbox 975 1962 1018 2003; x_wconf 83' lang='lat' dir='ltr'><strong>u</strong></span> <span class='ocrx_word' id='word_1_161' title='bbox 1031 1962 1080 2003; x_wconf 78' lang='grc' dir='ltr'><strong>Μ</strong></span> <span class='ocrx_word' id='word_1_162' title='bbox 1099 1987 1114 2003; x_wconf 93' lang='grc'><strong>.</strong></span> 
     </span>
    </p>

    <p class='ocr_par' dir='ltr' id='par_1_3' title="bbox 502 2038 2766 2202">
     <span class='ocr_line' id='line_1_17' title="bbox 666 2038 2766 2115; baseline 0 -12"><span class='ocrx_word' id='word_1_163' title='bbox 666 2038 810 2103; x_wconf 87' lang='grc'><strong>491.</strong></span> <span class='ocrx_word' id='word_1_164' title='bbox 867 2039 1522 2115; x_wconf 70' lang='grc' dir='ltr'><strong>ΒιεειωσΝΤρυΕ</strong></span> <span class='ocrx_word' id='word_1_165' title='bbox 1583 2061 1782 2104; x_wconf 75' lang='lat' dir='ltr'><strong>rnno</strong></span> <span class='ocrx_word' id='word_1_166' title='bbox 1843 2063 2242 2105; x_wconf 68' lang='lat' dir='ltr'><strong>rsnvnnm</strong></span> <span class='ocrx_word' id='word_1_167' title='bbox 2303 2062 2519 2105; x_wconf 72' lang='lat' dir='ltr'><strong>sAxA</strong></span> <span class='ocrx_word' id='word_1_168' title='bbox 2584 2048 2766 2103; x_wconf 79' lang='lat' dir='ltr'>VA-&#39;</span> 
     </span>
     <span class='ocr_line' id='line_1_18' title="bbox 502 2137 1650 2202; baseline -0.001 -1"><span class='ocrx_word' id='word_1_169' title='bbox 502 2159 701 2202; x_wconf 75' lang='lat' dir='ltr'><strong>rom:</strong></span> <span class='ocrx_word' id='word_1_170' title='bbox 730 2187 744 2202; x_wconf 88' lang='lat'><strong>.</strong></span> <span class='ocrx_word' id='word_1_171' title='bbox 780 2137 1109 2202; x_wconf 81' lang='lat' dir='ltr'><strong>Marullus</strong></span> <span class='ocrx_word' id='word_1_172' title='bbox 1139 2160 1650 2202; x_wconf 62' lang='lat' dir='ltr'><strong>rnnvnn‘rix.</strong></span> 
     </span>
    </p>

    <p class='ocr_par' dir='ltr' id='par_1_4' title="bbox 666 2235 2728 2320">
     <span class='ocr_line' id='line_1_19' title="bbox 666 2235 2728 2320; baseline -0.002 -19"><span class='ocrx_word' id='word_1_173' title='bbox 666 2236 808 2301; x_wconf 86' lang='lat'><strong>492.</strong></span> <span class='ocrx_word' id='word_1_174' title='bbox 842 2237 1007 2301; x_wconf 70' lang='lat' dir='ltr'><strong>Cum</strong></span> <span class='ocrx_word' id='word_1_175' title='bbox 1036 2258 1681 2301; x_wconf 73' lang='lat' dir='ltr'><strong>LABEFAcrArus</strong></span> <span class='ocrx_word' id='word_1_176' title='bbox 1705 2285 1719 2298; x_wconf 91' lang='lat'><strong>.</strong></span> <span class='ocrx_word' id='word_1_177' title='bbox 1740 2236 1893 2300; x_wconf 88' lang='lat' dir='ltr'><strong>Itali</strong></span> <span class='ocrx_word' id='word_1_178' title='bbox 1917 2243 1985 2300; x_wconf 92' lang='lat' dir='ltr'><strong>et</strong></span> <span class='ocrx_word' id='word_1_179' title='bbox 2006 2236 2164 2300; x_wconf 92' lang='lat' dir='ltr'><strong>olim</strong></span> <span class='ocrx_word' id='word_1_180' title='bbox 2183 2235 2728 2320; x_wconf 78' lang='lat' dir='ltr'><strong>imPressiTtm.</strong></span> 
     </span>
    </p>

    <p class='ocr_par' dir='ltr' id='par_1_5' title="bbox 397 2334 2727 2621">
     <span class='ocr_line' id='line_1_20' title="bbox 498 2334 2703 2420; baseline -0.002 -19"><span class='ocrx_word' id='word_1_181' title='bbox 498 2359 636 2402; x_wconf 94' lang='lat' dir='ltr'><strong>non</strong></span> <span class='ocrx_word' id='word_1_182' title='bbox 663 2344 851 2400; x_wconf 89' lang='lat' dir='ltr'><strong>recte</strong></span> <span class='ocrx_word' id='word_1_183' title='bbox 878 2335 1209 2399; x_wconf 87' lang='lat' dir='ltr'><strong>Marullus</strong></span> <span class='ocrx_word' id='word_1_184' title='bbox 1247 2335 1449 2415; x_wconf 83' lang='lat' dir='ltr'><strong>Quin:</strong></span> <span class='ocrx_word' id='word_1_185' title='bbox 1470 2336 1629 2404; x_wconf 84' lang='lat' dir='ltr'><strong>vide</strong></span> <span class='ocrx_word' id='word_1_186' title='bbox 1662 2357 1834 2420; x_wconf 90' lang='lat' dir='ltr'><strong>quae</strong></span> <span class='ocrx_word' id='word_1_187' title='bbox 1864 2336 2090 2401; x_wconf 90' lang='lat' dir='ltr'><strong>scribo</strong></span> <span class='ocrx_word' id='word_1_188' title='bbox 2122 2334 2211 2399; x_wconf 86' lang='lat' dir='ltr'><strong>ad</strong></span> <span class='ocrx_word' id='word_1_189' title='bbox 2239 2356 2510 2399; x_wconf 87' lang='lat' dir='ltr'><strong>versum</strong></span> <span class='ocrx_word' id='word_1_190' title='bbox 2540 2334 2671 2399; x_wconf 85' lang='grc'><strong>588</strong></span> <span class='ocrx_word' id='word_1_191' title='bbox 2690 2383 2703 2396; x_wconf 94' lang='grc'><strong>.</strong></span> 
     </span>
     <span class='ocr_line' id='line_1_21' title="bbox 397 2422 2727 2514; baseline -0.001 -14"><span class='ocrx_word' id='word_1_192' title='bbox 397 2422 402 2428; x_wconf 50' lang='grc'><strong>’</strong></span> <span class='ocrx_word' id='word_1_193' title='bbox 667 2435 807 2500; x_wconf 88' lang='grc'><strong>500.</strong></span> <span class='ocrx_word' id='word_1_194' title='bbox 852 2457 887 2498; x_wconf 85' lang='lat' dir='ltr'><strong>e</strong></span> <span class='ocrx_word' id='word_1_195' title='bbox 907 2456 946 2498; x_wconf 97' lang='lat' dir='ltr'><strong>o</strong></span> <span class='ocrx_word' id='word_1_196' title='bbox 964 2455 1113 2498; x_wconf 74' lang='lat' dir='ltr'><strong>nro</strong></span> <span class='ocrx_word' id='word_1_197' title='bbox 1130 2456 1223 2496; x_wconf 79' lang='lat' dir='ltr'><strong>RE</strong></span> <span class='ocrx_word' id='word_1_198' title='bbox 1270 2455 1305 2497; x_wconf 89' lang='lat' dir='ltr'><strong>c</strong></span> <span class='ocrx_word' id='word_1_199' title='bbox 1322 2454 1468 2496; x_wconf 69' lang='lat' dir='ltr'><strong>ons</strong></span> <span class='ocrx_word' id='word_1_200' title='bbox 1485 2455 1577 2496; x_wconf 63' lang='lat' dir='ltr'><strong>rr:</strong></span> <span class='ocrx_word' id='word_1_201' title='bbox 1595 2457 1635 2496; x_wconf 70' lang='lat' dir='ltr'><strong>&#39;r</strong></span> <span class='ocrx_word' id='word_1_202' title='bbox 1666 2481 1681 2497; x_wconf 88' lang='lat'><strong>.</strong></span> <span class='ocrx_word' id='word_1_203' title='bbox 1728 2432 2059 2514; x_wconf 80' lang='lat' dir='ltr'><strong>Quadrati</strong></span> <span class='ocrx_word' id='word_1_204' title='bbox 2101 2441 2450 2497; x_wconf 87' lang='lat' dir='ltr'><strong>corrector</strong></span> <span class='ocrx_word' id='word_1_205' title='bbox 2494 2440 2567 2496; x_wconf 89' lang='lat' dir='ltr'><strong>et</strong></span> <span class='ocrx_word' id='word_1_206' title='bbox 2609 2434 2727 2497; x_wconf 90' lang='lat' dir='ltr'><strong>im-</strong></span> 
     </span>
     <span class='ocr_line' id='line_1_22' title="bbox 498 2532 2575 2621; baseline -0.008 -20"><span class='ocrx_word' id='word_1_207' title='bbox 498 2535 1203 2621; x_wconf 68' lang='lat' dir='ltr'><strong>pressicoxsrnnr.</strong></span> <span class='ocrx_word' id='word_1_208' title='bbox 2565 2532 2575 2543; x_wconf 86' lang='grc'><strong>’</strong></span> 
     </span>
    </p>

    <p class='ocr_par' dir='ltr' id='par_1_6' title="bbox 498 2632 2725 3508">
     <span class='ocr_line' id='line_1_23' title="bbox 668 2632 2725 2710; baseline -0.001 -13"><span class='ocrx_word' id='word_1_209' title='bbox 668 2634 808 2698; x_wconf 87' lang='grc'><strong>517.</strong></span> <span class='ocrx_word' id='word_1_210' title='bbox 853 2655 1066 2710; x_wconf 74' lang='lat' dir='ltr'><strong>ouon</strong></span> <span class='ocrx_word' id='word_1_211' title='bbox 1114 2654 1372 2695; x_wconf 75' lang='lat' dir='ltr'>INANE</span> <span class='ocrx_word' id='word_1_212' title='bbox 1418 2654 1677 2707; x_wconf 73' lang='lat' dir='ltr'><strong>QUEAtr</strong></span> <span class='ocrx_word' id='word_1_213' title='bbox 1720 2654 1990 2696; x_wconf 80' lang='lat' dir='ltr'><strong>RERUM</strong></span> <span class='ocrx_word' id='word_1_214' title='bbox 2036 2652 2444 2695; x_wconf 75' lang='lat' dir='ltr'><strong>conmnnn</strong></span> <span class='ocrx_word' id='word_1_215' title='bbox 2469 2679 2485 2695; x_wconf 89' lang='lat'><strong>.</strong></span> <span class='ocrx_word' id='word_1_216' title='bbox 2513 2632 2725 2696; x_wconf 85' lang='lat' dir='ltr'><strong>Recte</strong></span> 
     </span>
     <span class='ocr_line' id='line_1_24' title="bbox 498 2725 2720 2818; baseline -0.002 -22"><span class='ocrx_word' id='word_1_217' title='bbox 498 2734 988 2818; x_wconf 77' lang='lat' dir='ltr'><strong>interpretatur</strong></span> <span class='ocrx_word' id='word_1_218' title='bbox 1009 2730 1372 2796; x_wconf 90' lang='lat' dir='ltr'><strong>Creechius</strong></span> <span class='ocrx_word' id='word_1_219' title='bbox 1388 2779 1405 2806; x_wconf 89' lang='lat'>‚</span> <span class='ocrx_word' id='word_1_220' title='bbox 1424 2725 1529 2795; x_wconf 84' lang='lat' dir='ltr'><strong>‘id</strong></span> <span class='ocrx_word' id='word_1_221' title='bbox 1555 2732 1753 2795; x_wconf 89' lang='lat' dir='ltr'><strong>inane</strong></span> <span class='ocrx_word' id='word_1_222' title='bbox 1779 2729 1967 2816; x_wconf 91' lang='lat' dir='ltr'><strong>quod</strong></span> <span class='ocrx_word' id='word_1_223' title='bbox 1985 2731 2056 2793; x_wconf 89' lang='lat' dir='ltr'><strong>in</strong></span> <span class='ocrx_word' id='word_1_224' title='bbox 2077 2730 2280 2795; x_wconf 89' lang='lat' dir='ltr'><strong>rebus</strong></span> <span class='ocrx_word' id='word_1_225' title='bbox 2303 2731 2551 2815; x_wconf 87' lang='lat' dir='ltr'><strong>genitis</strong></span> <span class='ocrx_word' id='word_1_226' title='bbox 2571 2730 2720 2795; x_wconf 90' lang='lat' dir='ltr'><strong>est&#39;.</strong></span> 
     </span>
     <span class='ocr_line' id='line_1_25' title="bbox 501 2828 2722 2913; baseline -0.001 -19"><span class='ocrx_word' id='word_1_227' title='bbox 501 2830 626 2894; x_wconf 86' lang='lat' dir='ltr'><strong>sed</strong></span> <span class='ocrx_word' id='word_1_228' title='bbox 655 2829 729 2893; x_wconf 91' lang='lat' dir='ltr'><strong>id</strong></span> <span class='ocrx_word' id='word_1_229' title='bbox 758 2829 967 2913; x_wconf 92' lang='lat' dir='ltr'><strong>siquis</strong></span> <span class='ocrx_word' id='word_1_230' title='bbox 994 2832 1177 2894; x_wconf 78' lang='lat' dir='ltr'><strong>inane</strong></span> <span class='ocrx_word' id='word_1_231' title='bbox 1201 2852 1411 2893; x_wconf 84' lang='lat' dir='ltr'><strong>rerum</strong></span> <span class='ocrx_word' id='word_1_232' title='bbox 1442 2828 1691 2894; x_wconf 84' lang='lat' dir='ltr'><strong>dixerit</strong></span> <span class='ocrx_word' id='word_1_233' title='bbox 1708 2878 1723 2904; x_wconf 91' lang='lat'>‚</span> <span class='ocrx_word' id='word_1_234' title='bbox 1747 2849 1990 2892; x_wconf 88' lang='lat' dir='ltr'><strong>vereor</strong></span> <span class='ocrx_word' id='word_1_235' title='bbox 2019 2850 2104 2892; x_wconf 93' lang='lat' dir='ltr'><strong>ne</strong></span> <span class='ocrx_word' id='word_1_236' title='bbox 2131 2828 2363 2913; x_wconf 88' lang='lat' dir='ltr'><strong>potius</strong></span> <span class='ocrx_word' id='word_1_237' title='bbox 2391 2852 2653 2893; x_wconf 82' lang='lat' dir='ltr'><strong>vacuum</strong></span> <span class='ocrx_word' id='word_1_238' title='bbox 2682 2852 2722 2892; x_wconf 86' lang='lat' dir='ltr'><em>a</em></span> 
     </span>
     <span class='ocr_line' id='line_1_26' title="bbox 498 2925 2718 3012; baseline -0.001 -20"><span class='ocrx_word' id='word_1_239' title='bbox 498 2930 677 2993; x_wconf 59' lang='lat' dir='ltr'><strong>rebus·</strong></span> <span class='ocrx_word' id='word_1_240' title='bbox 718 2948 918 3011; x_wconf 87' lang='lat' dir='ltr'><strong>quam</strong></span> <span class='ocrx_word' id='word_1_241' title='bbox 956 2927 1030 2991; x_wconf 92' lang='lat' dir='ltr'><strong>id</strong></span> <span class='ocrx_word' id='word_1_242' title='bbox 1072 2927 1259 3012; x_wconf 92' lang='lat' dir='ltr'><strong>quod</strong></span> <span class='ocrx_word' id='word_1_243' title='bbox 1301 2928 1595 2992; x_wconf 88' lang='lat' dir='ltr'><strong>voluerit</strong></span> <span class='ocrx_word' id='word_1_244' title='bbox 1639 2926 1890 2992; x_wconf 86' lang='lat' dir='ltr'><strong>dixisse</strong></span> <span class='ocrx_word' id='word_1_245' title='bbox 1918 2925 2232 2990; x_wconf 88' lang='lat' dir='ltr'><strong>videatur</strong></span> <span class='ocrx_word' id='word_1_246' title='bbox 2268 2977 2282 2991; x_wconf 90' lang='lat'><strong>.</strong></span> <span class='ocrx_word' id='word_1_247' title='bbox 2331 2949 2544 3012; x_wconf 88' lang='lat' dir='ltr'><strong>quare</strong></span> <span class='ocrx_word' id='word_1_248' title='bbox 2587 2949 2718 2991; x_wconf 93' lang='lat' dir='ltr'><strong>non</strong></span> 
     </span>
     <span class='ocr_line' id='line_1_27' title="bbox 501 3025 2714 3113; baseline -0 -21"><span class='ocrx_word' id='word_1_249' title='bbox 501 3026 740 3092; x_wconf 88' lang='lat' dir='ltr'><strong>dubito</strong></span> <span class='ocrx_word' id='word_1_250' title='bbox 773 3025 933 3110; x_wconf 89' lang='lat' dir='ltr'><strong>quin</strong></span> <span class='ocrx_word' id='word_1_251' title='bbox 960 3031 1166 3109; x_wconf 69' lang='lat' dir='ltr'><strong>poeta</strong></span> <span class='ocrx_word' id='word_1_252' title='bbox 1195 3026 1548 3110; x_wconf 83' lang='lat' dir='ltr'><strong>scripserit</strong></span> <span class='ocrx_word' id='word_1_253' title='bbox 1575 3028 1742 3113; x_wconf 83' lang='lat' dir='ltr'><strong>quod</strong></span> <span class='ocrx_word' id='word_1_254' title='bbox 1757 3028 1941 3089; x_wconf 81' lang='lat' dir='ltr'><strong>inane</strong></span> <span class='ocrx_word' id='word_1_255' title='bbox 1965 3049 1988 3088; x_wconf 91' lang='lat'>1</span> <span class='ocrx_word' id='word_1_256' title='bbox 2004 3048 2047 3088; x_wconf 80' lang='lat' dir='ltr'>N</span> <span class='ocrx_word' id='word_1_257' title='bbox 2070 3048 2162 3088; x_wconf 72' lang='lat' dir='ltr'><strong>nn</strong></span> <span class='ocrx_word' id='word_1_258' title='bbox 2177 3049 2215 3087; x_wconf 85' lang='lat' dir='ltr'>B</span> <span class='ocrx_word' id='word_1_259' title='bbox 2230 3026 2299 3088; x_wconf 69' lang='grc' dir='ltr'><strong>η’</strong></span> <span class='ocrx_word' id='word_1_260' title='bbox 2326 3048 2365 3100; x_wconf 79' lang='lat' dir='ltr'>Q</span> <span class='ocrx_word' id='word_1_261' title='bbox 2380 3048 2420 3090; x_wconf 82' lang='lat' dir='ltr'><strong>u</strong></span> <span class='ocrx_word' id='word_1_262' title='bbox 2436 3049 2478 3088; x_wconf 81' lang='lat' dir='ltr'><strong>E</strong></span> <span class='ocrx_word' id='word_1_263' title='bbox 2495 3048 2542 3089; x_wconf 82' lang='lat' dir='ltr'>A</span> <span class='ocrx_word' id='word_1_264' title='bbox 2561 3049 2601 3089; x_wconf 82' lang='lat' dir='ltr'><strong>r</strong></span> <span class='ocrx_word' id='word_1_265' title='bbox 2624 3049 2714 3091; x_wconf 83' lang='lat' dir='ltr'><strong>co·</strong></span> 
     </span>
     <span class='ocr_line' id='line_1_28' title="bbox 499 3121 2719 3209; baseline -0.001 -18"><span class='ocrx_word' id='word_1_266' title='bbox 499 3127 702 3191; x_wconf 76' lang='lat' dir='ltr'><strong>hibere</strong></span> <span class='ocrx_word' id='word_1_267' title='bbox 734 3174 753 3205; x_wconf 87' lang='lat'><em>‚</em></span> <span class='ocrx_word' id='word_1_268' title='bbox 789 3121 859 3187; x_wconf 90' lang='lat' dir='ltr'><strong>id</strong></span> <span class='ocrx_word' id='word_1_269' title='bbox 891 3130 1108 3187; x_wconf 91' lang='lat' dir='ltr'><strong>autem</strong></span> <span class='ocrx_word' id='word_1_270' title='bbox 1141 3171 1156 3199; x_wconf 90' lang='lat'>,</span> <span class='ocrx_word' id='word_1_271' title='bbox 1189 3131 1267 3187; x_wconf 87' lang='lat' dir='ltr'><strong>ut</strong></span> <span class='ocrx_word' id='word_1_272' title='bbox 1297 3124 1429 3188; x_wconf 89' lang='lat' dir='ltr'><strong>alia</strong></span> <span class='ocrx_word' id='word_1_273' title='bbox 1461 3173 1478 3200; x_wconf 86' lang='lat'>‚</span> <span class='ocrx_word' id='word_1_274' title='bbox 1514 3125 1913 3188; x_wconf 85' lang='lat' dir='ltr'><strong>inmutatum</strong></span> <span class='ocrx_word' id='word_1_275' title='bbox 1952 3123 2157 3187; x_wconf 87' lang='lat' dir='ltr'><strong>fuerit</strong></span> <span class='ocrx_word' id='word_1_276' title='bbox 2184 3125 2269 3190; x_wconf 81' lang='lat' dir='ltr'><strong>ab</strong></span> <span class='ocrx_word' id='word_1_277' title='bbox 2297 3124 2380 3188; x_wconf 89' lang='lat' dir='ltr'><strong>iis</strong></span> <span class='ocrx_word' id='word_1_278' title='bbox 2412 3126 2528 3209; x_wconf 91' lang='lat' dir='ltr'><strong>qui</strong></span> <span class='ocrx_word' id='word_1_279' title='bbox 2554 3150 2586 3189; x_wconf 81' lang='grc' dir='ltr'><strong>,ς</strong></span> <span class='ocrx_word' id='word_1_280' title='bbox 2611 3125 2719 3189; x_wconf 88' lang='lat' dir='ltr'><strong>lit-</strong></span> 
     </span>
     <span class='ocr_line' id='line_1_29' title="bbox 498 3213 2721 3308; baseline -0.001 -19"><span class='ocrx_word' id='word_1_281' title='bbox 498 3233 712 3289; x_wconf 85' lang='lat' dir='ltr'><strong>teram</strong></span> <span class='ocrx_word' id='word_1_282' title='bbox 737 3222 893 3287; x_wconf 89' lang='lat' dir='ltr'><strong>elidi</strong></span> <span class='ocrx_word' id='word_1_283' title='bbox 914 3245 1051 3287; x_wconf 94' lang='lat' dir='ltr'><strong>non</strong></span> <span class='ocrx_word' id='word_1_284' title='bbox 1071 3221 1329 3287; x_wconf 85' lang='lat' dir='ltr'><strong>ferrent</strong></span> <span class='ocrx_word' id='word_1_285' title='bbox 1348 3272 1360 3285; x_wconf 94' lang='lat'>.</span> <span class='ocrx_word' id='word_1_286' title='bbox 1377 3224 1608 3308; x_wconf 88' lang='lat' dir='ltr'><strong>inepte</strong></span> <span class='ocrx_word' id='word_1_287' title='bbox 1624 3213 2157 3287; x_wconf 72' lang='lat' dir='ltr'><strong>Marullus&#39;inane</strong></span> <span class='ocrx_word' id='word_1_288' title='bbox 2176 3235 2391 3288; x_wconf 77' lang='lat' dir='ltr'><strong>teet-mn</strong></span> <span class='ocrx_word' id='word_1_289' title='bbox 2412 3224 2683 3287; x_wconf 75' lang='lat' dir='ltr'><strong>cohibere</strong></span> <span class='ocrx_word' id='word_1_290' title='bbox 2697 3248 2721 3302; x_wconf 82' lang='lat'><strong>,-</strong></span> 
     </span>
     <span class='ocr_line' id='line_1_30' title="bbox 501 3319 2715 3408; baseline -0.001 -23"><span class='ocrx_word' id='word_1_291' title='bbox 501 3322 688 3408; x_wconf 93' lang='lat' dir='ltr'><strong>quod</strong></span> <span class='ocrx_word' id='word_1_292' title='bbox 716 3323 964 3407; x_wconf 87' lang='lat' dir='ltr'><strong>probat</strong></span> <span class='ocrx_word' id='word_1_293' title='bbox 985 3320 1444 3385; x_wconf 89' lang='lat' dir='ltr'><strong>Wakefieldus</strong></span> <span class='ocrx_word' id='word_1_294' title='bbox 1469 3343 1617 3385; x_wconf 92' lang='lat' dir='ltr'><strong>cum</strong></span> <span class='ocrx_word' id='word_1_295' title='bbox 1641 3319 2189 3386; x_wconf 88' lang='lat' dir='ltr'><strong>adsentatoribus</strong></span> <span class='ocrx_word' id='word_1_296' title='bbox 2209 3320 2360 3384; x_wconf 87' lang='lat' dir='ltr'><strong>istis</strong></span> <span class='ocrx_word' id='word_1_297' title='bbox 2390 3320 2502 3404; x_wconf 92' lang='lat' dir='ltr'><strong>qui</strong></span> <span class='ocrx_word' id='word_1_298' title='bbox 2529 3339 2715 3382; x_wconf 91' lang='lat' dir='ltr'><strong>num-</strong></span> 
     </span>
     <span class='ocr_line' id='line_1_31' title="bbox 500 3421 1556 3508; baseline -0.003 -23"><span class='ocrx_word' id='word_1_299' title='bbox 500 3443 699 3508; x_wconf 91' lang='lat' dir='ltr'><strong>quam</strong></span> <span class='ocrx_word' id='word_1_300' title='bbox 726 3441 850 3505; x_wconf 92' lang='lat' dir='ltr'><strong>per</strong></span> <span class='ocrx_word' id='word_1_301' title='bbox 881 3443 955 3485; x_wconf 92' lang='lat' dir='ltr'><strong>se</strong></span> <span class='ocrx_word' id='word_1_302' title='bbox 978 3421 1249 3505; x_wconf 89' lang='lat' dir='ltr'><strong>sapiunt</strong></span> <span class='ocrx_word' id='word_1_303' title='bbox 1268 3470 1281 3483; x_wconf 94' lang='lat'><strong>.</strong></span> <span class='ocrx_word' id='word_1_304' title='bbox 1555 3441 1556 3444; x_wconf 45' lang='lat'>¹</span> 
     </span>
    </p>

    <p class='ocr_par' dir='ltr' id='par_1_7' title="bbox 436 3516 2718 4000">
     <span class='ocr_line' id='line_1_32' title="bbox 663 3516 2718 3593; baseline -0.003 -8"><span class='ocrx_word' id='word_1_305' title='bbox 663 3519 804 3585; x_wconf 83' lang='lat'><strong>520.</strong></span> <span class='ocrx_word' id='word_1_306' title='bbox 833 3542 907 3583; x_wconf 84' lang='lat' dir='ltr'><strong>sl</strong></span> <span class='ocrx_word' id='word_1_307' title='bbox 937 3543 1168 3583; x_wconf 76' lang='lat' dir='ltr'>NIHIL</span> <span class='ocrx_word' id='word_1_308' title='bbox 1201 3541 1339 3583; x_wconf 81' lang='lat' dir='ltr'><strong>EST</strong></span> <span class='ocrx_word' id='word_1_309' title='bbox 1372 3540 1581 3593; x_wconf 75' lang='lat' dir='ltr'><strong>ouon</strong></span> <span class='ocrx_word' id='word_1_310' title='bbox 1615 3540 1864 3580; x_wconf 70' lang='grc' dir='ltr'><strong>ῙΝΑΝΕ</strong></span> <span class='ocrx_word' id='word_1_311' title='bbox 1897 3538 2271 3581; x_wconf 74' lang='lat' dir='ltr'><strong>vocAnE‘r</strong></span> <span class='ocrx_word' id='word_1_312' title='bbox 2303 3556 2321 3580; x_wconf 92' lang='lat'><strong>.-</strong></span> <span class='ocrx_word' id='word_1_313' title='bbox 2357 3516 2718 3581; x_wconf 88' lang='lat' dir='ltr'><strong>Corrector</strong></span> 
     </span>
     <span class='ocr_line' id='line_1_33' title="bbox 494 3614 2715 3706; baseline -0.003 -21"><span class='ocrx_word' id='word_1_314' title='bbox 494 3619 773 3706; x_wconf 86' lang='lat' dir='ltr'><strong>oblongi</strong></span> <span class='ocrx_word' id='word_1_315' title='bbox 791 3620 847 3683; x_wconf 76' lang='lat' dir='ltr'><strong>si</strong></span> <span class='ocrx_word' id='word_1_316' title='bbox 867 3620 962 3683; x_wconf 83' lang='lat' dir='ltr'><strong>nil</strong></span> <span class='ocrx_word' id='word_1_317' title='bbox 976 3642 1014 3682; x_wconf 80' lang='lat' dir='ltr'><strong>E</strong></span> <span class='ocrx_word' id='word_1_318' title='bbox 1031 3641 1064 3682; x_wconf 88' lang='lat' dir='ltr'><strong>s</strong></span> <span class='ocrx_word' id='word_1_319' title='bbox 1079 3641 1111 3682; x_wconf 89' lang='lat' dir='ltr'><strong>s</strong></span> <span class='ocrx_word' id='word_1_320' title='bbox 1125 3641 1163 3681; x_wconf 81' lang='lat' dir='ltr'>E</span> <span class='ocrx_word' id='word_1_321' title='bbox 1178 3641 1220 3681; x_wconf 86' lang='lat' dir='ltr'><strong>n</strong></span> <span class='ocrx_word' id='word_1_322' title='bbox 1252 3666 1266 3693; x_wconf 88' lang='lat'>,</span> <span class='ocrx_word' id='word_1_323' title='bbox 1300 3618 1530 3702; x_wconf 85' lang='lat' dir='ltr'><strong>itaque</strong></span> <span class='ocrx_word' id='word_1_324' title='bbox 1552 3616 1881 3681; x_wconf 86' lang='lat' dir='ltr'><strong>Avantius</strong></span> <span class='ocrx_word' id='word_1_325' title='bbox 1913 3639 1926 3678; x_wconf 75' lang='grc' dir='ltr'><strong>ε</strong></span> <span class='ocrx_word' id='word_1_326' title='bbox 1956 3618 2255 3701; x_wconf 76' lang='lat' dir='ltr'><strong>siquidem</strong></span> <span class='ocrx_word' id='word_1_327' title='bbox 2282 3614 2440 3679; x_wconf 75' lang='lat' dir='ltr'><strong>nihil</strong></span> <span class='ocrx_word' id='word_1_328' title='bbox 2456 3628 2545 3679; x_wconf 74' lang='lat' dir='ltr'><strong>ese</strong></span> <span class='ocrx_word' id='word_1_329' title='bbox 2572 3635 2715 3680; x_wconf 89' lang='lat' dir='ltr'><strong>cum</strong></span> 
     </span>
     <span class='ocr_line' id='line_1_34' title="bbox 493 3714 2714 3789; baseline -0.003 -5"><span class='ocrx_word' id='word_1_330' title='bbox 493 3720 680 3784; x_wconf 89' lang='lat' dir='ltr'><strong>Italis</strong></span> <span class='ocrx_word' id='word_1_331' title='bbox 708 3717 1039 3783; x_wconf 89' lang='lat' dir='ltr'><strong>Marullus</strong></span> <span class='ocrx_word' id='word_1_332' title='bbox 1079 3766 1092 3780; x_wconf 91' lang='lat'><strong>.</strong></span> <span class='ocrx_word' id='word_1_333' title='bbox 1141 3714 1387 3780; x_wconf 87' lang='lat' dir='ltr'><strong>deinde</strong></span> <span class='ocrx_word' id='word_1_334' title='bbox 1425 3716 1499 3779; x_wconf 91' lang='lat' dir='ltr'><strong>hi</strong></span> <span class='ocrx_word' id='word_1_335' title='bbox 1532 3723 1954 3779; x_wconf 91' lang='lat' dir='ltr'><strong>correctores</strong></span> <span class='ocrx_word' id='word_1_336' title='bbox 1987 3736 2217 3778; x_wconf 91' lang='lat' dir='ltr'><strong>omnes</strong></span> <span class='ocrx_word' id='word_1_337' title='bbox 2251 3763 2266 3789; x_wconf 90' lang='lat'>‚</span> <span class='ocrx_word' id='word_1_338' title='bbox 2309 3716 2466 3778; x_wconf 89' lang='lat' dir='ltr'><strong>item</strong></span> <span class='ocrx_word' id='word_1_339' title='bbox 2505 3714 2714 3778; x_wconf 90' lang='lat' dir='ltr'><strong>Vero-</strong></span> 
     </span>
     <span class='ocr_line' id='line_1_35' title="bbox 492 3812 2714 3899; baseline -0.002 -19"><span class='ocrx_word' id='word_1_340' title='bbox 492 3820 720 3882; x_wconf 90' lang='lat' dir='ltr'><strong>nensis</strong></span> <span class='ocrx_word' id='word_1_341' title='bbox 765 3817 973 3882; x_wconf 87' lang='lat' dir='ltr'><strong>editio</strong></span> <span class='ocrx_word' id='word_1_342' title='bbox 998 3864 1013 3890; x_wconf 91' lang='lat'>‚</span> <span class='ocrx_word' id='word_1_343' title='bbox 1050 3838 1151 3879; x_wconf 63' lang='lat' dir='ltr'><strong>vx</strong></span> <span class='ocrx_word' id='word_1_344' title='bbox 1170 3839 1204 3880; x_wconf 90' lang='lat' dir='ltr'><strong>c</strong></span> <span class='ocrx_word' id='word_1_345' title='bbox 1220 3838 1369 3879; x_wconf 72' lang='lat' dir='ltr'><strong>Am:</strong></span> <span class='ocrx_word' id='word_1_346' title='bbox 1385 3839 1426 3878; x_wconf 72' lang='lat' dir='ltr'><strong>&#39;r</strong></span> <span class='ocrx_word' id='word_1_347' title='bbox 1451 3838 1464 3877; x_wconf 71' lang='grc' dir='ltr'><strong>ε</strong></span> <span class='ocrx_word' id='word_1_348' title='bbox 1506 3813 1879 3899; x_wconf 87' lang='lat' dir='ltr'><strong>quadratus</strong></span> <span class='ocrx_word' id='word_1_349' title='bbox 1901 3862 1916 3887; x_wconf 86' lang='lat'><strong>‚</strong></span> <span class='ocrx_word' id='word_1_350' title='bbox 1949 3812 2243 3877; x_wconf 89' lang='lat' dir='ltr'><strong>schedae</strong></span> <span class='ocrx_word' id='word_1_351' title='bbox 2268 3862 2283 3889; x_wconf 90' lang='lat'>,</span> <span class='ocrx_word' id='word_1_352' title='bbox 2313 3813 2683 3877; x_wconf 88' lang='lat' dir='ltr'><strong>Brixiensis</strong></span> <span class='ocrx_word' id='word_1_353' title='bbox 2701 3859 2714 3884; x_wconf 92' lang='lat'>,</span> 
     </span>
     <span class='ocr_line' id='line_1_36' title="bbox 436 3914 1861 4000; baseline -0.003 -21"><span class='ocrx_word' id='word_1_354' title='bbox 436 3995 439 4000; x_wconf 28' lang='grc' dir='ltr'>Ι</span> <span class='ocrx_word' id='word_1_355' title='bbox 490 3925 768 3981; x_wconf 82' lang='lat' dir='ltr'><strong>vocaret:</strong></span> <span class='ocrx_word' id='word_1_356' title='bbox 791 3914 1123 3998; x_wconf 83' lang='lat' dir='ltr'><strong>oblongus</strong></span> <span class='ocrx_word' id='word_1_357' title='bbox 1152 3915 1365 3999; x_wconf 89' lang='lat' dir='ltr'><strong>prima</strong></span> <span class='ocrx_word' id='word_1_358' title='bbox 1392 3935 1592 3977; x_wconf 85' lang='lat' dir='ltr'><strong>manu</strong></span> <span class='ocrx_word' id='word_1_359' title='bbox 1621 3923 1861 3976; x_wconf 79' lang='lat' dir='ltr'><strong>uearet.</strong></span> 
     </span>
    </p>

    <p class='ocr_par' dir='ltr' id='par_1_8' title="bbox 490 4008 2713 4397">
     <span class='ocr_line' id='line_1_37' title="bbox 662 4008 2711 4091; baseline -0.001 -16"><span class='ocrx_word' id='word_1_360' title='bbox 662 4011 799 4076; x_wconf 87' lang='lat'><strong>525.</strong></span> <span class='ocrx_word' id='word_1_361' title='bbox 843 4034 989 4074; x_wconf 80' lang='lat' dir='ltr'><strong>NEC</strong></span> <span class='ocrx_word' id='word_1_362' title='bbox 1034 4034 1359 4075; x_wconf 82' lang='lat' dir='ltr'><strong>PLENUM</strong></span> <span class='ocrx_word' id='word_1_363' title='bbox 1402 4033 1803 4075; x_wconf 73' lang='lat' dir='ltr'><strong>NAvlrER.</strong></span> <span class='ocrx_word' id='word_1_364' title='bbox 1839 4009 2185 4089; x_wconf 77' lang='lat' dir='ltr'><strong>Charisius</strong></span> <span class='ocrx_word' id='word_1_365' title='bbox 2214 4030 2277 4091; x_wconf 91' lang='lat' dir='ltr'><strong>p.</strong></span> <span class='ocrx_word' id='word_1_366' title='bbox 2307 4008 2424 4072; x_wconf 82' lang='lat'><strong>185</strong></span> <span class='ocrx_word' id='word_1_367' title='bbox 2455 4008 2711 4084; x_wconf 71' lang='lat' dir='ltr'><strong>Naviter</strong></span> 
     </span>
     <span class='ocr_line' id='line_1_38' title="bbox 501 4104 2711 4197; baseline -0.004 -17"><span class='ocrx_word' id='word_1_368' title='bbox 501 4112 809 4180; x_wconf 77' lang='lat' dir='ltr'><strong>Terentius</strong></span> <span class='ocrx_word' id='word_1_369' title='bbox 847 4111 915 4172; x_wconf 78' lang='lat' dir='ltr'><strong>in</strong></span> <span class='ocrx_word' id='word_1_370' title='bbox 943 4109 1244 4174; x_wconf 77' lang='lat' dir='ltr'><strong>Eunucho</strong></span> <span class='ocrx_word' id='word_1_371' title='bbox 1271 4104 1493 4197; x_wconf 65' lang='lat' dir='ltr'><strong>‘neque</strong></span> <span class='ocrx_word' id='word_1_372' title='bbox 1510 4110 1833 4195; x_wconf 70' lang='lat' dir='ltr'><strong>pertendes</strong></span> <span class='ocrx_word' id='word_1_373' title='bbox 1867 4110 2123 4172; x_wconf 76' lang='lat' dir='ltr'><strong>naviter’</strong></span> <span class='ocrx_word' id='word_1_374' title='bbox 2159 4154 2171 4169; x_wconf 91' lang='lat'>.</span> <span class='ocrx_word' id='word_1_375' title='bbox 2214 4107 2542 4171; x_wconf 77' lang='lat' dir='ltr'><strong>Lucretius</strong></span> <span class='ocrx_word' id='word_1_376' title='bbox 2570 4130 2711 4193; x_wconf 82' lang='lat' dir='ltr'><strong>quo-</strong></span> 
     </span>
     <span class='ocr_line' id='line_1_39' title="bbox 491 4204 2713 4302; baseline -0.005 -23"><span class='ocrx_word' id='word_1_377' title='bbox 491 4238 606 4302; x_wconf 82' lang='lat' dir='ltr'><strong>que</strong></span> <span class='ocrx_word' id='word_1_378' title='bbox 635 4213 708 4277; x_wconf 86' lang='lat' dir='ltr'><strong>de</strong></span> <span class='ocrx_word' id='word_1_379' title='bbox 737 4209 913 4274; x_wconf 75' lang='lat' dir='ltr'><strong>rebus</strong></span> <span class='ocrx_word' id='word_1_380' title='bbox 940 4209 1321 4274; x_wconf 78' lang='lat' dir='ltr'><strong>naturalibus</strong></span> <span class='ocrx_word' id='word_1_381' title='bbox 1349 4212 1519 4274; x_wconf 78' lang='lat' dir='ltr'><strong>tertio</strong></span> <span class='ocrx_word' id='word_1_382' title='bbox 1537 4257 1551 4273; x_wconf 86' lang='lat'><strong><em>.</em></strong></span> <span class='ocrx_word' id='word_1_383' title='bbox 1577 4209 1645 4272; x_wconf 90' lang='lat' dir='ltr'><strong>in</strong></span> <span class='ocrx_word' id='word_1_384' title='bbox 1679 4208 1849 4273; x_wconf 88' lang='lat' dir='ltr'><strong>libro</strong></span> <span class='ocrx_word' id='word_1_385' title='bbox 1875 4207 2077 4271; x_wconf 85' lang='lat' dir='ltr'><strong>tertio</strong></span> <span class='ocrx_word' id='word_1_386' title='bbox 2101 4204 2307 4269; x_wconf 91' lang='lat' dir='ltr'><strong>hodie</strong></span> <span class='ocrx_word' id='word_1_387' title='bbox 2331 4226 2469 4268; x_wconf 93' lang='lat' dir='ltr'><strong>non</strong></span> <span class='ocrx_word' id='word_1_388' title='bbox 2496 4212 2713 4277; x_wconf 89' lang='lat' dir='ltr'><strong>extat,</strong></span> 
     </span>
     <span class='ocr_line' id='line_1_40' title="bbox 490 4307 2388 4397; baseline -0.004 -22"><span class='ocrx_word' id='word_1_389' title='bbox 490 4332 708 4397; x_wconf 87' lang='lat' dir='ltr'><strong>neque</strong></span> <span class='ocrx_word' id='word_1_390' title='bbox 737 4308 911 4372; x_wconf 87' lang='lat' dir='ltr'><strong>tanti</strong></span> <span class='ocrx_word' id='word_1_391' title='bbox 943 4313 1047 4372; x_wconf 87' lang='lat' dir='ltr'><strong>est</strong></span> <span class='ocrx_word' id='word_1_392' title='bbox 1075 4313 1151 4370; x_wconf 91' lang='lat' dir='ltr'><strong>ut</strong></span> <span class='ocrx_word' id='word_1_393' title='bbox 1182 4308 1242 4371; x_wconf 88' lang='lat' dir='ltr'><strong>ei</strong></span> <span class='ocrx_word' id='word_1_394' title='bbox 1271 4308 1365 4374; x_wconf 88' lang='lat' dir='ltr'><strong>ibi</strong></span> <span class='ocrx_word' id='word_1_395' title='bbox 1395 4319 1796 4393; x_wconf 78' lang='lat' dir='ltr'><strong>quaeramus</strong></span> <span class='ocrx_word' id='word_1_396' title='bbox 1826 4307 2077 4370; x_wconf 87' lang='lat' dir='ltr'><strong>locum.</strong></span> <span class='ocrx_word' id='word_1_397' title='bbox 2387 4307 2388 4310; x_wconf 72' lang='grc'>’</span> 
     </span>
    </p>
   </div>
  </div>
 </body>
</html>
