2840 5008
506 411 593 479 36
1596 408 1625 476 I

498 586 723 671 aquila
758 580 1063 648 Valerius
1094 582 1373 651 Flaccus
1410 584 1481 645 in
1525 606 1575 657 1,
1600 582 1714 646 157
1743 584 1961 647 validis
1972 584 2181 672 fixam
2216 587 2394 671 eriyit
2421 587 2712 670 unquibus

460 760 467 767 .
501 707 760 768 aynam.
800 680 911 745 hic
952 689 1172 765 autem
1193 728 1210 757 ‚
1254 681 1370 745 ubi
1408 680 1495 744 de
1519 683 1790 766 ylomere
1818 683 2064 767 agitur,
2111 705 2257 746 cum
2283 686 2621 769 ylomerata
2648 690 2711 746 et

494 783 934 868 ylomeramina
965 787 1033 844 et
1062 767 1504 865 conylomerari
1531 801 1668 843 non
1697 780 1900 844 modo
1925 780 2037 843 hic
2058 788 2264 866 poeta
2288 782 2569 857 dixerit,
2598 781 2711 844 sed

502 880 734 944 eadem
762 899 1076 942 mensura
1104 877 1257 940 olim
1278 876 1538 940 Ennius
1563 877 1741 941 Eheu
1762 878 1861 962 (eu
1885 879 2290 964 exemplaria
2310 879 2518 943 Nonii
2536 879 2710 963 p.90)

497 1003 636 1042 mea
648 979 912 1063 fortuna
931 1026 949 1057 ,
979 987 1047 1040 ut
1073 977 1277 1039 omnia
1305 977 1372 1038 in
1397 999 1493 1039 me
1522 977 1930 1060 conylomeras
1956 979 2156 1057 mala,
2186 999 2350 1041 sane
2378 974 2709 1061 imProba-

498 1077 632 1143 bile
675 1076 946 1141 videtur
987 1074 1058 1137 in
1102 1074 1367 1136 nomine
1408 1074 1691 1160 simplici
1732 1074 2066 1139 diversam
2103 1077 2710 1160 pronuntiationem

430 1212 434 1216 -
499 1175 871 1242 obtinuisse
895 1222 910 1249 ‚
937 1172 1330 1259 praesertim
1365 1193 1513 1235 cum
1544 1171 1727 1256 apud
1747 1172 2106 1237 Horatium
2135 1174 2224 1237 sit
2257 1176 2334 1238 Ut
2358 1176 2572 1239 vinosa
2592 1175 2709 1260 ylo-

497 1298 631 1337 mus
653 1322 667 1335 .
690 1279 797 1337 est
818 1280 1043 1336 tamen
1063 1269 1409 1333 fatendum
1431 1268 1599 1333 illud
1622 1270 2022 1335 vocabulum
2043 1272 2112 1334 in
2136 1292 2322 1335 suam
2345 1294 2713 1335 mensuram

496 1372 847 1436 redactum
875 1369 987 1431 hic
1017 1367 1258 1431 ceteris
1289 1367 1511 1451 aptari
1538 1388 1675 1429 non
1706 1389 1909 1453 posse
1938 1369 2066 1432 nisi
2094 1368 2226 1433 hoc
2256 1369 2460 1433 modo
2492 1417 2508 1445 ‚
2553 1370 2714 1434 Nam

497 1473 551 1533 si
588 1468 990 1533 tantundemst
1025 1466 1092 1528 in
1131 1464 1405 1550 plumbo
1449 1467 1745 1549 corpori’
1777 1478 2069 1551 quantum
2096 1467 2174 1530 In
2202 1468 2397 1531 lanae
2427 1468 2712 1554 glomere

499 1579 585 1631 est
612 1615 630 1646 ,
662 1564 1009 1629 tantundem
1035 1564 1304 1648 pendere
1335 1586 1464 1648 par
1507 1575 1633 1647 est;
1675 1585 1848 1649 quae
1893 1565 2015 1628 etsi
2055 1587 2135 1628 eo
2167 1566 2448 1629 consilio
2473 1613 2488 1640 ,
2530 1573 2610 1628 ut
2637 1585 2714 1626 ne

499 1666 768 1749 corporis
807 1682 1051 1724 nomen
1078 1684 1109 1724 s
1137 1661 1361 1725 littera
1397 1663 1677 1747 antiquo
1707 1685 1893 1726 more
1925 1663 2088 1727 elisa
2119 1663 2476 1727 dicendum
2508 1670 2713 1735 esset,

497 1771 636 1827 tam
678 1760 960 1824 licenter
996 1759 1326 1825 immutari
1366 1761 1672 1843 potuisse
1715 1761 2038 1824 credibile
2080 1767 2183 1825 est
2206 1809 2221 1835 ‚
2260 1760 2470 1823 nihilo
2505 1762 2713 1823 minus

501 1866 770 1924 constat
795 1858 864 1921 in
895 1856 1120 1942 lingua
1139 1856 1383 1920 Latina
1409 1859 1715 1943 vulgaria
1746 1858 2075 1943 quaedam
2108 1858 2440 1922 vocabula
2471 1858 2583 1921 vel
2603 1879 2712 1920 no-

499 1959 674 2022 mina
696 2006 711 2032 ‚
744 1965 812 2020 et
839 1956 1083 2041 partim
1110 1961 1455 2019 vetustate
1487 1957 1851 2020 obscurata
1872 2005 1887 2032 ,
1916 1957 2169 2021 habere
2196 1977 2577 2019 mensuram
2608 1962 2714 2019 aut

499 2056 871 2142 ambiguam
901 2061 1019 2117 aut
1049 2054 1133 2119 ab
1159 2054 1416 2140 origine
1440 2075 1564 2117 sua
1588 2053 1922 2118 diversam
1946 2104 1959 2117 .
1989 2056 2086 2118 ita
2110 2055 2429 2119 differunt
2447 2054 2628 2118 inter
2648 2075 2712 2117 se

482 2178 680 2241 pusus
704 2161 772 2217 et
788 2154 1056 2239 pusillus
1074 2200 1093 2231 ,
1124 2153 1247 2240 offa
1278 2158 1345 2215 et
1375 2150 1561 2237 osella
1579 2199 1598 2230 ,
1628 2175 1895 2215 mamma
1927 2160 1995 2216 et
2019 2154 2294 2217 mamilla
2315 2200 2333 2231 ,
2360 2153 2625 2216 scribere
2653 2159 2714 2214 et

499 2254 941 2318 conscribillent
969 2298 982 2313 .
1028 2272 1067 2313 a
1106 2261 1347 2313 mutone
1388 2256 1457 2312 et
1484 2251 1739 2313 moetino
1770 2260 1927 2313 sunt
1954 2275 1997 2314 u
2027 2257 2345 2335 correpta
2372 2252 2712 2313 mutoniati.

483 2352 751 2438 pumilos
793 2375 836 2413 u
879 2349 1070 2415 brevi
1118 2353 1187 2411 et
1217 2348 1560 2432 pumilones
1606 2347 1840 2411 eadem
1880 2349 2086 2434 longa
2125 2348 2377 2411 dixisse
2421 2346 2715 2412 creditur

499 2449 756 2514 Statius
780 2471 793 2511 ε
813 2447 1214 2534 pumilionem
1232 2445 1568 2533 producte
1590 2445 1943 2510 Lucretius
1968 2452 2035 2510 et
2055 2445 2386 2510 Martialis
2410 2491 2428 2509 .
2452 2447 2714 2530 yallina-

497 2572 667 2614 ceum
682 2547 1015 2632 producte
1026 2544 1309 2608 Plautus
1324 2592 1340 2619 ‚
1351 2543 1648 2608 Lucilius
1663 2544 1973 2619 ,Titinius
1988 2544 2272 2608 Charisii
2282 2561 2345 2629 p.
2356 2544 2493 2621 192,
2504 2545 2711 2608 Phae-

499 2646 663 2710 drus
687 2693 703 2720 ,
744 2645 841 2708 sic
877 2654 1186 2707 mustacea
1212 2641 1549 2705 Iuvenalis
1592 2648 1661 2705 et
1691 2641 1949 2705 Statius
1979 2641 2124 2705 silv.
2161 2643 2300 2717 1‚6‚
2326 2642 2436 2705 19:
2481 2650 2711 2707 contra

495 2745 819 2807 merdacea
851 2747 1163 2827 correpte
1191 2741 1260 2804 in
1288 2740 1578 2824 Priapeo
1612 2739 1722 2813 69,
1742 2740 1782 2804 8
1805 2789 1819 2803 .
1853 2739 2073 2804 Varro
2107 2740 2192 2803 de
2219 2740 2448 2827 lingua
2477 2741 2711 2805 Latina

499 2865 572 2904 1x
599 2862 663 2925 p.
683 2840 803 2904 533
843 2842 907 2902 in
951 2842 1078 2924 leye
1116 2840 1470 2903 venditionis
1491 2839 1687 2925 fundi
1721 2838 1941 2923 inquit
1972 2849 2113 2902 ruta
2143 2862 2322 2902 caesa
2347 2840 2435 2903 ita
2465 2836 2711 2903 dicimus

497 2952 564 3003 ut
601 2962 644 3001 u
673 2938 1087 3022 producamus
1113 2963 1134 2998 .·
1179 2936 1304 3000 sed
1339 2935 1540 2999 iidem
1583 2947 1754 2999 eruta
1796 2936 1989 2999 aliter
2032 2937 2383 3012 dicebant,
2423 2938 2709 3022 itemque

495 3048 736 3101 rutmim
777 3042 845 3099 et
886 3036 1169 3098 'rutellum
1208 3058 1251 3097 u
1293 3041 1609 3118 correpto
1651 3034 2063 3119 Pomponius
2105 3044 2172 3100 et
2199 3035 2497 3099 Lucilius
2535 3035 2711 3121 apud

406 3117 415 3132 .
489 3135 788 3199 Nonium
827 3155 892 3218 p.
916 3130 991 3195 18
1025 3182 1038 3195 .
1091 3131 1373 3196 Ovidius
1413 3133 1486 3196 in
1522 3156 1568 3196 v
1606 3131 1937 3196 fastorum
1974 3132 2093 3197 421
2131 3136 2322 3198 Ritus
2362 3136 2475 3197 erit
2509 3135 2711 3197 veteris

495 3245 794 3298 nocturna
815 3231 1117 3295 Lemuria
1144 3233 1311 3295 sacri
1328 3280 1346 3311 ,
1379 3238 1448 3296 et
1475 3230 1724 3297 ibidem
1754 3230 1876 3295 483
1910 3232 2061 3295 Mox
2090 3232 2550 3310 etiam·lemures
2576 3232 2708 3294 ani-

495 3354 630 3395 mas
658 3331 867 3393 dixere
892 3331 1204 3393 silentum.
1237 3330 1470 3394 Sabum
1498 3328 1834 3415 producte
1867 3328 2068 3394 Silius
2096 3329 2365 3393 Italicus
2395 3352 2541 3404 vm,
2559 3328 2707 3401 424,

499 3450 540 3491 a
570 3449 704 3512 quo
737 3426 996 3491 Sabinos
1036 3421 1411 3512 appellatos
1448 3427 1611 3492 dicit
1643 3477 1656 3492 .
1705 3428 2097 3492 Mamurram
2121 3428 2340 3510 prima
2366 3428 2558 3492 brevi
2588 3426 2707 3491 Ca-

497 3525 703 3590 tullus
723 3575 737 3601 ,
768 3525 1003 3589 eadem
1030 3526 1233 3611 longa
1261 3525 1590 3589 Horatius
1616 3575 1628 3587 .
1659 3525 2056 3610 Propertius
2079 3526 2464 3611 Luceresque
2493 3526 2706 3601 coloni,

497 3622 782 3687 Ovidius
801 3623 1255 3711 Luceribusque
1282 3625 1475 3688 dedit.
1505 3622 1747 3686 horum
1778 3623 1948 3687 alter
1969 3626 2057 3687 At
2080 3624 2184 3687 tibi
2201 3624 2481 3688 Mamuri
2497 3672 2511 3698 ‚
2544 3623 2707 3686 alter

496 3719 787 3785 Praemia
803 3724 1157 3806 persolvunt
1174 3722 1675 3806 Mamuriumque
1702 3732 1950 3784 vocant.
1983 3719 2320 3806 Vergilius
2351 3721 2707 3808 Catillusque

387 3812 393 3820 ’
497 3843 755 3905 acerque
789 3820 1013 3901 Coras,
1048 3842 1243 3905 quem
1275 3819 1582 3903 sequitur
1612 3818 1813 3883 Silius
1835 3866 1852 3894 ,
1880 3819 2207 3883 Horatius
2244 3819 2425 3883 Circa
2452 3815 2706 3883 mitesc-

497 3918 624 3979 lum
662 3916 900 3978 Tiburis
928 3928 984 3978 et
1006 3920 1247 3981 moenia
1285 3917 1500 3996 Catili,
1549 3914 1804 3980 Statius
1836 3915 1926 3992 ad
1952 3915 2397 3980 Horatianum
2425 3915 2592 3979 illud
2620 3915 2705 3979 al-

495 4012 738 4076 ludens
767 4014 1107 4097 dictumque
1136 4018 1273 4100 lyra
1300 4018 1535 4079 maiore
1572 4016 1854 4078 Catillum
1884 4063 1899 4079 .
1943 4013 2227 4078 Ovidius
2255 4013 2587 4077 fastorum
2614 4035 2707 4086 w,

499 4109 619 4175 139
649 4108 765 4173 Est
788 4111 912 4172 illis
938 4111 1219 4193 striyibus
1243 4134 1496 4192 nomen,
1525 4112 1753 4196 itaque
1784 4112 1925 4187 alii.
1957 4111 2082 4175 sed
2101 4111 2384 4175 Plautus
2411 4112 2484 4173 in
2505 4110 2709 4174 Pseu-

496 4208 656 4273 dulo
700 4230 805 4282 111,
825 4205 892 4282 2,
913 4207 988 4270 31
1033 4208 1183 4272 Non
1223 4212 1620 4275 condimentis·
1638 4211 1959 4290 condiunt,
2003 4212 2112 4274 sed
2132 4198 2411 4294 stoiyibus
2432 4235 2454 4272 .·
2494 4229 2711 4292 neque

495 4307 666 4370 enim
704 4306 989 4390 strinyem
1017 4304 1361 4370 Charisius
1405 4308 1676 4371 videtur
1715 4308 2067 4394 scripsisse
2100 4330 2165 4392 p.
2182 4307 2263 4371 84
2292 4354 2309 4382 ,
2355 4304 2482 4369 sed
2513 4305 2710 4370 libra-

488 4406 630 4467 rius
652 4453 666 4467 .
710 4403 895 4467 canis
934 4416 1244 4491 vertrayus
1274 4428 1415 4486 acer
1443 4405 1737 4469 Martiali
1768 4429 1902 4482 x1v‚
1922 4405 2079 4470 200:
2126 4403 2400 4468 Gratius
2431 4402 2557 4468 203
2584 4426 2709 4467 ver-
