2840 5008
506 374 647 443 250
1569 370 1666 440 IV

503 552 729 636 aliquis
748 597 765 627 ‚
795 559 852 611 et
877 548 1204 634 quaepimn
1234 546 1480 632 aliquae
1502 595 1518 624 ,
1554 586 1625 596 —
1660 547 1910 612 dubium
1936 571 2058 612 non
2087 559 2172 614 est
2201 598 2214 611 .
2244 549 2581 613 Marullus
2612 550 2727 616 de-

504 648 609 713 dit
636 648 753 713 Est
776 648 982 734 utique
1009 657 1075 709 ut
1098 667 1344 729 serpens
1371 691 1388 718 ‚
1431 643 1505 707 id
1548 652 1654 709 est
1695 645 1891 729 (nam
1917 646 2288 713 Lambinus
2332 670 2470 712 non
2513 651 2729 733 oepit)

501 746 598 811 Ut
625 752 815 811 extat
842 745 1077 828 utique
1107 745 1443 829 serpentis
1471 744 1734 829 speeies
1754 793 1767 807 .
1792 744 1915 808 sed
1938 765 2063 830 ego
2094 749 2300 833 utique
2329 747 2728 835 particulam

501 853 582 910 ut
609 868 650 909 a
676 843 861 908 nullo
892 848 1245 931 poetarum
1272 842 1343 905 in
1370 864 1575 907 versu
1604 846 1897 928 positam
1927 847 2199 930 repperi
2240 847 2435 928 (nam
2463 848 2541 909 in
2571 844 2727 909 Cae·

503 944 635 1008 eilii
662 965 868 1008 versu
898 941 1010 1026 qui
1042 949 1148 1005 est
1174 940 1359 1027 apud
1387 940 1663 1005 Festum
1694 966 1757 1029 p.
1775 942 1916 1017 339,
1934 942 2013 1007 32
2042 951 2232 1008 reete
2257 944 2619 1008 Bentleius
2647 944 2728 1009 ad

503 1041 856 1127 Adelphos
885 1062 973 1114 iv,
992 1038 1049 1114 2,
1068 1039 1147 1103 52
1177 1062 1366 1125 usque
1387 1066 1409 1102 .·
1435 1038 1507 1103 in
1535 1039 1709 1105 libro
1740 1064 1814 1104 xl
1846 1040 1990 1106 Silii
2023 1042 2140 1106 163
2179 1044 2391 1128 utique
2432 1049 2541 1106 est
2588 1064 2725 1105 eor-

505 1142 790 1206 rectoris
827 1138 1119 1224 imperiti
1155 1138 1582 1222 figmentum:
1611 1138 1679 1202 in
1708 1138 2009 1204 Lucretii
2049 1163 2119 1218 11,
2150 1139 2273 1204 569
2317 1162 2451 1223 pro
2492 1143 2724 1226 itaque,

510 1239 699 1326 quod
743 1245 849 1304 est
889 1243 1197 1302 veterum
1228 1284 1242 1310 ,
1275 1236 1606 1300 Antonius
1636 1236 1835 1301 Marii
1867 1244 1935 1301 et
1962 1238 2296 1302 Marullus
2325 1241 2615 1326 utique),
2642 1239 2728 1301 ita

505 1360 749 1403 vereor
778 1359 864 1402 ne
892 1334 1114 1400 media
1140 1333 1404 1419 syllaba
1431 1334 1771 1418 producta
1801 1333 2100 1399 dicenda¹
2119 1336 2243 1411 sit,
2267 1357 2473 1419 quem
2504 1335 2729 1400 admo-

511 1438 670 1502 dum
711 1436 891 1507 idem
919 1433 1264 1499 Bentleius
1308 1432 1471 1497 mihi
1511 1432 1581 1496 in
1610 1432 1915 1499 Terentii
1955 1433 2232 1520 Hecyra
2277 1457 2347 1507 11,
2383 1436 2438 1508 1,
2469 1433 2508 1497 2
2560 1442 2631 1498 et
2666 1435 2730 1498 in

506 1536 915 1599 Phormione
937 1556 998 1608 v,
1017 1532 1074 1607 6,
1093 1532 1173 1595 34
1201 1534 1334 1595 utin
1363 1539 1750 1616 correptum
1772 1539 1961 1595 reete
1981 1531 2254 1597 videtur
2273 1534 2729 1618 improbasse,

507 1654 911 1719 quamquam
953 1630 1224 1694 Reizius
1267 1630 1586 1694 toleravit
1625 1631 1695 1693 in
1736 1630 2053 1695 Rudente
2096 1654 2185 1709 iv,
2227 1632 2288 1706 4,
2339 1632 2416 1696 19
2463 1680 2479 1695 .
2531 1635 2729 1718 utique

504 1740 723 1796 autem
769 1729 1211 1815 antiquissimi
1255 1750 1393 1792 non
1437 1728 1753 1794 dixerunt
1781 1778 1796 1804 ‚
1834 1751 1919 1793 ne
1965 1728 2216 1794 Caesar
2261 1731 2538 1815 quidem
2573 1778 2590 1805 ‚
2619 1752 2728 1794 ne·

504 1830 665 1895 dum
691 1830 859 1894 Cato
879 1878 896 1908 ,
921 1828 1028 1892 eui
1057 1827 1295 1892 tribuit
1322 1827 1637 1892 librarius
1661 1827 1847 1892 Festi
1875 1850 1940 1912 p.
1959 1828 2100 1903 305,
2125 1829 2201 1892 14
2222 1853 2239 1904 3
2263 1827 2494 1892 Varro
2524 1831 2602 1893 in
2629 1850 2727 1892 re·

501 1952 649 1993 rum
692 1928 1096 1993 rusticarum
1136 1926 1327 1991 libris
1372 1925 1778 2010 aliquotiens
1806 1974 1824 2005 ,
1868 1949 1939 2001 ιι,
1968 1927 2026 2000 4,
2058 1928 2100 1990 3
2126 1927 2201 1989 21
2241 1927 2336 2002 10,
2365 1928 2439 1990 11
2490 1950 2592 2002 ιιι,
2617 1927 2729 2002 7‚6

510 2028 601 2105 12,
621 2030 656 2092 7
673 2075 689 2104 ,
711 2026 1060 2092 Vitruvius
1079 2074 1095 2099 ‚
1119 2025 1177 2090 si
1207 2024 1373 2089 satis
1403 2024 1697 2097 attendi,
1718 2024 1823 2090 bis
1847 2046 1909 2099 v,
1930 2025 2025 2099 10,
2050 2026 2078 2088 1
2112 2026 2152 2089 4
2170 2073 2185 2100 ,
2212 2024 2575 2090 Cornelius
2598 2025 2726 2089 Ne-

500 2149 630 2215 pos
661 2125 899 2201 semel,
924 2123 1284 2190 Sallustius
1312 2124 1380 2186 in
1409 2121 1738 2206 Iugurtha
1766 2122 1877 2197 3,l
1908 2170 1924 2186 .
1953 2130 2158 2212 atque
2186 2122 2261 2187 id
2290 2113 2726 2197 vocabulum,

501 2228 629 2292 nisi
657 2226 856 2290 fallor
876 2273 891 2300 ,
918 2246 1051 2309 quo
1080 2231 1387 2306 tempore
1416 2222 1701 2308 primum
1729 2222 1800 2286 in
1829 2243 2204 2286 sermonem
2234 2221 2588 2307 vulgarem
2619 2244 2724 2286 ve-

497 2328 599 2392 nit
615 2374 630 2401 ‚
652 2325 786 2389 hoe
817 2330 921 2387 est
945 2321 1288 2386 Ciceronis
1319 2328 1543 2385 aetate
1563 2370 1577 2396 ‚
1602 2321 1718 2405 qui
1751 2342 1831 2384 eo
1852 2370 1868 2396 ‚
1892 2329 2216 2405 quantum
2246 2321 2389 2384 seio
2407 2369 2426 2400 ‚
2450 2329 2723 2405 praeter

503 2448 703 2513 quam
744 2424 816 2488 in
860 2420 1163 2507 epistulis
1208 2428 1277 2484 et
1320 2418 1407 2483 de
1440 2419 1851 2510 divinatione
1896 2442 1965 2494 ιι,
1989 2418 2107 2483 120
2137 2440 2275 2482 non
2303 2420 2521 2482 utitur
2543 2467 2563 2493 ‚
2593 2441 2724 2482 non

500 2527 644 2590 sine
686 2525 837 2587 ioco
884 2521 1180 2606 quodam
1211 2519 1564 2584 dicebatur
1586 2566 1602 2595 ‚
1634 2542 1783 2584 eum
1814 2519 2222 2605 significaret
2250 2518 2423 2583 haee
2453 2520 2723 2584 mirabi-

499 2625 654 2688 liter
698 2627 1057 2685 contracta
1075 2667 1092 2695 ‚
1121 2631 1179 2684 et
1201 2621 1289 2683 ita
1317 2619 1560 2705 quidem
1590 2620 1679 2681 uti
1706 2629 1974 2703 oportet:
2005 2616 2382 2682 derivatum
2414 2626 2524 2682 est
2554 2619 2722 2682 enim

501 2747 586 2787 ex
622 2721 926 2785 formulis
972 2719 1407 2783 sollemnibus
1435 2718 2034 2781 instrumentorum
2064 2716 2493 2803 publicorum
2515 2765 2531 2792 ‚
2563 2739 2722 2801 qua·

500 2822 598 2886 les
629 2827 789 2884 sunt
817 2843 973 2905 quae
1000 2820 1207 2904 utique
1235 2818 1346 2880 vel
1374 2818 1589 2903 quibus
1627 2819 1834 2902 utique
1852 2865 1866 2890 ‚
1897 2827 2075 2901 alque
2112 2817 2318 2901 utique
2340 2864 2356 2889 ‚
2386 2840 2519 2879 was
2558 2816 2723 2879 odet

496 2943 647 2985 wem
674 2919 804 2981 und
828 2939 1196 2980 wasmassen
1216 2965 1232 2990 ‚
1265 2918 1356 2978 als
1383 2917 1517 2979 und
1539 2938 1905 2979 wasmasseu
1927 2960 1942 2976 .
1972 2915 2068 2977 ita
2094 2914 2380 2999 legimus
2410 2914 2480 2976 in
2509 2915 2719 2979 Hera-⁷

500 3017 746 3084 cloensi
776 3015 1011 3079 tabula
1041 3037 1081 3088 1,
1106 3014 1182 3077 14
1212 3015 1540 3099 eademque
1568 3015 1775 3077 omnia
1796 3036 1954 3099 quae
1982 3014 2220 3098 uteique
2246 3014 2315 3075 in
2341 3014 2583 3077 tabulas
2610 3025 2717 3077 ret-

495 3119 733 3196 tulerit,
763 3118 850 3179 ita
876 3116 943 3178 iu
972 3113 1240 3178 tabulam
1276 3113 1341 3175 iu
1384 3113 1589 3175 album
1627 3112 1962 3199 referunda
2007 3109 2295 3194 (curato)
2320 3136 2344 3192 ,·
2386 3112 2552 3175 item
2585 3135 2629 3186 1,
2647 3112 2716 3174 72

495 3243 638 3282 neve
678 3239 886 3280 eorum
916 3214 1081 3301 quod
1118 3213 1349 3295 (immo
1395 3212 1577 3298 quid)
1620 3223 1894 3295 saeptum
1937 3213 2279 3274 claioeumve
2324 3210 2537 3273 habeto
2558 3257 2575 3283 ‚
2607 3233 2716 3295 quo

495 3318 694 3378 minus
723 3316 809 3377 eis
838 3315 1015 3376 loceis
1030 3312 1482 3396 porticibusque
1498 3311 1768 3395 populus
1794 3319 2002 3373 utatur
2028 3318 2354 3393 pateantve
2385 3356 2404 3387 ,
2440 3310 2563 3371 uisi
2590 3309 2713 3393 qui-

495 3415 604 3479 bus
644 3413 881 3496 uteique
924 3410 1152 3494 leyibus
1182 3410 1453 3493 plebeive
1504 3409 1667 3471 scitis
1707 3418 2015 3471 senatusue
2057 3407 2339 3470 consultis
2381 3429 2714 3470 emicessum

484 3513 921 3600 permissumve
952 3518 1034 3572 est
1058 3531 1082 3589 ,⁶
1123 3514 1192 3570 et
1219 3507 1288 3569 in
1318 3507 1467 3591 lege
1497 3506 1759 3570 Thoria
1786 3506 1860 3569 71
1897 3506 1935 3569 7
1939 3505 1977 3568 2
2007 3506 2177 3569 neive
2202 3540 2286 3551 —
2307 3506 2602 3589 propiore
2629 3505 2714 3566 die

494 3615 715 3699 exiyito
745 3621 924 3696 atque
951 3609 1189 3693 uteique
1217 3608 1284 3669 iu
1311 3607 1429 3670 hac
1457 3608 1585 3691 leye
1613 3607 1904 3689 scriptum
1933 3615 2017 3668 est
2038 3653 2050 3666 .
2099 3640 2169 3650 —-
2213 3603 2381 3688 quod
2413 3604 2714 3688 pequm'ae

494 3714 566 3776 ob
596 3735 730 3776 eam
759 3732 888 3773 rem
906 3708 1200 3793 propiore
1228 3707 1327 3769 die
1355 3715 1630 3768 exactum
1679 3704 1795 3767 erit
1833 3714 2011 3787 atque
2054 3703 2291 3787 uteique
2328 3702 2398 3762 in
2440 3701 2560 3763 liae
2599 3702 2715 3784 leqe

492 3813 784 3894 scriptum
813 3819 931 3872 est.
960 3843 1044 3853 -
1072 3829 1192 3892 quo
1221 3830 1294 3869 ea
1313 3805 1593 3890 pequnia
1625 3840 1702 3850 ——
1733 3803 1911 3865 aliter
1938 3803 2248 3885 exsiyatur
2277 3810 2460 3883 atque
2487 3800 2715 3883 uteique

496 3910 562 3971 iu
590 3907 708 3970 hac
737 3908 864 3991 leye
890 3907 1179 3989 scriptum
1209 3916 1322 3967 est.
1344 3903 1481 3966 hoe
1503 3902 1720 3985 ipsum
1745 3911 1923 3984 atque
1943 3900 2149 3984 utique
2168 3897 2238 3959 in
2259 3896 2477 3959 Milite
2498 3896 2716 3959 Plauti

497 4028 586 4079 iv,
605 4005 663 4078 3,
681 4003 760 4065 37
793 4002 1128 4065 sententia
1156 4000 1455 4065 admittit
1488 4049 1503 4073 ‚
1548 3998 1806 4062 numeri
1835 4002 2152 4062 recusant
2180 4020 2195 4070 ς
2238 3995 2359 4059 ubi
2388 4017 2542 4057 eum
2572 3994 2716 4058 libri

496 4104 794 4167 habeant
823 4100 1151 4185 Numquid
1188 4101 1425 4162 videtur
1469 4100 1777 4160 demutare
1818 4106 1924 4158 aut
1964 4095 2169 4179 utique
2198 4094 2357 4158 Dixi
2398 4117 2523 4155 esse
2563 4093 2717 4155 vobis

495 4204 725 4265 dudum
753 4199 914 4262 huuc
939 4197 1250 4262 ‘moechum
1277 4195 1573 4260 militem?
1596 4193 2024 4258 scribendum
2055 4192 2365 4255 existimo
2397 4189 2718 4275 qumquid

493 4302 728 4363 videtur
752 4299 1061 4362 demutare
1092 4296 1213 4358 alio
1243 4306 1420 4379 atque
1443 4297 1533 4358 uti
1555 4292 1762 4357 Dixi?
1786 4300 1862 4355 ut
1890 4288 2140 4355 ibidem
2171 4297 2277 4353 est
2304 4311 2395 4364 lv,
2415 4289 2472 4364 7,
2489 4289 2531 4352 8
2562 4289 2713 4351 Ora-

496 4400 575 4460 tio
620 4399 742 4461 alio
786 4396 935 4458 milti
978 4393 1400 4456 demutandast
1439 4416 1575 4456 mea
1607 4441 1620 4454 .
1665 4390 1787 4462 sed
1831 4388 2029 4475 plane
2074 4388 2352 4452 similem
2396 4387 2711 4472 originem
