2840 5008
438 329 576 396 188
842 313 848 321 '
1531 333 1596 401 v

427 502 869 590 nympharum
891 552 905 577 ‚
931 505 1171 589 quibus
1203 527 1237 568 e
1269 508 1533 572 scibant
1561 511 1790 573 umori’
1818 510 2072 577 fluenta

284 634 384 680 950
430 618 686 682 lubrica
712 618 1015 703 proluvie
1044 619 1231 704 larga
1257 621 1483 685 lavere
1514 623 1740 687 umida
1768 646 1961 700 saxa,

426 732 651 795 umida
680 754 873 808 saxa,
898 754 1100 817 super
1128 733 1323 797 viridi
1354 736 1669 801 stillantia
1697 760 1927 803 musco
1942 789 1960 820 ,

428 854 497 910 et
525 847 763 931 partim
791 847 994 931 plano
1026 856 1285 912 scatere
1315 858 1518 934 atque
1552 872 1898 938 erumpere
1930 876 2194 942 campo.

425 983 550 1025 nec
583 960 738 1024 dum
768 982 875 1024 res
904 962 1041 1047 igni
1072 964 1333 1028 scibant
1362 972 1653 1030 tractare
1682 989 1900 1051 neque
1932 970 2027 1033 uti

423 1076 708 1161 pellibus
739 1085 806 1140 et
835 1077 1064 1164 spoliis
1095 1099 1342 1165 corpus
1373 1081 1620 1144 vestire
1650 1080 1971 1158 ferarum,

277 1206 378 1253 966
418 1190 542 1255 sed
568 1211 844 1255 nemora
872 1199 1075 1277 atque
1105 1214 1309 1257 cavos
1338 1196 1582 1258 montis
1613 1196 1949 1283 silvasque
1979 1198 2325 1275 colebant,

424 1313 492 1370 et
517 1305 791 1371 frutices
818 1307 994 1371 inter
1025 1307 1406 1372 condebant
1437 1309 1745 1395 squalida
1772 1311 2091 1388 membra,

420 1420 704 1485 verbera
732 1428 1082 1485 ventorum
1110 1423 1318 1487 vitare
1346 1424 1709 1510 imbrisque
1741 1426 1985 1489 coacti.

420 1556 544 1599 nec
575 1537 1196 1600 commune'bonum
1225 1545 1543 1622 poterant
1573 1547 1878 1625 spectare
1896 1589 1912 1616 ,
1934 1561 2153 1626 neque
2183 1543 2336 1608 ullis

421 1652 714 1715 moribus
742 1650 915 1715 inter
944 1672 1017 1714 se
1047 1654 1307 1716 scibant
1336 1675 1461 1717 nec
1490 1654 1746 1740 legibus
1776 1653 1902 1717 uti.
1943 1715 1948 1720 .

273 1782 372 1829 960
419 1764 604 1850 quod
634 1766 871 1851 cuique
903 1766 1239 1830 obtulerat
1267 1767 1558 1852 praedae
1587 1768 1889 1845 fortuna,
1917 1769 2176 1834 ferebat

419 1889 661 1966 sponte
691 1902 812 1944 sua
839 1880 965 1944 sibi
995 1881 1277 1966 quisque
1308 1883 1530 1947 valere
1562 1891 1629 1947 et
1659 1883 1882 1946 vivere
1914 1884 2182 1949 doctus,
2213 1936 2218 1942 .

421 2004 490 2060 et
516 1994 751 2060 Venus
779 1996 847 2059 in
878 1996 1058 2060 silvis
1086 1996 1405 2081 iungebat
1437 2019 1728 2085 corpora
1755 2006 2121 2063 amantum:

420 2112 817 2176 conciliabat
846 2112 1015 2175 enim
1045 2112 1152 2174 vel
1179 2122 1407 2177 mutua
1438 2133 1769 2198 quamque
1800 2112 2046 2198 cupido

417 2228 528 2291 vel
555 2227 850 2291 violenta
877 2226 1003 2290 viri
1031 2227 1132 2290 vis
1162 2235 1364 2312 atque
1392 2229 1674 2313 inpensa
1698 2227 1908 2292 libido

273 2359 371 2405 965
415 2343 523 2406 vel
550 2342 837 2429 pretium
857 2390 871 2415 ,
894 2339 1174 2426 glandes
1204 2351 1407 2427 atque
1438 2344 1654 2407 arbita
1683 2343 1790 2406 vel
1816 2343 1963 2427 pira
1993 2342 2168 2405 lecta
2187 2391 2202 2403 .

418 2465 487 2522 et
514 2478 823 2522 manuum
851 2456 1016 2520 mira
1041 2456 1199 2520 freti
1228 2458 1479 2522 virtute
1510 2456 1889 2544 pedumque

418 2574 977 2638 consectabantur
1008 2573 1341 2637 silvestria
1371 2574 1592 2637 saecla
1619 2573 1909 2637 ferarum
1930 2622 1946 2647 ‚

413 2689 752 2774 multaque
780 2688 1169 2763 vincebant,
1192 2688 1494 2753 vitabant
1520 2709 1736 2776 pauca
1763 2687 2068 2763 latebriS,

418 2804 897 2889 saetigerisque
925 2823 1124 2887 pares
1156 2803 1363 2866 subus

271 2936 369 2982 975
413 2919 768 2983 missilibus
799 2917 976 2981 saxis
1009 2926 1076 2981 et
1103 2938 1345 3003 magno
1377 2917 1677 3004 pondere
1710 2918 1938 2983 clavae
1958 2965 1973 2981 .

456 3118 461 3121 ¹
1378 3034 1711 3097 silvestria
1739 3035 2031 3098 membra

217 3121 234 3153 ⁸
269 3166 366 3213 970
410 3148 594 3214 nuda
622 3149 874 3213 dabant
904 3156 1152 3223 terrae,
1175 3157 1506 3213 nocturno
1535 3159 1837 3236 tempore
1868 3149 2075 3234 capti,

417 3266 662 3329 circum
691 3286 764 3328 se
791 3264 967 3327 foliis
998 3285 1076 3327 ac
1104 3264 1459 3328 frondibus
1488 3263 1909 3328 involventes
1930 3313 1943 3327 .

411 3403 536 3445 nec
564 3380 886 3468 plangore
918 3378 1091 3443 diem
1119 3400 1360 3465 magno
1392 3379 1735 3463 solemque
1763 3400 1885 3464 per
1915 3400 2112 3465 agros
2177 3370 2180 3373 ¹

414 3496 828 3583 quaerebant
853 3494 1080 3582 pavidi
1112 3495 1416 3580 palantes
1446 3495 1664 3558 noctis
1693 3495 1759 3558 in
1789 3494 2070 3568 umbriS‚

413 3611 747 3677 sedsstaciti
774 3610 1247 3696 respectabant
1277 3630 1645 3695 somnoque
1675 3610 1946 3694 sepulti,

268 3744 367 3790 976
412 3727 568 3792 dum
596 3749 795 3793 rosea
822 3726 968 3789 face
1001 3727 1105 3790 sol
1132 3724 1409 3795 inferret
1436 3724 1683 3789 lumina
1712 3725 1929 3788 caelo:

412 3865 451 3906 a
478 3844 701 3928 parvis
733 3839 918 3928 quod
950 3842 1118 3905 enim
1148 3848 1554 3920 consuerant
1583 3861 1855 3904 cernere
1886 3861 2148 3924 semper

412 3957 669 4021 alterno
702 3957 1014 4020 tenebras
1045 3966 1113 4020 et
1137 3957 1350 4020 lucem
1385 3966 1685 4040 tempore
1715 3955 1924 4042 gigni,
1971 4018 1976 4023 .

410 4091 550 4137 non
579 4078 724 4135 erat
751 4078 828 4135 ut
854 4070 996 4134 fieri
1023 4079 1259 4157 posset
1284 4071 1583 4135 mirarier
1612 4092 1923 4157 umquam

356 4271 369 4283 ⁸
415 4261 514 4307 949
551 4269 737 4306 umore
773 4254 792 4323 ΙΙ
831 4258 928 4305 953
966 4252 1201 4305 scribant
1236 4253 1256 4320 Η
1294 4258 1392 4305 959
1432 4253 1669 4306 sciebant
1704 4253 1723 4321 ΙΙ
1761 4258 1858 4306 962
1896 4252 2112 4323 lugebat
2154 4250 2173 4318 ΙΙ
2208 4257 2306 4304 970
2335 4253 2652 4312 Nudabant
2682 4263 2705 4329 Η

419 4346 515 4391 973
553 4337 758 4409 pervidi
799 4339 817 4407 ΙΙ
854 4343 952 4390 976
989 4342 1140 4389 rotea
1175 4337 1194 4405 Η
1232 4343 1327 4390 977
1367 4337 1599 4407 Apervis
