2840 5008
455 404 596 472 202
1518 403 1617 471 111

454 598 665 662 supra
691 576 980 662 uterque
1018 577 1292 665 Tityon..
1336 577 1656 663 quadrati
1697 585 2046 644 corrector
2086 586 2156 644 et
2182 580 2339 644 Itali
2379 581 2480 645 hie
2507 603 2683 646 nsr:

455 677 613 740 olim
642 675 953 762 impressi
980 676 1080 739 hic
1107 685 1193 738 et.

622 775 762 838 994.
795 795 1203 838 somnum-r
1237 795 1707 855 <maranum
1741 797 1941 838 cums:
1967 820 1982 838 .
2007 775 2376 839 Corrector
2408 776 2683 861 oblongi

453 875 766 958 turpedine
780 921 797 953 ,
820 871 1137 958 quadrati
1157 896 1193 936 0
1207 895 1248 935 u
1263 895 1301 935 ι’
1316 895 1355 936 Ε
1368 896 1411 936 1)
1429 896 1453 936 1
1469 896 1514 937 N
1527 896 1566 936 n
1586 922 1602 950 ,
1618 874 1851 959 itaque
1866 874 2123 958 primus
2140 882 2305 961 post
2323 895 2479 937 eum
2487 874 2680 938 Lam-

453 973 650 1035 binus
676 993 825 1035 cum
849 970 1171 1036 Turnebo
1194 968 1266 1033 in
1296 965 1842 1036 adversariorum
1863 995 1927 1047 x,
1945 972 1985 1036 8
2021 1021 2034 1034 .
2073 973 2248 1037 libro
2271 994 2337 1047 v,
2356 972 2439 1036 45
2472 973 2679 1052 Quan-

453 1082 549 1133 tae
575 1080 703 1133 tum
728 1070 1011 1143 scindunt
1033 1069 1332 1133 hominem
1360 1070 1715 1154 cuppedinis
1743 1094 1919 1135 aeres
1948 1071 2292 1135 Sollicitum
2323 1094 2514 1135 curae
2556 1121 2570 1135 .
2615 1071 2680 1134 in

451 1190 655 1245 versu
684 1168 991 1254 proximo
1022 1190 1258 1253 quoque
1287 1168 1539 1245 omittit
1567 1168 1941 1253 quadratus
1962 1218 1975 1234 .
2611 1188 2618 1195 “

622 1267 761 1330 997.
792 1287 1236 1342 arms-rmus
1268 1288 1625 1329 uncum-r
1665 1315 1678 1329 .
1727 1264 2093 1331 Corrector
2122 1265 2446 1351 quadrati
2478 1272 2549 1330 et
2578 1288 2682 1330 ce·-

453 1365 584 1429 teri
613 1389 653 1428 r
668 1388 711 1428 R
723 1388 745 1428 1
761 1388 793 1428 s
808 1388 848 1428 ‘r
861 1389 885 1427 1
901 1388 987 1441 so
1002 1387 1093 1428 un
1114 1412 1128 1426 .
1150 1363 1482 1427 Horatius
1498 1387 1668 1448 pono
1695 1366 1996 1452 tristisque
2021 1365 2237 1428 recedo
2257 1413 2271 1426 .

620 1463 761 1527 999.
802 1484 1070 1525 numm
1110 1482 1495 1526 LABOREM
1534 1451 1980 1528 surrnnnnss
2010 1462 2199 1527 Idem
2232 1471 2589 1528 corrector
2620 1471 2682 1528 et

453 1560 765 1648 impressi
795 1580 1197 1623 surm-:RBE
1228 1580 1648 1623 LABOREM.

506 1684 513 1693 ·
625 1658 801 1721 1001.
848 1677 1058 1730 ouon
1126 1677 1393 1720 TAMEN
1460 1680 1724 1722 summo
1790 1680 1937 1722 IAM
2000 1681 2351 1723 vnn‘rmr:
2417 1681 2678 1724 nusum

452 1757 570 1819 Vo
585 1778 624 1817 L
639 1779 682 1820 v
695 1779 718 1818 1
732 1776 883 1818 run
904 1802 917 1815 .
940 1752 1270 1817 Marullus
1294 1778 1335 1818 a
1355 1751 1587 1820 summ’o
1603 1805 1621 1836 ‚
1643 1756 1973 1822 Avantius
1993 1779 2033 1819 E
2054 1779 2290 1820 summo
2307 1805 2321 1818 .
2345 1758 2417 1819 in
2439 1779 2500 1831 v,
2520 1756 2677 1820 1125

458 1855 544 1919 Et
567 1866 766 1918 tamen
795 1877 827 1917 e
852 1875 1084 1917 summo
1108 1903 1121 1916 .
1153 1853 1224 1915 in
1250 1876 1340 1929 ιν,
1359 1854 1443 1918 86
1471 1878 1547 1919 ex
1573 1879 1808 1919 summo
1830 1905 1843 1919 .
1873 1856 1943 1919 in
1973 1878 2071 1931 111,
2099 1855 2217 1918 197
2256 1856 2482 1939 Coyere
2508 1867 2579 1920 ut
2606 1856 2678 1919 ab

430 1976 682 2017 sumo
701 2000 716 2015 .

626 2052 804 2116 1005.
849 2051 1075 2131 Quon
1135 2071 1495 2114 FAcmrz‘r
1541 2073 1788 2114 Nonis
1830 2073 2226 2116 Armomm
2271 2074 2674 2126 ΤΕΜΡΟΒΛ,

455 2171 755 2215 omnum
802 2150 967 2214 Cum
1009 2170 1383 2213 anonim-r
1425 2196 1437 2209 .
1485 2148 1747 2212 Nonius
1780 2170 1954 2233 quae
1984 2157 2141 2214 ante
2169 2150 2341 2214 haec
2368 2150 2674 2234 proxime

450 2251 678 2335 posita
707 2256 864 2314 sunt
893 2248 1121 2313 attulit
1141 2269 1207 2332 p.
1227 2247 1368 2322 298,
1385 2247 1425 2311 9
1457 2255 1527 2311 et
1553 2247 1695 2323 424,
1715 2248 1787 2311 6:
1814 2247 1928 2313 hic
1950 2297 1965 2323 ‚
1988 2250 2107 2315 ubi
2132 2250 2545 2333 interpretes
2575 2257 2674 2312 ta·

452 2356 611 2412 cent
640 2397 655 2424 ,
689 2369 816 2411 nos
844 2368 985 2411 non
1013 2344 1290 2409 adiuvat
1330 2394 1342 2408 .
1392 2367 1646 2430 quaero
1680 2347 1852 2410 enim
1881 2345 2046 2432 quid
2072 2346 2237 2411 illud
2271 2347 2358 2410 sit
2387 2347 2673 2434 quodfa-

452 2449 621 2513 ciant
654 2448 823 2512 nobis
861 2445 1018 2510 anni
1058 2451 1368 2530 tempora
1401 2467 1415 2506 ε
1463 2465 1616 2507 nam
1648 2453 1832 2510 certe
1863 2438 2020 2510 anni
2048 2467 2186 2510 non
2216 2442 2475 2510 faciunt
2495 2493 2511 2521 ,
2550 2444 2675 2510 sed

453 2545 793 2630 cupiditas
821 2551 1059 2607 nostra
1087 2591 1104 2618 ‚
1146 2551 1225 2606 ut
1267 2542 1527 2607 animus
1553 2564 1918 2629 numquam
1947 2544 2302 2628 expleatur
2331 2553 2536 2629 atque
2568 2566 2673 2607 sa-

449 2645 660 2707 tietur
689 2693 703 2708 .
744 2663 1028 2728 pascere
1058 2640 1328 2727 quidem
1357 2643 1518 2705 anni
1543 2649 1851 2727 tempora
1880 2643 2169 2707 animum
2196 2691 2214 2721 ‚
2253 2665 2392 2707 non
2424 2665 2674 2727 corpus

450 2750 710 2806 tantum
745 2787 761 2815 ‚
794 2739 1063 2817 =‘facilius
1094 2738 1464 2803 concedam
1495 2788 1511 2815 ,
1554 2739 1680 2804 sed
1706 2761 1846 2803 non
1874 2742 2107 2804 circum
2134 2742 2489 2805 redeuntia.-
2519 2761 2672 2804 nam

451 2841 681 2902 cirewm
710 2839 912 2902 redire
942 2837 1109 2921 quid
1138 2839 1226 2902 sit
1253 2860 1390 2902 non
1420 2838 1738 2925 intellego
1765 2887 1777 2900 .
1811 2838 2070 2903 scilicet
2097 2841 2262 2926 quod
2289 2841 2670 2904 coniunctio

454 2944 559 3002 est
585 2985 601 3011 ,
632 2937 729 2999 ita
765 2982 780 3011 ‚
834 2935 1277 3022 Quodfaciunt
1299 2937 1467 2999 nobis
1497 2959 1798 3002 annorum
1828 2948 2101 3021 tempora
2129 2956 2431 3002 vmrmvr
2461 2985 2480 3012 ‚
2521 2939 2674 3003 Cum

449 3037 702 3100 redeunt
725 3082 743 3114 ,
762 3033 1050 3121 fetusque
1063 3031 1285 3118 ferunt
1308 3035 1630 3119 variosque
1659 3036 1893 3120 lepores
1913 3083 1931 3114 ‚
1963 3035 2101 3100 Nec
2129 3046 2331 3099 tamen
2359 3038 2673 3121 explemur

446 3135 594 3199 vitai
603 3133 916 3221 fructibus
940 3153 1235 3217 umquam
1256 3178 1269 3192 .
1297 3137 1593 3194 ceterum
1623 3133 1957 3218 oblongus
1986 3133 2100 3196 hic
2128 3132 2338 3220 babet
2369 3133 2456 3197 de
2485 3155 2673 3197 more

447 3235 571 3296 vita
581 3232 893 3318 fructibus
912 3279 930 3310 ‚
954 3229 1077 3294 sed
1111 3228 1485 3314 quadratus
1514 3232 1638 3294 vita
1665 3227 1974 3295 errantibus
1996 3279 2009 3292 .
2039 3231 2213 3295 haec
2243 3240 2466 3295 autem
2499 3252 2673 3316 quae

449 3330 538 3393 ad
569 3330 788 3392 Danai
820 3329 991 3392 filias
1017 3328 1360 3413 pertinent
1403 3330 1625 3392 omnia
1675 3329 1833 3394 1003
1862 3369 1930 3377 -
1966 3329 2124 3393 1010
2168 3328 2448 3393 Servius
2488 3331 2557 3393 in
2601 3352 2672 3393 v1

449 3426 790 3492 Aeneidos
820 3425 942 3489 596
970 3428 1454 3509 praetermittit
1486 3476 1502 3503 ‚
1547 3429 1665 3494 ubi
1706 3435 1934 3493 cetera
1973 3450 2009 3491 e
2037 3428 2358 3493 Lucretio
2389 3429 2674 3514 exponit

444 3527 581 3591 hoc
607 3524 812 3590 modo
839 3573 853 3587 .
885 3524 1054 3588 Sane
1081 3525 1276 3589 dehis
1303 3528 1578 3591 omnibus
1604 3529 1782 3592 rebus
1808 3530 1963 3591 mire
1989 3529 2191 3592 reddit
2215 3531 2515 3593 rationem
2535 3528 2669 3592 Im-

447 3630 666 3691 eretius
689 3674 709 3707 ‚
750 3636 808 3689 et
845 3624 1164 3713 confirmat
1197 3626 1264 3687 in
1299 3636 1509 3690 nostra
1536 3628 1659 3691 vita
1687 3650 1809 3690 esse
1839 3628 2042 3690 omnia
2070 3650 2229 3712 quae
2239 3627 2568 3715 fisnquntur
2595 3628 2672 3690 de

444 3726 661 3813 inferis
684 3772 698 3787 .
730 3724 877 3788 dicit
900 3746 1163 3811 namque
1193 3722 1450 3809 Tityon
1482 3747 1749 3788 amorem
1778 3747 1901 3788 esse
1921 3772 1939 3803 ,
1969 3723 2081 3789 hoc
2109 3735 2195 3788 est
2221 3726 2533 3789 libidinem
2551 3774 2564 3787 .
2592 3762 2663 3770 -

443 3824 573 3907 ipse
603 3824 784 3885 etiam
812 3822 1141 3887 Lucretius
1171 3823 1320 3887 dicit
1333 3846 1454 3907 per
1484 3846 1582 3887 eos
1616 3871 1634 3902 ‚
1677 3824 1892 3910 quibus
1919 3823 2047 3886 iam
2077 3823 2209 3886 iam
2239 3843 2528 3887 casurus
2550 3823 2670 3886 im-

374 3987 379 3993 ,
444 3920 651 3982 minet
679 3920 838 4002 lapis
856 3966 875 3997 ,
904 3922 1340 4004 wperstitiosos
1366 3921 1707 4010 siqnificari
1727 3970 1744 4000 ,
1769 3923 1876 4008 qui
1902 3922 2167 3985 inaniter
2194 3944 2433 4007 semper
2461 3945 2670 3985 veren-

442 4029 542 4081 tur
571 4027 626 4079 et
651 4016 726 4078 de
753 4016 870 4079 diis
898 4028 953 4079 et
981 4019 1148 4082 caelo
1177 4030 1235 4083 et
1260 4020 1408 4083 loeis
1435 4021 1848 4104 superioribus
1876 4021 2035 4084 mole
2063 4021 2396 4104 opinantur
2411 4069 2424 4083 .
2453 4058 2524 4067 -—
2548 4043 2670 4105 per

442 4138 540 4179 eos
568 4124 766 4177 autem
794 4115 900 4199 qui
929 4135 1165 4177 saxum
1192 4116 1523 4192 volvunt,
1572 4118 1862 4181 ambitum
1900 4119 2025 4183 vult
2063 4128 2121 4181 et
2143 4119 2456 4203 repulsam
2481 4118 2671 4201 siqni-

424 4214 620 4303 ficari
639 4260 657 4292 ,
687 4213 837 4298 quia
863 4214 1050 4276 semel
1072 4216 1303 4296 repulsi
1315 4216 1604 4300 petitores
1634 4217 1863 4280 ambire
1892 4240 2014 4279 nori
2043 4216 2323 4279 desinwit
2355 4264 2369 4278 .
2414 4215 2673 4279 scilicet

439 4311 910 4395 grammaticus
942 4309 1244 4375 ordinem
1277 4320 1347 4376 et
1375 4315 1589 4379 verba
1613 4313 1895 4400 Vergilii
1925 4314 2233 4399 sequitur
2256 4362 2271 4389 ‚
2300 4335 2341 4376 a
2371 4334 2506 4399 quo
2531 4313 2666 4375 Da-

437 4408 673 4471 naides
717 4431 854 4473 non
900 4419 1510 4476 commemorantur
1556 4461 1567 4474 .
1629 4413 1753 4477 sed
1794 4413 1974 4477 idem
2018 4411 2294 4475 Servius
2341 4433 2516 4495 quae
2559 4410 2666 4473 his

2824 4651 2831 4987 „
