<?xml version="1.0" encoding="UTF-8"?>
<!DOCTYPE html PUBLIC "-//W3C//DTD XHTML 1.0 Transitional//EN"
    "http://www.w3.org/TR/xhtml1/DTD/xhtml1-transitional.dtd">
<html xmlns="http://www.w3.org/1999/xhtml" xml:lang="en" lang="en">
 <head>
  <title>
</title>
<meta http-equiv="Content-Type" content="text/html;charset=utf-8" />
  <meta name='ocr-system' content='tesseract 3.04.00' />
  <meta name='ocr-capabilities' content='ocr_page ocr_carea ocr_par ocr_line ocrx_word'/>
</head>
<body>
  <div class='ocr_page' id='page_1' title='image "./tlucreticarider02lachgoog_0297.png"; bbox 0 0 2840 5008; ppageno 0'>
   <div class='ocr_carea' id='block_1_1' title="bbox 1216 400 2340 474">
    <p class='ocr_par' dir='ltr' id='par_1_1' title="bbox 1216 400 2340 474">
     <span class='ocr_line' id='line_1_1' title="bbox 1216 400 2340 474; baseline -0.003 0"><span class='ocrx_word' id='word_1_1' title='bbox 1216 406 1248 474; x_wconf 98' lang='lat' dir='ltr'>I</span> <span class='ocrx_word' id='word_1_2' title='bbox 1465 449 1472 459; x_wconf 87' lang='lat'><strong>·</strong></span> <span class='ocrx_word' id='word_1_3' title='bbox 1963 400 2079 456; x_wconf 63' lang='lat'><strong>·&#39;</strong></span> <span class='ocrx_word' id='word_1_4' title='bbox 2252 405 2340 472; x_wconf 86' lang='lat'><strong>37</strong></span> 
     </span>
    </p>
   </div>
   <div class='ocr_carea' id='block_1_2' title="bbox 84 577 2354 1842">
    <p class='ocr_par' dir='ltr' id='par_1_2' title="bbox 84 577 2354 1842">
     <span class='ocr_line' id='line_1_2' title="bbox 113 577 2343 668; baseline -0.002 -21"><span class='ocrx_word' id='word_1_5' title='bbox 113 577 351 647; x_wconf 73' lang='lat' dir='ltr'><strong>traham</strong></span> <span class='ocrx_word' id='word_1_6' title='bbox 396 585 600 668; x_wconf 70' lang='lat' dir='ltr'><strong>deliye</strong></span> <span class='ocrx_word' id='word_1_7' title='bbox 631 631 643 644; x_wconf 93' lang='lat'><strong>.</strong></span> <span class='ocrx_word' id='word_1_8' title='bbox 692 582 1021 645; x_wconf 71' lang='lat' dir='ltr'><strong>coturnices</strong></span> <span class='ocrx_word' id='word_1_9' title='bbox 1057 580 1276 664; x_wconf 90' lang='lat' dir='ltr'><strong>prima</strong></span> <span class='ocrx_word' id='word_1_10' title='bbox 1311 580 1517 666; x_wconf 85' lang='lat' dir='ltr'><strong>longa</strong></span> <span class='ocrx_word' id='word_1_11' title='bbox 1544 578 1827 642; x_wconf 90' lang='lat' dir='ltr'><strong>Plautus</strong></span> <span class='ocrx_word' id='word_1_12' title='bbox 1857 585 1925 642; x_wconf 87' lang='lat' dir='ltr'><strong>et</strong></span> <span class='ocrx_word' id='word_1_13' title='bbox 1952 577 2343 642; x_wconf 87' lang='lat' dir='ltr'><strong>Lucretius:</strong></span> 
     </span>
     <span class='ocr_line' id='line_1_3' title="bbox 115 675 2345 763; baseline -0.003 -17"><span class='ocrx_word' id='word_1_14' title='bbox 115 682 272 746; x_wconf 86' lang='lat' dir='ltr'><strong>Ecce</strong></span> <span class='ocrx_word' id='word_1_15' title='bbox 302 682 648 745; x_wconf 71' lang='lat' dir='ltr'><strong>coturnices</strong></span> <span class='ocrx_word' id='word_1_16' title='bbox 679 677 962 742; x_wconf 87' lang='lat' dir='ltr'><strong>Ovidius</strong></span> <span class='ocrx_word' id='word_1_17' title='bbox 994 727 1009 753; x_wconf 99' lang='lat'>,</span> <span class='ocrx_word' id='word_1_18' title='bbox 1038 679 1201 743; x_wconf 88' lang='lat' dir='ltr'><strong>item</strong></span> <span class='ocrx_word' id='word_1_19' title='bbox 1227 678 1563 743; x_wconf 87' lang='lat' dir='ltr'><strong>Iuvenalis</strong></span> <span class='ocrx_word' id='word_1_20' title='bbox 1594 728 1606 741; x_wconf 93' lang='lat'><strong>.</strong></span> <span class='ocrx_word' id='word_1_21' title='bbox 1647 679 1865 740; x_wconf 75' lang='lat' dir='ltr'><strong>victum</strong></span> <span class='ocrx_word' id='word_1_22' title='bbox 1891 675 2115 740; x_wconf 88' lang='lat' dir='ltr'><strong>media</strong></span> <span class='ocrx_word' id='word_1_23' title='bbox 2142 675 2345 763; x_wconf 87' lang='lat' dir='ltr'><strong>longa</strong></span> 
     </span>
     <span class='ocr_line' id='line_1_4' title="bbox 115 775 2342 854; baseline -0.002 -12"><span class='ocrx_word' id='word_1_24' title='bbox 115 779 480 851; x_wconf 85' lang='lat' dir='ltr'><strong>Terentius</strong></span> <span class='ocrx_word' id='word_1_25' title='bbox 499 827 517 854; x_wconf 94' lang='lat'>,</span> <span class='ocrx_word' id='word_1_26' title='bbox 539 778 896 842; x_wconf 86' lang='lat' dir='ltr'><strong>Lucretius</strong></span> <span class='ocrx_word' id='word_1_27' title='bbox 914 825 929 852; x_wconf 92' lang='lat'>,</span> <span class='ocrx_word' id='word_1_28' title='bbox 953 776 1363 842; x_wconf 78' lang='lat' dir='ltr'><strong>Prudentius</strong></span> <span class='ocrx_word' id='word_1_29' title='bbox 1393 801 1407 841; x_wconf 77' lang='lat' dir='ltr'><em>z</em></span> <span class='ocrx_word' id='word_1_30' title='bbox 1443 799 1615 841; x_wconf 90' lang='lat' dir='ltr'><strong>unus</strong></span> <span class='ocrx_word' id='word_1_31' title='bbox 1655 777 1832 839; x_wconf 86' lang='lat' dir='ltr'><strong>inter</strong></span> <span class='ocrx_word' id='word_1_32' title='bbox 1862 796 2091 839; x_wconf 91' lang='lat' dir='ltr'><strong>omnes</strong></span> <span class='ocrx_word' id='word_1_33' title='bbox 2121 775 2342 838; x_wconf 88' lang='lat' dir='ltr'><strong>Hora-</strong></span> 
     </span>
     <span class='ocr_line' id='line_1_5' title="bbox 113 873 2341 960; baseline -0.002 -20"><span class='ocrx_word' id='word_1_34' title='bbox 113 878 239 941; x_wconf 89' lang='lat' dir='ltr'><strong>tius</strong></span> <span class='ocrx_word' id='word_1_35' title='bbox 271 878 404 956; x_wconf 80' lang='lat' dir='ltr'><strong>Qui</strong></span> <span class='ocrx_word' id='word_1_36' title='bbox 423 878 615 955; x_wconf 76' lang='lat' dir='ltr'><strong>sudor</strong></span> <span class='ocrx_word' id='word_1_37' title='bbox 633 878 799 939; x_wconf 77' lang='lat' dir='ltr'><strong>vietis</strong></span> <span class='ocrx_word' id='word_1_38' title='bbox 817 923 830 937; x_wconf 95' lang='lat'><strong>.</strong></span> <span class='ocrx_word' id='word_1_39' title='bbox 853 876 1078 939; x_wconf 70' lang='lat' dir='ltr'><strong>radere</strong></span> <span class='ocrx_word' id='word_1_40' title='bbox 1093 924 1110 955; x_wconf 87' lang='lat'><em>‚</em></span> <span class='ocrx_word' id='word_1_41' title='bbox 1137 875 1323 960; x_wconf 92' lang='lat' dir='ltr'><strong>quod</strong></span> <span class='ocrx_word' id='word_1_42' title='bbox 1353 884 1457 939; x_wconf 88' lang='lat' dir='ltr'><strong>est</strong></span> <span class='ocrx_word' id='word_1_43' title='bbox 1487 876 1825 940; x_wconf 90' lang='lat' dir='ltr'><strong>asinorum</strong></span> <span class='ocrx_word' id='word_1_44' title='bbox 1843 921 1858 948; x_wconf 94' lang='lat'>,</span> <span class='ocrx_word' id='word_1_45' title='bbox 1880 873 2153 936; x_wconf 83' lang='lat' dir='ltr'><strong>Persius</strong></span> <span class='ocrx_word' id='word_1_46' title='bbox 2184 894 2341 957; x_wconf 91' lang='lat' dir='ltr'><strong>pro-</strong></span> 
     </span>
     <span class='ocr_line' id='line_1_6' title="bbox 116 972 2344 1059; baseline -0.003 -20"><span class='ocrx_word' id='word_1_47' title='bbox 116 975 303 1039; x_wconf 84' lang='lat' dir='ltr'><strong>duxit</strong></span> <span class='ocrx_word' id='word_1_48' title='bbox 339 976 531 1039; x_wconf 89' lang='lat' dir='ltr'><strong>solus</strong></span> <span class='ocrx_word' id='word_1_49' title='bbox 551 1023 567 1051; x_wconf 91' lang='lat'>‚</span> <span class='ocrx_word' id='word_1_50' title='bbox 599 974 804 1038; x_wconf 88' lang='lat' dir='ltr'><strong>ceteri</strong></span> <span class='ocrx_word' id='word_1_51' title='bbox 837 974 1209 1059; x_wconf 87' lang='lat' dir='ltr'><strong>corripiunt</strong></span> <span class='ocrx_word' id='word_1_52' title='bbox 1232 1025 1245 1038; x_wconf 91' lang='lat'><strong>.</strong></span> <span class='ocrx_word' id='word_1_53' title='bbox 1274 976 1371 1038; x_wconf 86' lang='lat' dir='ltr'><strong>ita</strong></span> <span class='ocrx_word' id='word_1_54' title='bbox 1398 977 1689 1039; x_wconf 77' lang='lat' dir='ltr'><strong>vacillare</strong></span> <span class='ocrx_word' id='word_1_55' title='bbox 1718 977 1921 1056; x_wconf 87' lang='lat' dir='ltr'><strong>saep‘e</strong></span> <span class='ocrx_word' id='word_1_56' title='bbox 1950 972 2164 1056; x_wconf 88' lang='lat' dir='ltr'><strong>prima</strong></span> <span class='ocrx_word' id='word_1_57' title='bbox 2194 992 2344 1034; x_wconf 87' lang='lat' dir='ltr'><strong>cor-</strong></span> 
     </span>
     <span class='ocr_line' id='line_1_7' title="bbox 84 1071 2344 1158; baseline -0.003 -21"><span class='ocrx_word' id='word_1_58' title='bbox 84 1112 87 1117; x_wconf 90' lang='lat'>·</span> <span class='ocrx_word' id='word_1_59' title='bbox 114 1081 308 1158; x_wconf 86' lang='lat' dir='ltr'><strong>repta</strong></span> <span class='ocrx_word' id='word_1_60' title='bbox 343 1073 738 1148; x_wconf 75' lang='lat' dir='ltr'><strong>Lucretius,</strong></span> <span class='ocrx_word' id='word_1_61' title='bbox 759 1072 938 1135; x_wconf 92' lang='lat' dir='ltr'><strong>idem</strong></span> <span class='ocrx_word' id='word_1_62' title='bbox 971 1073 1176 1136; x_wconf 90' lang='lat' dir='ltr'><strong>semel</strong></span> <span class='ocrx_word' id='word_1_63' title='bbox 1200 1072 1271 1137; x_wconf 90' lang='lat' dir='ltr'><strong>in</strong></span> <span class='ocrx_word' id='word_1_64' title='bbox 1303 1097 1410 1148; x_wconf 90' lang='lat'>111,</span> <span class='ocrx_word' id='word_1_65' title='bbox 1431 1074 1552 1138; x_wconf 84' lang='lat'><strong>504</strong></span> <span class='ocrx_word' id='word_1_66' title='bbox 1593 1075 1746 1137; x_wconf 80' lang='lat' dir='ltr'><strong>Tum</strong></span> <span class='ocrx_word' id='word_1_67' title='bbox 1775 1072 1953 1157; x_wconf 74' lang='lat' dir='ltr'><strong>quasi</strong></span> <span class='ocrx_word' id='word_1_68' title='bbox 1978 1071 2344 1134; x_wconf 75' lang='lat' dir='ltr'><strong>vaccillans:</strong></span> 
     </span>
     <span class='ocr_line' id='line_1_8' title="bbox 117 1168 2344 1256; baseline -0.002 -22"><span class='ocrx_word' id='word_1_69' title='bbox 117 1173 207 1234; x_wconf 87' lang='lat' dir='ltr'><strong>sic</strong></span> <span class='ocrx_word' id='word_1_70' title='bbox 232 1173 336 1237; x_wconf 92' lang='lat' dir='ltr'><strong>ibi</strong></span> <span class='ocrx_word' id='word_1_71' title='bbox 367 1172 795 1235; x_wconf 81' lang='lat' dir='ltr'>membranae</span> <span class='ocrx_word' id='word_1_72' title='bbox 813 1218 829 1245; x_wconf 95' lang='lat'>‚</span> <span class='ocrx_word' id='word_1_73' title='bbox 861 1177 929 1234; x_wconf 91' lang='lat' dir='ltr'><strong>et</strong></span> <span class='ocrx_word' id='word_1_74' title='bbox 959 1170 1142 1255; x_wconf 87' lang='lat' dir='ltr'><strong>apud</strong></span> <span class='ocrx_word' id='word_1_75' title='bbox 1169 1171 1460 1234; x_wconf 91' lang='lat' dir='ltr'><strong>Nonium</strong></span> <span class='ocrx_word' id='word_1_76' title='bbox 1491 1193 1556 1256; x_wconf 89' lang='lat' dir='ltr'><strong>p.</strong></span> <span class='ocrx_word' id='word_1_77' title='bbox 1580 1171 1688 1245; x_wconf 85' lang='lat'><strong>34,</strong></span> <span class='ocrx_word' id='word_1_78' title='bbox 1706 1170 1787 1233; x_wconf 85' lang='lat'><strong>23</strong></span> <span class='ocrx_word' id='word_1_79' title='bbox 1810 1168 1889 1231; x_wconf 85' lang='lat'><strong>27</strong></span> <span class='ocrx_word' id='word_1_80' title='bbox 1917 1169 2246 1232; x_wconf 78' lang='lat' dir='ltr'><strong>vaccillarc</strong></span> <span class='ocrx_word' id='word_1_81' title='bbox 2274 1176 2344 1230; x_wconf 90' lang='lat' dir='ltr'><strong>et</strong></span> 
     </span>
     <span class='ocr_line' id='line_1_9' title="bbox 115 1264 2354 1352; baseline -0.002 -20"><span class='ocrx_word' id='word_1_82' title='bbox 115 1272 475 1334; x_wconf 78' lang='lat' dir='ltr'><em>vaccillante</em></span> <span class='ocrx_word' id='word_1_83' title='bbox 503 1295 528 1351; x_wconf 82' lang='lat'><strong>,-</strong></span> <span class='ocrx_word' id='word_1_84' title='bbox 569 1268 752 1352; x_wconf 91' lang='lat' dir='ltr'><strong>quod</strong></span> <span class='ocrx_word' id='word_1_85' title='bbox 784 1269 841 1332; x_wconf 93' lang='lat' dir='ltr'><strong>si</strong></span> <span class='ocrx_word' id='word_1_86' title='bbox 870 1318 885 1345; x_wconf 91' lang='lat'>,</span> <span class='ocrx_word' id='word_1_87' title='bbox 920 1278 999 1334; x_wconf 91' lang='lat' dir='ltr'><strong>ut</strong></span> <span class='ocrx_word' id='word_1_88' title='bbox 1026 1267 1330 1345; x_wconf 90' lang='lat' dir='ltr'><strong>videtur,</strong></span> <span class='ocrx_word' id='word_1_89' title='bbox 1363 1291 1402 1333; x_wconf 89' lang='lat' dir='ltr'><strong>a</strong></span> <span class='ocrx_word' id='word_1_90' title='bbox 1429 1293 1619 1333; x_wconf 85' lang='lat' dir='ltr'><strong>vacca</strong></span> <span class='ocrx_word' id='word_1_91' title='bbox 1647 1268 1896 1332; x_wconf 89' lang='lat' dir='ltr'><strong>factum</strong></span> <span class='ocrx_word' id='word_1_92' title='bbox 1928 1273 2066 1342; x_wconf 91' lang='lat' dir='ltr'><strong>est,</strong></span> <span class='ocrx_word' id='word_1_93' title='bbox 2086 1266 2155 1328; x_wconf 93' lang='lat' dir='ltr'><strong>in</strong></span> <span class='ocrx_word' id='word_1_94' title='bbox 2174 1264 2354 1339; x_wconf 88' lang='lat' dir='ltr'><strong>hoc,-</strong></span> 
     </span>
     <span class='ocr_line' id='line_1_10' title="bbox 118 1365 2342 1452; baseline -0.002 -22"><span class='ocrx_word' id='word_1_95' title='bbox 118 1375 189 1431; x_wconf 89' lang='lat' dir='ltr'><strong>ut</strong></span> <span class='ocrx_word' id='word_1_96' title='bbox 212 1368 283 1431; x_wconf 89' lang='lat' dir='ltr'><strong>in</strong></span> <span class='ocrx_word' id='word_1_97' title='bbox 329 1368 550 1431; x_wconf 63' lang='lat' dir='ltr'><strong>Catillo</strong></span> <span class='ocrx_word' id='word_1_98' title='bbox 579 1368 720 1431; x_wconf 86' lang='lat' dir='ltr'><strong>sive</strong></span> <span class='ocrx_word' id='word_1_99' title='bbox 759 1368 994 1430; x_wconf 67' lang='lat' dir='ltr'><strong>catallo</strong></span> <span class='ocrx_word' id='word_1_100' title='bbox 1025 1373 1094 1431; x_wconf 89' lang='lat' dir='ltr'><strong>et</strong></span> <span class='ocrx_word' id='word_1_101' title='bbox 1131 1369 1322 1431; x_wconf 83' lang='lat' dir='ltr'><strong>Catilo</strong></span> <span class='ocrx_word' id='word_1_102' title='bbox 1351 1416 1369 1447; x_wconf 91' lang='lat'>,</span> <span class='ocrx_word' id='word_1_103' title='bbox 1401 1367 1562 1430; x_wconf 89' lang='lat' dir='ltr'><strong>item</strong></span> <span class='ocrx_word' id='word_1_104' title='bbox 1600 1367 1670 1430; x_wconf 91' lang='lat' dir='ltr'><strong>in</strong></span> <span class='ocrx_word' id='word_1_105' title='bbox 1712 1366 1895 1452; x_wconf 85' lang='lat' dir='ltr'><strong>osella</strong></span> <span class='ocrx_word' id='word_1_106' title='bbox 1937 1370 2006 1427; x_wconf 92' lang='lat' dir='ltr'><strong>et</strong></span> <span class='ocrx_word' id='word_1_107' title='bbox 2032 1365 2342 1442; x_wconf 82' lang='lat' dir='ltr'><strong>mamilla,</strong></span> 
     </span>
     <span class='ocr_line' id='line_1_11' title="bbox 121 1463 2349 1539; baseline -0.003 -9"><span class='ocrx_word' id='word_1_108' title='bbox 121 1472 579 1530; x_wconf 80' lang='lat' dir='ltr'><strong>consonantes</strong></span> <span class='ocrx_word' id='word_1_109' title='bbox 617 1466 881 1528; x_wconf 87' lang='lat' dir='ltr'><strong>variant</strong></span> <span class='ocrx_word' id='word_1_110' title='bbox 911 1513 927 1539; x_wconf 91' lang='lat'>‚</span> <span class='ocrx_word' id='word_1_111' title='bbox 966 1465 1039 1528; x_wconf 91' lang='lat' dir='ltr'><strong>in</strong></span> <span class='ocrx_word' id='word_1_112' title='bbox 1067 1466 1308 1539; x_wconf 88' lang='lat' dir='ltr'><strong>ceteris</strong></span> <span class='ocrx_word' id='word_1_113' title='bbox 1337 1466 1610 1529; x_wconf 87' lang='lat' dir='ltr'><strong>vocales</strong></span> <span class='ocrx_word' id='word_1_114' title='bbox 1643 1515 1655 1527; x_wconf 96' lang='lat'><strong>.</strong></span> <span class='ocrx_word' id='word_1_115' title='bbox 1699 1463 2001 1527; x_wconf 88' lang='lat' dir='ltr'><strong>similiter</strong></span> <span class='ocrx_word' id='word_1_116' title='bbox 2038 1463 2349 1526; x_wconf 77' lang='lat' dir='ltr'><strong>Tintinant</strong></span> 
     </span>
     <span class='ocr_line' id='line_1_12' title="bbox 123 1558 2354 1648; baseline -0.002 -23"><span class='ocrx_word' id='word_1_117' title='bbox 123 1587 296 1627; x_wconf 79' lang='lat' dir='ltr'><strong>aures</strong></span> <span class='ocrx_word' id='word_1_118' title='bbox 331 1561 637 1626; x_wconf 81' lang='lat' dir='ltr'><strong>Catullus</strong></span> <span class='ocrx_word' id='word_1_119' title='bbox 661 1609 676 1636; x_wconf 92' lang='lat'>,</span> <span class='ocrx_word' id='word_1_120' title='bbox 709 1563 1175 1626; x_wconf 74' lang='lat' dir='ltr'><strong>tintinnabulum</strong></span> <span class='ocrx_word' id='word_1_121' title='bbox 1206 1561 1291 1626; x_wconf 91' lang='lat' dir='ltr'><strong>de</strong></span> <span class='ocrx_word' id='word_1_122' title='bbox 1321 1562 1514 1648; x_wconf 85' lang='lat' dir='ltr'><strong>gallis</strong></span> <span class='ocrx_word' id='word_1_123' title='bbox 1546 1562 1805 1648; x_wconf 85' lang='lat' dir='ltr'><strong>agyrtis</strong></span> <span class='ocrx_word' id='word_1_124' title='bbox 1833 1559 2131 1623; x_wconf 81' lang='lat' dir='ltr'><strong>Lucilius</strong></span> <span class='ocrx_word' id='word_1_125' title='bbox 2161 1558 2354 1643; x_wconf 88' lang='lat' dir='ltr'><strong>apud·</strong></span> 
     </span>
     <span class='ocr_line' id='line_1_13' title="bbox 121 1656 2344 1743; baseline -0.003 -19"><span class='ocrx_word' id='word_1_126' title='bbox 121 1661 418 1724; x_wconf 87' lang='lat' dir='ltr'><strong>Nonium</strong></span> <span class='ocrx_word' id='word_1_127' title='bbox 438 1681 504 1743; x_wconf 90' lang='lat' dir='ltr'><strong>p.</strong></span> <span class='ocrx_word' id='word_1_128' title='bbox 522 1658 673 1734; x_wconf 87' lang='lat'>490,</span> <span class='ocrx_word' id='word_1_129' title='bbox 690 1658 772 1723; x_wconf 85' lang='lat'><strong>24</strong></span> <span class='ocrx_word' id='word_1_130' title='bbox 794 1667 862 1722; x_wconf 92' lang='lat' dir='ltr'><strong>et</strong></span> <span class='ocrx_word' id='word_1_131' title='bbox 883 1659 1215 1723; x_wconf 87' lang='lat' dir='ltr'><strong>Iuvenalis</strong></span> <span class='ocrx_word' id='word_1_132' title='bbox 1238 1661 1642 1724; x_wconf 66' lang='lat' dir='ltr'><strong>tintinnabula</strong></span> <span class='ocrx_word' id='word_1_133' title='bbox 1657 1709 1675 1739; x_wconf 87' lang='lat'>,</span> <span class='ocrx_word' id='word_1_134' title='bbox 1697 1661 1874 1723; x_wconf 64' lang='lat' dir='ltr'><strong>linire</strong></span> <span class='ocrx_word' id='word_1_135' title='bbox 1895 1656 2344 1721; x_wconf 77' lang='lat' dir='ltr'><strong>Terentianus</strong></span> 
     </span>
     <span class='ocr_line' id='line_1_14' title="bbox 123 1755 2343 1842; baseline -0.002 -21"><span class='ocrx_word' id='word_1_136' title='bbox 123 1758 402 1822; x_wconf 88' lang='lat' dir='ltr'><strong>Maurus</strong></span> <span class='ocrx_word' id='word_1_137' title='bbox 431 1756 553 1820; x_wconf 83' lang='grc'><strong>232</strong></span> <span class='ocrx_word' id='word_1_138' title='bbox 584 1805 599 1831; x_wconf 86' lang='grc'>,</span> <span class='ocrx_word' id='word_1_139' title='bbox 637 1757 842 1820; x_wconf 78' lang='lat' dir='ltr'><strong>ceteri</strong></span> <span class='ocrx_word' id='word_1_140' title='bbox 870 1759 1123 1837; x_wconf 80' lang='lat' dir='ltr'><strong>tinnire,</strong></span> <span class='ocrx_word' id='word_1_141' title='bbox 1149 1759 1462 1822; x_wconf 76' lang='lat' dir='ltr'><em>Porsenna</em></span> <span class='ocrx_word' id='word_1_142' title='bbox 1493 1756 1676 1842; x_wconf 89' lang='lat' dir='ltr'><strong>apud</strong></span> <span class='ocrx_word' id='word_1_143' title='bbox 1707 1755 2074 1841; x_wconf 85' lang='lat' dir='ltr'><strong>Vergilium</strong></span> <span class='ocrx_word' id='word_1_144' title='bbox 2103 1756 2343 1818; x_wconf 89' lang='lat' dir='ltr'><strong>Aenei-</strong></span> 
     </span>
    </p>
   </div>
   <div class='ocr_carea' id='block_1_3' title="bbox 126 1852 2453 1930">
    <p class='ocr_par' dir='ltr' id='par_1_3' title="bbox 126 1852 2453 1930">
     <span class='ocr_line' id='line_1_15' title="bbox 126 1852 2453 1930; baseline -0.001 -12"><span class='ocrx_word' id='word_1_145' title='bbox 126 1855 244 1920; x_wconf 86' lang='lat' dir='ltr'><strong>dos</strong></span> <span class='ocrx_word' id='word_1_146' title='bbox 286 1853 591 1929; x_wconf 86' lang='lat' dir='ltr'>v111‚646</span> <span class='ocrx_word' id='word_1_147' title='bbox 621 1902 638 1930; x_wconf 90' lang='lat'><strong><em>‚</em></strong></span> <span class='ocrx_word' id='word_1_148' title='bbox 676 1855 733 1916; x_wconf 90' lang='lat' dir='ltr'><strong>si</strong></span> <span class='ocrx_word' id='word_1_149' title='bbox 774 1854 1012 1921; x_wconf 85' lang='lat' dir='ltr'><strong>Servio</strong></span> <span class='ocrx_word' id='word_1_150' title='bbox 1065 1863 1132 1918; x_wconf 90' lang='lat' dir='ltr'><strong>et</strong></span> <span class='ocrx_word' id='word_1_151' title='bbox 1175 1855 1499 1919; x_wconf 79' lang='lat' dir='ltr'><strong>Mediceis</strong></span> <span class='ocrx_word' id='word_1_152' title='bbox 1545 1855 1946 1921; x_wconf 88' lang='lat' dir='ltr'><strong>membranis</strong></span> <span class='ocrx_word' id='word_1_153' title='bbox 1989 1852 2161 1916; x_wconf 91' lang='lat' dir='ltr'><strong>fides</strong></span> <span class='ocrx_word' id='word_1_154' title='bbox 2191 1860 2344 1927; x_wconf 86' lang='lat' dir='ltr'><strong>-est,</strong></span> <span class='ocrx_word' id='word_1_155' title='bbox 2445 1892 2453 1899; x_wconf 94' lang='lat'>-</span> 
     </span>
    </p>
   </div>
   <div class='ocr_carea' id='block_1_4' title="bbox 127 1951 2343 2037">
    <p class='ocr_par' dir='ltr' id='par_1_4' title="bbox 127 1951 2343 2037">
     <span class='ocr_line' id='line_1_16' title="bbox 127 1951 2343 2037; baseline -0.002 -20"><span class='ocrx_word' id='word_1_156' title='bbox 127 1955 233 2037; x_wconf 84' lang='lat' dir='ltr'><strong>qui</strong></span> <span class='ocrx_word' id='word_1_157' title='bbox 259 1951 484 2016; x_wconf 91' lang='lat' dir='ltr'><strong>media</strong></span> <span class='ocrx_word' id='word_1_158' title='bbox 512 1952 703 2015; x_wconf 90' lang='lat' dir='ltr'><strong>brevi</strong></span> <span class='ocrx_word' id='word_1_159' title='bbox 735 1952 1007 2015; x_wconf 78' lang='lat' dir='ltr'><strong>Porsena</strong></span> <span class='ocrx_word' id='word_1_160' title='bbox 1028 1952 1313 2017; x_wconf 90' lang='lat' dir='ltr'><strong>Horatio</strong></span> <span class='ocrx_word' id='word_1_161' title='bbox 1341 1953 1504 2017; x_wconf 86' lang='lat' dir='ltr'><strong>Silio</strong></span> <span class='ocrx_word' id='word_1_162' title='bbox 1534 1952 1864 2017; x_wconf 89' lang='lat' dir='ltr'><strong>Martiali.</strong></span> <span class='ocrx_word' id='word_1_163' title='bbox 1886 1951 2156 2014; x_wconf 90' lang='lat' dir='ltr'><strong>nomina</strong></span> <span class='ocrx_word' id='word_1_164' title='bbox 2184 1972 2343 2034; x_wconf 91' lang='lat' dir='ltr'><strong>pro-</strong></span> 
     </span>
    </p>
   </div>
   <div class='ocr_carea' id='block_1_5' title="bbox 125 2044 2454 2136">
    <p class='ocr_par' dir='ltr' id='par_1_5' title="bbox 125 2044 2454 2136">
     <span class='ocr_line' id='line_1_17' title="bbox 125 2044 2454 2136; baseline -0.003 -21"><span class='ocrx_word' id='word_1_165' title='bbox 125 2053 269 2135; x_wconf 85' lang='lat' dir='ltr'><strong>pria</strong></span> <span class='ocrx_word' id='word_1_166' title='bbox 296 2051 599 2113; x_wconf 89' lang='lat' dir='ltr'><strong>locorum</strong></span> <span class='ocrx_word' id='word_1_167' title='bbox 629 2070 768 2113; x_wconf 91' lang='lat' dir='ltr'><strong>non</strong></span> <span class='ocrx_word' id='word_1_168' title='bbox 798 2050 1117 2136; x_wconf 86' lang='lat' dir='ltr'><strong>attingam</strong></span> <span class='ocrx_word' id='word_1_169' title='bbox 1149 2100 1164 2125; x_wconf 89' lang='lat'>‚</span> <span class='ocrx_word' id='word_1_170' title='bbox 1196 2051 1265 2114; x_wconf 91' lang='lat' dir='ltr'><strong>in</strong></span> <span class='ocrx_word' id='word_1_171' title='bbox 1309 2072 1480 2135; x_wconf 92' lang='lat' dir='ltr'><strong>quae</strong></span> <span class='ocrx_word' id='word_1_172' title='bbox 1528 2058 1849 2135; x_wconf 90' lang='lat' dir='ltr'><strong>quantum</strong></span> <span class='ocrx_word' id='word_1_173' title='bbox 1878 2048 2059 2133; x_wconf 85' lang='lat' dir='ltr'><strong>vulgi</strong></span> <span class='ocrx_word' id='word_1_174' title='bbox 2087 2048 2342 2110; x_wconf 89' lang='lat' dir='ltr'><strong>mobili·</strong></span> <span class='ocrx_word' id='word_1_175' title='bbox 2451 2044 2454 2047; x_wconf 67' lang='grc'>’</span> 
     </span>
    </p>
   </div>
   <div class='ocr_carea' id='block_1_6' title="bbox 96 2144 2418 4488">
    <p class='ocr_par' dir='ltr' id='par_1_6' title="bbox 96 2144 2418 4488">
     <span class='ocr_line' id='line_1_18' title="bbox 127 2144 2343 2234; baseline -0.002 -22"><span class='ocrx_word' id='word_1_176' title='bbox 127 2150 251 2212; x_wconf 88' lang='lat' dir='ltr'><strong>tati</strong></span> <span class='ocrx_word' id='word_1_177' title='bbox 273 2148 534 2213; x_wconf 83' lang='lat' dir='ltr'><strong>licuerit</strong></span> <span class='ocrx_word' id='word_1_178' title='bbox 561 2157 756 2211; x_wconf 82' lang='lat' dir='ltr'><strong>ne&#39;mo</strong></span> <span class='ocrx_word' id='word_1_179' title='bbox 785 2148 1089 2234; x_wconf 85' lang='lat' dir='ltr'><strong>ignorat.</strong></span> <span class='ocrx_word' id='word_1_180' title='bbox 1122 2149 1254 2211; x_wconf 89' lang='lat' dir='ltr'><strong>hoc</strong></span> <span class='ocrx_word' id='word_1_181' title='bbox 1282 2156 1542 2213; x_wconf 89' lang='lat' dir='ltr'><strong>tantum</strong></span> <span class='ocrx_word' id='word_1_182' title='bbox 1575 2148 1726 2211; x_wconf 79' lang='lat' dir='ltr'><strong>dico</strong></span> <span class='ocrx_word' id='word_1_183' title='bbox 1748 2196 1763 2222; x_wconf 94' lang='lat'>,</span> <span class='ocrx_word' id='word_1_184' title='bbox 1783 2147 1853 2208; x_wconf 89' lang='lat' dir='ltr'><strong>in</strong></span> <span class='ocrx_word' id='word_1_185' title='bbox 1881 2147 2030 2230; x_wconf 91' lang='lat' dir='ltr'><strong>ipsa</strong></span> <span class='ocrx_word' id='word_1_186' title='bbox 2058 2146 2225 2207; x_wconf 89' lang='lat' dir='ltr'><strong>urbe</strong></span> <span class='ocrx_word' id='word_1_187' title='bbox 2257 2144 2343 2208; x_wconf 91' lang='lat' dir='ltr'><strong>de</strong></span> 
     </span>
     <span class='ocr_line' id='line_1_19' title="bbox 127 2241 2343 2333; baseline -0.001 -27"><span class='ocrx_word' id='word_1_188' title='bbox 127 2244 293 2308; x_wconf 91' lang='lat' dir='ltr'><strong>locis</strong></span> <span class='ocrx_word' id='word_1_189' title='bbox 335 2245 761 2310; x_wconf 83' lang='lat' dir='ltr'><strong>nobilissimis</strong></span> <span class='ocrx_word' id='word_1_190' title='bbox 806 2245 1181 2333; x_wconf 81' lang='lat' dir='ltr'><strong>dubitatum</strong></span> <span class='ocrx_word' id='word_1_191' title='bbox 1230 2267 1380 2309; x_wconf 90' lang='lat' dir='ltr'><strong>esse</strong></span> <span class='ocrx_word' id='word_1_192' title='bbox 1418 2296 1431 2309; x_wconf 91' lang='lat'><strong>.</strong></span> <span class='ocrx_word' id='word_1_193' title='bbox 1484 2245 1779 2309; x_wconf 82' lang='lat' dir='ltr'><strong>Lucilius</strong></span> <span class='ocrx_word' id='word_1_194' title='bbox 1826 2242 2009 2328; x_wconf 88' lang='lat' dir='ltr'><strong>apud</strong></span> <span class='ocrx_word' id='word_1_195' title='bbox 2053 2241 2343 2304; x_wconf 90' lang='lat' dir='ltr'><strong>Nonium</strong></span> 
     </span>
     <span class='ocr_line' id='line_1_20' title="bbox 128 2340 2342 2430; baseline -0.002 -25"><span class='ocrx_word' id='word_1_196' title='bbox 128 2365 190 2427; x_wconf 90' lang='lat' dir='ltr'><strong>p.</strong></span> <span class='ocrx_word' id='word_1_197' title='bbox 219 2342 370 2418; x_wconf 83' lang='lat'>462,</span> <span class='ocrx_word' id='word_1_198' title='bbox 387 2342 469 2408; x_wconf 83' lang='grc'><strong>28</strong></span> <span class='ocrx_word' id='word_1_199' title='bbox 520 2344 732 2408; x_wconf 82' lang='lat' dir='ltr'><strong>Calvu’</strong></span> <span class='ocrx_word' id='word_1_200' title='bbox 762 2345 1065 2408; x_wconf 72' lang='lat' dir='ltr'><strong>,Palatina</strong></span> <span class='ocrx_word' id='word_1_201' title='bbox 1103 2345 1354 2430; x_wconf 78' lang='lat' dir='ltr'><strong>quidam</strong></span> <span class='ocrx_word' id='word_1_202' title='bbox 1379 2393 1398 2424; x_wconf 82' lang='grc'>,</span> <span class='ocrx_word' id='word_1_203' title='bbox 1433 2347 1529 2408; x_wconf 81' lang='lat' dir='ltr'><strong>vir</strong></span> <span class='ocrx_word' id='word_1_204' title='bbox 1569 2368 1690 2407; x_wconf 90' lang='lat' dir='ltr'><strong>non</strong></span> <span class='ocrx_word' id='word_1_205' title='bbox 1732 2343 1922 2427; x_wconf 85' lang='lat' dir='ltr'><strong>(libri</strong></span> <span class='ocrx_word' id='word_1_206' title='bbox 1957 2343 2052 2405; x_wconf 76' lang='lat' dir='ltr'><strong>vir</strong></span> <span class='ocrx_word' id='word_1_207' title='bbox 2088 2340 2342 2424; x_wconf 69' lang='lat' dir='ltr'><strong>nobilis)</strong></span> 
     </span>
     <span class='ocr_line' id='line_1_21' title="bbox 130 2436 2342 2530; baseline -0.002 -26"><span class='ocrx_word' id='word_1_208' title='bbox 130 2443 305 2507; x_wconf 79' lang='lat' dir='ltr'><strong>bonn&#39;</strong></span> <span class='ocrx_word' id='word_1_209' title='bbox 334 2443 485 2507; x_wconf 83' lang='lat' dir='ltr'><strong>bello</strong></span> <span class='ocrx_word' id='word_1_210' title='bbox 510 2489 528 2521; x_wconf 83' lang='lat'>,</span> <span class='ocrx_word' id='word_1_211' title='bbox 558 2463 778 2527; x_wconf 92' lang='lat' dir='ltr'><strong>neque</strong></span> <span class='ocrx_word' id='word_1_212' title='bbox 809 2442 1000 2504; x_wconf 91' lang='lat' dir='ltr'><strong>aliter</strong></span> <span class='ocrx_word' id='word_1_213' title='bbox 1029 2464 1312 2529; x_wconf 87' lang='lat' dir='ltr'><strong>usquam</strong></span> <span class='ocrx_word' id='word_1_214' title='bbox 1342 2441 1715 2530; x_wconf 78' lang='lat' dir='ltr'><strong>VergiliUS‚</strong></span> <span class='ocrx_word' id='word_1_215' title='bbox 1738 2440 2091 2515; x_wconf 81' lang='lat' dir='ltr'><strong>HoratiuS,</strong></span> <span class='ocrx_word' id='word_1_216' title='bbox 2109 2436 2342 2501; x_wconf 88' lang='lat' dir='ltr'><strong>Tibul·</strong></span> 
     </span>
     <span class='ocr_line' id='line_1_22' title="bbox 132 2536 2418 2626; baseline -0.002 -23"><span class='ocrx_word' id='word_1_217' title='bbox 132 2540 230 2606; x_wconf 91' lang='lat' dir='ltr'><strong>lus</strong></span> <span class='ocrx_word' id='word_1_218' title='bbox 256 2594 270 2620; x_wconf 91' lang='lat'>,</span> <span class='ocrx_word' id='word_1_219' title='bbox 308 2541 737 2624; x_wconf 83' lang='lat' dir='ltr'><strong>PropertiuS,</strong></span> <span class='ocrx_word' id='word_1_220' title='bbox 762 2538 1048 2605; x_wconf 88' lang='lat' dir='ltr'><strong>Ovidius</strong></span> <span class='ocrx_word' id='word_1_221' title='bbox 1067 2590 1082 2617; x_wconf 92' lang='lat'>,</span> <span class='ocrx_word' id='word_1_222' title='bbox 1105 2541 1419 2606; x_wconf 90' lang='lat' dir='ltr'><strong>Lucanus</strong></span> <span class='ocrx_word' id='word_1_223' title='bbox 1439 2541 1881 2626; x_wconf 79' lang='lat' dir='ltr'><strong>,Calpurnius</strong></span> <span class='ocrx_word' id='word_1_224' title='bbox 1905 2589 1921 2616; x_wconf 91' lang='lat'>,</span> <span class='ocrx_word' id='word_1_225' title='bbox 1950 2536 2343 2602; x_wconf 86' lang='lat' dir='ltr'><strong>Petronius:</strong></span> <span class='ocrx_word' id='word_1_226' title='bbox 2405 2601 2418 2609; x_wconf 67' lang='lat'>,</span> 
     </span>
     <span class='ocr_line' id='line_1_23' title="bbox 134 2634 2342 2726; baseline -0.004 -22"><span class='ocrx_word' id='word_1_227' title='bbox 134 2639 306 2719; x_wconf 84' lang='lat' dir='ltr'><strong>Quid</strong></span> <span class='ocrx_word' id='word_1_228' title='bbox 326 2641 555 2726; x_wconf 88' lang='lat' dir='ltr'><strong>placet</strong></span> <span class='ocrx_word' id='word_1_229' title='bbox 577 2647 693 2703; x_wconf 91' lang='lat' dir='ltr'><strong>aut</strong></span> <span class='ocrx_word' id='word_1_230' title='bbox 715 2639 872 2703; x_wconf 91' lang='lat' dir='ltr'><strong>odio</strong></span> <span class='ocrx_word' id='word_1_231' title='bbox 899 2648 1003 2705; x_wconf 91' lang='lat' dir='ltr'><strong>est</strong></span> <span class='ocrx_word' id='word_1_232' title='bbox 1033 2688 1048 2716; x_wconf 89' lang='lat'>,</span> <span class='ocrx_word' id='word_1_233' title='bbox 1087 2640 1272 2726; x_wconf 91' lang='lat' dir='ltr'><strong>quod</strong></span> <span class='ocrx_word' id='word_1_234' title='bbox 1303 2663 1440 2705; x_wconf 87' lang='lat' dir='ltr'><strong>non</strong></span> <span class='ocrx_word' id='word_1_235' title='bbox 1460 2640 1779 2706; x_wconf 87' lang='lat' dir='ltr'><strong>mutabile</strong></span> <span class='ocrx_word' id='word_1_236' title='bbox 1810 2636 2048 2701; x_wconf 90' lang='lat' dir='ltr'><strong>credas</strong></span> <span class='ocrx_word' id='word_1_237' title='bbox 2066 2636 2096 2698; x_wconf 73' lang='grc' dir='ltr'><strong>Ξ)</strong></span> <span class='ocrx_word' id='word_1_238' title='bbox 2118 2634 2342 2697; x_wconf 88' lang='lat' dir='ltr'><strong>Muta-</strong></span> 
     </span>
     <span class='ocr_line' id='line_1_24' title="bbox 96 2734 2343 2824; baseline -0.003 -22"><span class='ocrx_word' id='word_1_239' title='bbox 96 2819 99 2824; x_wconf 15' lang='lat'>&lt;</span> <span class='ocrx_word' id='word_1_240' title='bbox 132 2740 225 2802; x_wconf 90' lang='lat' dir='ltr'><strong>vit</strong></span> <span class='ocrx_word' id='word_1_241' title='bbox 251 2747 539 2803; x_wconf 90' lang='lat' dir='ltr'><strong>mentem</strong></span> <span class='ocrx_word' id='word_1_242' title='bbox 561 2739 853 2822; x_wconf 89' lang='lat' dir='ltr'><strong>populus</strong></span> <span class='ocrx_word' id='word_1_243' title='bbox 874 2739 1041 2803; x_wconf 88' lang='lat' dir='ltr'><strong>levis</strong></span> <span class='ocrx_word' id='word_1_244' title='bbox 1058 2788 1074 2816; x_wconf 91' lang='lat'>‚</span> <span class='ocrx_word' id='word_1_245' title='bbox 1099 2747 1167 2803; x_wconf 92' lang='lat' dir='ltr'><strong>et</strong></span> <span class='ocrx_word' id='word_1_246' title='bbox 1190 2739 1507 2804; x_wconf 88' lang='lat' dir='ltr'><strong>dixerunt</strong></span> <span class='ocrx_word' id='word_1_247' title='bbox 1528 2739 1777 2803; x_wconf 76' lang='lat' dir='ltr'><strong>Palatia</strong></span> <span class='ocrx_word' id='word_1_248' title='bbox 1798 2734 2000 2799; x_wconf 92' lang='lat' dir='ltr'><strong>modo</strong></span> <span class='ocrx_word' id='word_1_249' title='bbox 2033 2739 2343 2817; x_wconf 89' lang='lat' dir='ltr'><strong>correpte</strong></span> 
     </span>
     <span class='ocr_line' id='line_1_25' title="bbox 132 2832 2356 2921; baseline -0.003 -22"><span class='ocrx_word' id='word_1_250' title='bbox 132 2835 326 2899; x_wconf 90' lang='lat' dir='ltr'><strong>modo</strong></span> <span class='ocrx_word' id='word_1_251' title='bbox 354 2834 693 2921; x_wconf 89' lang='lat' dir='ltr'><strong>producte</strong></span> <span class='ocrx_word' id='word_1_252' title='bbox 724 2835 982 2900; x_wconf 88' lang='lat' dir='ltr'><strong>Statius</strong></span> <span class='ocrx_word' id='word_1_253' title='bbox 1013 2885 1028 2912; x_wconf 94' lang='lat'>,</span> <span class='ocrx_word' id='word_1_254' title='bbox 1065 2836 1266 2902; x_wconf 88' lang='lat' dir='ltr'><strong>Silius</strong></span> <span class='ocrx_word' id='word_1_255' title='bbox 1298 2885 1314 2912; x_wconf 94' lang='lat'>‚</span> <span class='ocrx_word' id='word_1_256' title='bbox 1348 2835 1679 2900; x_wconf 89' lang='lat' dir='ltr'><strong>Martialis</strong></span> <span class='ocrx_word' id='word_1_257' title='bbox 1698 2883 1713 2910; x_wconf 94' lang='lat'>,</span> <span class='ocrx_word' id='word_1_258' title='bbox 1735 2832 2107 2898; x_wconf 83' lang='lat' dir='ltr'><strong>Iuvenalis.</strong></span> <span class='ocrx_word' id='word_1_259' title='bbox 2140 2839 2356 2915; x_wconf 51' lang='lat' dir='ltr'><strong>atque¹</strong></span> 
     </span>
     <span class='ocr_line' id='line_1_26' title="bbox 138 2929 2342 3012; baseline -0.004 -14"><span class='ocrx_word' id='word_1_260' title='bbox 138 2934 358 2998; x_wconf 89' lang='lat' dir='ltr'><strong>eadem</strong></span> <span class='ocrx_word' id='word_1_261' title='bbox 399 2934 683 2998; x_wconf 90' lang='lat' dir='ltr'><strong>mutatio</strong></span> <span class='ocrx_word' id='word_1_262' title='bbox 728 2933 912 2998; x_wconf 76' lang='lat' dir='ltr'><strong>facta</strong></span> <span class='ocrx_word' id='word_1_263' title='bbox 954 2940 1060 2998; x_wconf 91' lang='lat' dir='ltr'><strong>est</strong></span> <span class='ocrx_word' id='word_1_264' title='bbox 1100 2935 1167 2998; x_wconf 92' lang='lat' dir='ltr'><strong>in</strong></span> <span class='ocrx_word' id='word_1_265' title='bbox 1206 2942 1433 2998; x_wconf 92' lang='lat' dir='ltr'><strong>monte</strong></span> <span class='ocrx_word' id='word_1_266' title='bbox 1478 2935 1772 2998; x_wconf 79' lang='lat' dir='ltr'><strong>Vaticano</strong></span> <span class='ocrx_word' id='word_1_267' title='bbox 1793 2981 1811 3012; x_wconf 88' lang='lat'>,</span> <span class='ocrx_word' id='word_1_268' title='bbox 1841 2932 2029 2996; x_wconf 91' lang='lat' dir='ltr'><strong>cuius</strong></span> <span class='ocrx_word' id='word_1_269' title='bbox 2057 2929 2342 2994; x_wconf 83' lang='lat' dir='ltr'><strong>nominis</strong></span> 
     </span>
     <span class='ocr_line' id='line_1_27' title="bbox 138 3027 2345 3117; baseline -0.003 -22"><span class='ocrx_word' id='word_1_270' title='bbox 138 3032 492 3096; x_wconf 90' lang='lat' dir='ltr'><strong>secundam</strong></span> <span class='ocrx_word' id='word_1_271' title='bbox 523 3031 849 3117; x_wconf 86' lang='lat' dir='ltr'><strong>syllabam</strong></span> <span class='ocrx_word' id='word_1_272' title='bbox 872 3031 1197 3096; x_wconf 89' lang='lat' dir='ltr'><strong>Horatius</strong></span> <span class='ocrx_word' id='word_1_273' title='bbox 1224 3032 1549 3116; x_wconf 89' lang='lat' dir='ltr'><strong>corripuit</strong></span> <span class='ocrx_word' id='word_1_274' title='bbox 1574 3080 1589 3107; x_wconf 91' lang='lat'>,</span> <span class='ocrx_word' id='word_1_275' title='bbox 1616 3052 1754 3094; x_wconf 92' lang='lat' dir='ltr'><strong>non</strong></span> <span class='ocrx_word' id='word_1_276' title='bbox 1779 3080 1793 3106; x_wconf 91' lang='lat'><strong>‚</strong></span> <span class='ocrx_word' id='word_1_277' title='bbox 1819 3038 1897 3094; x_wconf 91' lang='lat' dir='ltr'><strong>ut</strong></span> <span class='ocrx_word' id='word_1_278' title='bbox 1923 3031 2151 3114; x_wconf 88' lang='lat' dir='ltr'><strong>inepte</strong></span> <span class='ocrx_word' id='word_1_279' title='bbox 2181 3027 2345 3090; x_wconf 90' lang='lat' dir='ltr'><strong>dicit</strong></span> 
     </span>
     <span class='ocr_line' id='line_1_28' title="bbox 141 3125 2343 3215; baseline -0.004 -22"><span class='ocrx_word' id='word_1_280' title='bbox 141 3129 414 3193; x_wconf 90' lang='lat' dir='ltr'><strong>Orellius</strong></span> <span class='ocrx_word' id='word_1_281' title='bbox 437 3177 453 3204; x_wconf 88' lang='lat'>,</span> <span class='ocrx_word' id='word_1_282' title='bbox 486 3129 673 3214; x_wconf 91' lang='lat' dir='ltr'><strong>quod</strong></span> <span class='ocrx_word' id='word_1_283' title='bbox 711 3128 784 3192; x_wconf 89' lang='lat' dir='ltr'><strong>id</strong></span> <span class='ocrx_word' id='word_1_284' title='bbox 824 3150 865 3192; x_wconf 89' lang='lat' dir='ltr'><strong>a</strong></span> <span class='ocrx_word' id='word_1_285' title='bbox 903 3131 1200 3194; x_wconf 73' lang='lat' dir='ltr'><strong>vaticiniis</strong></span> <span class='ocrx_word' id='word_1_286' title='bbox 1241 3136 1583 3215; x_wconf 90' lang='lat' dir='ltr'><strong>repeteret</strong></span> <span class='ocrx_word' id='word_1_287' title='bbox 1604 3176 1620 3204; x_wconf 95' lang='lat'>,</span> <span class='ocrx_word' id='word_1_288' title='bbox 1652 3130 1779 3192; x_wconf 92' lang='lat' dir='ltr'><strong>sed</strong></span> <span class='ocrx_word' id='word_1_289' title='bbox 1818 3129 1973 3213; x_wconf 90' lang='lat' dir='ltr'><strong>quia</strong></span> <span class='ocrx_word' id='word_1_290' title='bbox 2013 3126 2215 3209; x_wconf 84' lang='lat' dir='ltr'><strong>vulgo</strong></span> <span class='ocrx_word' id='word_1_291' title='bbox 2245 3125 2343 3186; x_wconf 91' lang='lat' dir='ltr'><strong>ita</strong></span> 
     </span>
     <span class='ocr_line' id='line_1_29' title="bbox 142 3224 2340 3311; baseline -0.003 -21"><span class='ocrx_word' id='word_1_292' title='bbox 142 3227 474 3293; x_wconf 84' lang='lat' dir='ltr'><strong>dicebant:</strong></span> <span class='ocrx_word' id='word_1_293' title='bbox 497 3235 741 3311; x_wconf 89' lang='lat' dir='ltr'><strong>postea</strong></span> <span class='ocrx_word' id='word_1_294' title='bbox 761 3227 1092 3292; x_wconf 87' lang='lat' dir='ltr'><strong>Martialis</strong></span> <span class='ocrx_word' id='word_1_295' title='bbox 1118 3236 1185 3292; x_wconf 90' lang='lat' dir='ltr'><strong>et</strong></span> <span class='ocrx_word' id='word_1_296' title='bbox 1205 3228 1542 3292; x_wconf 87' lang='lat' dir='ltr'><strong>Iuvenalis</strong></span> <span class='ocrx_word' id='word_1_297' title='bbox 1565 3226 1844 3291; x_wconf 88' lang='lat' dir='ltr'><strong>eandem</strong></span> <span class='ocrx_word' id='word_1_298' title='bbox 1870 3224 2196 3310; x_wconf 89' lang='lat' dir='ltr'><strong>syllabam</strong></span> <span class='ocrx_word' id='word_1_299' title='bbox 2228 3244 2340 3284; x_wconf 85' lang='lat' dir='ltr'><strong>ex-</strong></span> 
     </span>
     <span class='ocr_line' id='line_1_30' title="bbox 142 3322 2344 3411; baseline -0.002 -24"><span class='ocrx_word' id='word_1_300' title='bbox 142 3326 488 3390; x_wconf 89' lang='lat' dir='ltr'><strong>tenderunt</strong></span> <span class='ocrx_word' id='word_1_301' title='bbox 511 3375 524 3388; x_wconf 91' lang='lat'><strong>.</strong></span> <span class='ocrx_word' id='word_1_302' title='bbox 556 3326 680 3388; x_wconf 87' lang='lat' dir='ltr'><strong>sed</strong></span> <span class='ocrx_word' id='word_1_303' title='bbox 710 3324 797 3388; x_wconf 92' lang='lat' dir='ltr'><strong>de</strong></span> <span class='ocrx_word' id='word_1_304' title='bbox 825 3327 1060 3410; x_wconf 77' lang='lat' dir='ltr'><strong>Apulia</strong></span> <span class='ocrx_word' id='word_1_305' title='bbox 1090 3333 1158 3389; x_wconf 91' lang='lat' dir='ltr'><strong>et</strong></span> <span class='ocrx_word' id='word_1_306' title='bbox 1186 3328 1409 3411; x_wconf 76' lang='lat' dir='ltr'><strong>Apulis</strong></span> <span class='ocrx_word' id='word_1_307' title='bbox 1438 3346 1798 3409; x_wconf 89' lang='lat' dir='ltr'><strong>numquam</strong></span> <span class='ocrx_word' id='word_1_308' title='bbox 1829 3322 2207 3387; x_wconf 86' lang='lat' dir='ltr'><strong>dubitatum</strong></span> <span class='ocrx_word' id='word_1_309' title='bbox 2239 3327 2344 3383; x_wconf 88' lang='lat' dir='ltr'><strong>est</strong></span> 
     </span>
     <span class='ocr_line' id='line_1_31' title="bbox 145 3417 2342 3509; baseline -0.005 -17"><span class='ocrx_word' id='word_1_310' title='bbox 145 3426 285 3507; x_wconf 81' lang='lat' dir='ltr'><strong>quin</strong></span> <span class='ocrx_word' id='word_1_311' title='bbox 309 3425 528 3509; x_wconf 88' lang='lat' dir='ltr'><strong>prima</strong></span> <span class='ocrx_word' id='word_1_312' title='bbox 557 3423 822 3509; x_wconf 85' lang='lat' dir='ltr'><strong>syllaba</strong></span> <span class='ocrx_word' id='word_1_313' title='bbox 849 3423 1293 3508; x_wconf 91' lang='lat' dir='ltr'><strong>producenda</strong></span> <span class='ocrx_word' id='word_1_314' title='bbox 1324 3432 1506 3488; x_wconf 90' lang='lat' dir='ltr'><strong>esset</strong></span> <span class='ocrx_word' id='word_1_315' title='bbox 1528 3471 1543 3497; x_wconf 97' lang='lat'>,</span> <span class='ocrx_word' id='word_1_316' title='bbox 1574 3425 1804 3506; x_wconf 88' lang='lat' dir='ltr'><strong>itaque</strong></span> <span class='ocrx_word' id='word_1_317' title='bbox 1831 3421 2127 3485; x_wconf 90' lang='lat' dir='ltr'><strong>Lucilius</strong></span> <span class='ocrx_word' id='word_1_318' title='bbox 2160 3417 2342 3503; x_wconf 89' lang='lat' dir='ltr'><strong>apud</strong></span> 
     </span>
     <span class='ocr_line' id='line_1_32' title="bbox 143 3518 2338 3605; baseline -0.002 -22"><span class='ocrx_word' id='word_1_319' title='bbox 143 3520 394 3586; x_wconf 77' lang='lat' dir='ltr'><strong>Festum</strong></span> <span class='ocrx_word' id='word_1_320' title='bbox 436 3544 502 3605; x_wconf 91' lang='lat' dir='ltr'><strong>p.</strong></span> <span class='ocrx_word' id='word_1_321' title='bbox 526 3520 678 3596; x_wconf 87' lang='lat'>313,</span> <span class='ocrx_word' id='word_1_322' title='bbox 706 3521 776 3584; x_wconf 91' lang='lat' dir='ltr'><strong>ll</strong></span> <span class='ocrx_word' id='word_1_323' title='bbox 824 3522 894 3584; x_wconf 91' lang='lat' dir='ltr'><strong>in</strong></span> <span class='ocrx_word' id='word_1_324' title='bbox 934 3522 1326 3603; x_wconf 80' lang='lat' dir='ltr'><strong>hexametro</strong></span> <span class='ocrx_word' id='word_1_325' title='bbox 1357 3522 1669 3605; x_wconf 75' lang='lat' dir='ltr'><strong>Apuliden</strong></span> <span class='ocrx_word' id='word_1_326' title='bbox 1697 3520 1957 3605; x_wconf 75' lang='lat' dir='ltr'><strong>pedibus</strong></span> <span class='ocrx_word' id='word_1_327' title='bbox 1997 3518 2338 3581; x_wconf 75' lang='lat' dir='ltr'><strong>stlembum.</strong></span> 
     </span>
     <span class='ocr_line' id='line_1_33' title="bbox 147 3613 2354 3703; baseline -0.005 -19"><span class='ocrx_word' id='word_1_328' title='bbox 147 3640 329 3703; x_wconf 86' lang='lat' dir='ltr'><strong>quare</strong></span> <span class='ocrx_word' id='word_1_329' title='bbox 368 3619 646 3684; x_wconf 90' lang='lat' dir='ltr'><strong>indocte</strong></span> <span class='ocrx_word' id='word_1_330' title='bbox 690 3626 1068 3702; x_wconf 85' lang='lat' dir='ltr'><strong>provocant</strong></span> <span class='ocrx_word' id='word_1_331' title='bbox 1098 3618 1186 3681; x_wconf 89' lang='lat' dir='ltr'><strong>ad</strong></span> <span class='ocrx_word' id='word_1_332' title='bbox 1217 3618 1716 3702; x_wconf 87' lang='lat' dir='ltr'><strong>ambiguitatem</strong></span> <span class='ocrx_word' id='word_1_333' title='bbox 1759 3616 2186 3700; x_wconf 91' lang='lat' dir='ltr'><strong>propriorum</strong></span> <span class='ocrx_word' id='word_1_334' title='bbox 2228 3613 2354 3697; x_wconf 92' lang='lat' dir='ltr'><strong>qui-</strong></span> 
     </span>
     <span class='ocr_line' id='line_1_34' title="bbox 145 3711 2339 3792; baseline -0.002 -14"><span class='ocrx_word' id='word_1_335' title='bbox 145 3718 203 3779; x_wconf 92' lang='lat' dir='ltr'><strong>in</strong></span> <span class='ocrx_word' id='word_1_336' title='bbox 226 3718 485 3783; x_wconf 87' lang='lat' dir='ltr'><strong>Horatii</strong></span> <span class='ocrx_word' id='word_1_337' title='bbox 517 3717 877 3780; x_wconf 89' lang='lat' dir='ltr'><strong>carminum</strong></span> <span class='ocrx_word' id='word_1_338' title='bbox 906 3740 1013 3792; x_wconf 90' lang='lat'>111,</span> <span class='ocrx_word' id='word_1_339' title='bbox 1031 3718 1072 3780; x_wconf 92' lang='lat'>4</span> <span class='ocrx_word' id='word_1_340' title='bbox 1113 3722 1390 3780; x_wconf 91' lang='lat' dir='ltr'><strong>tuentur</strong></span> <span class='ocrx_word' id='word_1_341' title='bbox 1428 3737 1694 3786; x_wconf 80' lang='lat' dir='ltr'><strong>versum</strong></span> <span class='ocrx_word' id='word_1_342' title='bbox 1722 3712 2108 3778; x_wconf 89' lang='lat' dir='ltr'><strong>foedissime</strong></span> <span class='ocrx_word' id='word_1_343' title='bbox 2134 3711 2339 3774; x_wconf 65' lang='lat' dir='ltr'><strong>inter-‘-</strong></span> 
     </span>
     <span class='ocr_line' id='line_1_35' title="bbox 145 3815 2340 3899; baseline -0.002 -22"><span class='ocrx_word' id='word_1_344' title='bbox 145 3815 422 3897; x_wconf 89' lang='lat' dir='ltr'><strong>polatum</strong></span> <span class='ocrx_word' id='word_1_345' title='bbox 450 3816 636 3879; x_wconf 91' lang='lat' dir='ltr'><strong>hunc</strong></span> <span class='ocrx_word' id='word_1_346' title='bbox 658 3862 674 3890; x_wconf 95' lang='lat'>,</span> <span class='ocrx_word' id='word_1_347' title='bbox 708 3815 961 3878; x_wconf 75' lang='lat' dir='ltr'><strong>Altricis</strong></span> <span class='ocrx_word' id='word_1_348' title='bbox 991 3826 1165 3879; x_wconf 76' lang='lat' dir='ltr'><strong>extra</strong></span> <span class='ocrx_word' id='word_1_349' title='bbox 1193 3817 1374 3879; x_wconf 82' lang='lat' dir='ltr'><strong>limen</strong></span> <span class='ocrx_word' id='word_1_350' title='bbox 1401 3815 1706 3899; x_wconf 77' lang='lat' dir='ltr'><strong>Apuliae.</strong></span> <span class='ocrx_word' id='word_1_351' title='bbox 1738 3832 1943 3895; x_wconf 92' lang='lat' dir='ltr'><strong>porro</strong></span> <span class='ocrx_word' id='word_1_352' title='bbox 1972 3831 2167 3874; x_wconf 91' lang='lat' dir='ltr'><strong>nemo</strong></span> <span class='ocrx_word' id='word_1_353' title='bbox 2198 3831 2340 3872; x_wconf 91' lang='lat' dir='ltr'><strong>um-</strong></span> 
     </span>
     <span class='ocr_line' id='line_1_36' title="bbox 150 3902 2343 3999; baseline -0.002 -25"><span class='ocrx_word' id='word_1_354' title='bbox 150 3932 322 3995; x_wconf 90' lang='lat' dir='ltr'><strong>quam</strong></span> <span class='ocrx_word' id='word_1_355' title='bbox 348 3915 687 3999; x_wconf 79' lang='lat' dir='ltr'><strong>Apulicwm</strong></span> <span class='ocrx_word' id='word_1_356' title='bbox 714 3933 841 3996; x_wconf 88' lang='lat' dir='ltr'><strong>pro</strong></span> <span class='ocrx_word' id='word_1_357' title='bbox 871 3914 1076 3999; x_wconf 75' lang='lat' dir='ltr'><strong>Apulo</strong></span> <span class='ocrx_word' id='word_1_358' title='bbox 1110 3912 1284 3976; x_wconf 87' lang='lat' dir='ltr'><strong>dixit</strong></span> <span class='ocrx_word' id='word_1_359' title='bbox 1310 3960 1325 3987; x_wconf 93' lang='lat'>‚</span> <span class='ocrx_word' id='word_1_360' title='bbox 1363 3910 1550 3996; x_wconf 90' lang='lat' dir='ltr'><strong>quod</strong></span> <span class='ocrx_word' id='word_1_361' title='bbox 1587 3911 1990 3994; x_wconf 89' lang='lat' dir='ltr'><strong>perturbare</strong></span> <span class='ocrx_word' id='word_1_362' title='bbox 2027 3902 2343 3973; x_wconf 86' lang='lat' dir='ltr'><strong>versiculi</strong></span> 
     </span>
     <span class='ocr_line' id='line_1_37' title="bbox 147 4009 2340 4094; baseline -0 -23"><span class='ocrx_word' id='word_1_363' title='bbox 147 4031 435 4076; x_wconf 89' lang='lat' dir='ltr'><strong>numeros</strong></span> <span class='ocrx_word' id='word_1_364' title='bbox 464 4013 537 4075; x_wconf 91' lang='lat' dir='ltr'><strong>in</strong></span> <span class='ocrx_word' id='word_1_365' title='bbox 567 4010 803 4074; x_wconf 90' lang='lat' dir='ltr'><strong>eodem</strong></span> <span class='ocrx_word' id='word_1_366' title='bbox 834 4011 1103 4075; x_wconf 88' lang='lat' dir='ltr'><strong>Horatii</strong></span> <span class='ocrx_word' id='word_1_367' title='bbox 1130 4012 1304 4077; x_wconf 93' lang='lat' dir='ltr'><strong>libro</strong></span> <span class='ocrx_word' id='word_1_368' title='bbox 1335 4011 1445 4085; x_wconf 83' lang='lat'><strong>24,</strong></span> <span class='ocrx_word' id='word_1_369' title='bbox 1463 4010 1504 4073; x_wconf 91' lang='lat'>4</span> <span class='ocrx_word' id='word_1_370' title='bbox 1548 4009 1734 4074; x_wconf 92' lang='lat' dir='ltr'><strong>docti</strong></span> <span class='ocrx_word' id='word_1_371' title='bbox 1761 4057 1777 4084; x_wconf 91' lang='lat'>‚</span> <span class='ocrx_word' id='word_1_372' title='bbox 1812 4016 2135 4094; x_wconf 88' lang='lat' dir='ltr'><strong>quantum</strong></span> <span class='ocrx_word' id='word_1_373' title='bbox 2165 4009 2304 4071; x_wconf 90' lang='lat' dir='ltr'><strong>scio</strong></span> <span class='ocrx_word' id='word_1_374' title='bbox 2324 4054 2340 4082; x_wconf 95' lang='lat'>,</span> 
     </span>
     <span class='ocr_line' id='line_1_38' title="bbox 148 4107 2341 4195; baseline -0.001 -26"><span class='ocrx_word' id='word_1_375' title='bbox 148 4128 219 4170; x_wconf 91' lang='lat' dir='ltr'><strong>ne</strong></span> <span class='ocrx_word' id='word_1_376' title='bbox 257 4109 872 4174; x_wconf 86' lang='lat' dir='ltr'><strong>animadverterunt</strong></span> <span class='ocrx_word' id='word_1_377' title='bbox 917 4108 1183 4193; x_wconf 87' lang='lat' dir='ltr'><strong>quidem</strong></span> <span class='ocrx_word' id='word_1_378' title='bbox 1217 4156 1232 4183; x_wconf 92' lang='lat'>,</span> <span class='ocrx_word' id='word_1_379' title='bbox 1279 4107 1659 4195; x_wconf 74' lang='lat' dir='ltr'><strong>Tyrrhenum</strong></span> <span class='ocrx_word' id='word_1_380' title='bbox 1702 4129 1875 4171; x_wconf 85' lang='lat' dir='ltr'><strong>omne</strong></span> <span class='ocrx_word' id='word_1_381' title='bbox 1917 4110 2033 4172; x_wconf 74' lang='lat' dir='ltr'><strong>tuis</strong></span> <span class='ocrx_word' id='word_1_382' title='bbox 2078 4119 2135 4171; x_wconf 82' lang='lat' dir='ltr'><strong>et</strong></span> <span class='ocrx_word' id='word_1_383' title='bbox 2169 4130 2341 4170; x_wconf 79' lang='lat' dir='ltr'><strong>mare</strong></span> 
     </span>
     <span class='ocr_line' id='line_1_39' title="bbox 148 4206 2337 4292; baseline 0 -24"><span class='ocrx_word' id='word_1_384' title='bbox 148 4207 484 4290; x_wconf 75' lang='lat' dir='ltr'><strong>Apulicum.</strong></span> <span class='ocrx_word' id='word_1_385' title='bbox 519 4208 636 4273; x_wconf 91' lang='lat' dir='ltr'><strong>ubi</strong></span> <span class='ocrx_word' id='word_1_386' title='bbox 663 4206 735 4270; x_wconf 92' lang='lat' dir='ltr'><strong>id</strong></span> <span class='ocrx_word' id='word_1_387' title='bbox 767 4207 1105 4292; x_wconf 82' lang='lat' dir='ltr'><strong>exemplar</strong></span> <span class='ocrx_word' id='word_1_388' title='bbox 1131 4215 1332 4271; x_wconf 86' lang='lat' dir='ltr'><strong>vetus</strong></span> <span class='ocrx_word' id='word_1_389' title='bbox 1363 4207 1552 4271; x_wconf 85' lang='lat' dir='ltr'><strong>cuius</strong></span> <span class='ocrx_word' id='word_1_390' title='bbox 1583 4219 1837 4270; x_wconf 89' lang='lat' dir='ltr'><strong>summa</strong></span> <span class='ocrx_word' id='word_1_391' title='bbox 1866 4214 1971 4271; x_wconf 91' lang='lat' dir='ltr'><strong>est</strong></span> <span class='ocrx_word' id='word_1_392' title='bbox 1997 4206 2174 4269; x_wconf 89' lang='lat' dir='ltr'><strong>inter</strong></span> <span class='ocrx_word' id='word_1_393' title='bbox 2203 4225 2337 4268; x_wconf 89' lang='lat' dir='ltr'><strong>om-</strong></span> 
     </span>
     <span class='ocr_line' id='line_1_40' title="bbox 146 4304 2332 4388; baseline -0.003 -22"><span class='ocrx_word' id='word_1_394' title='bbox 146 4304 243 4367; x_wconf 87' lang='lat' dir='ltr'><strong>nia</strong></span> <span class='ocrx_word' id='word_1_395' title='bbox 271 4307 641 4371; x_wconf 89' lang='lat' dir='ltr'><strong>auctoritas</strong></span> <span class='ocrx_word' id='word_1_396' title='bbox 665 4353 680 4380; x_wconf 91' lang='lat'>,</span> <span class='ocrx_word' id='word_1_397' title='bbox 721 4328 866 4369; x_wconf 88' lang='lat' dir='ltr'><strong>cum</strong></span> <span class='ocrx_word' id='word_1_398' title='bbox 901 4306 1044 4370; x_wconf 89' lang='lat' dir='ltr'><strong>aliis</strong></span> <span class='ocrx_word' id='word_1_399' title='bbox 1070 4307 1235 4369; x_wconf 89' lang='lat' dir='ltr'><strong>satis</strong></span> <span class='ocrx_word' id='word_1_400' title='bbox 1257 4306 1483 4370; x_wconf 90' lang='lat' dir='ltr'><strong>multis</strong></span> <span class='ocrx_word' id='word_1_401' title='bbox 1514 4354 1529 4380; x_wconf 92' lang='lat'>,</span> <span class='ocrx_word' id='word_1_402' title='bbox 1565 4305 1774 4369; x_wconf 88' lang='lat' dir='ltr'><strong>habet</strong></span> <span class='ocrx_word' id='word_1_403' title='bbox 1801 4329 1972 4369; x_wconf 83' lang='lat' dir='ltr'><strong>mare</strong></span> <span class='ocrx_word' id='word_1_404' title='bbox 1987 4304 2332 4388; x_wconf 77' lang='lat' dir='ltr'><strong>publicum.</strong></span> 
     </span>
     <span class='ocr_line' id='line_1_41' title="bbox 146 4398 2334 4488; baseline -0.002 -24"><span class='ocrx_word' id='word_1_405' title='bbox 146 4400 335 4488; x_wconf 89' lang='lat' dir='ltr'><strong>idque</strong></span> <span class='ocrx_word' id='word_1_406' title='bbox 358 4404 778 4470; x_wconf 87' lang='lat' dir='ltr'><strong>verissimum</strong></span> <span class='ocrx_word' id='word_1_407' title='bbox 820 4411 962 4469; x_wconf 92' lang='lat' dir='ltr'><strong>est.</strong></span> <span class='ocrx_word' id='word_1_408' title='bbox 1008 4404 1172 4468; x_wconf 89' lang='lat' dir='ltr'><strong>dicit</strong></span> <span class='ocrx_word' id='word_1_409' title='bbox 1218 4405 1387 4469; x_wconf 90' lang='lat' dir='ltr'><strong>enim</strong></span> <span class='ocrx_word' id='word_1_410' title='bbox 1417 4405 1805 4469; x_wconf 87' lang='lat' dir='ltr'><strong>Marcianus</strong></span> <span class='ocrx_word' id='word_1_411' title='bbox 1835 4403 1874 4465; x_wconf 92' lang='lat' dir='ltr'><strong>l.</strong></span> <span class='ocrx_word' id='word_1_412' title='bbox 1898 4402 1936 4464; x_wconf 84' lang='lat'>2</span> <span class='ocrx_word' id='word_1_413' title='bbox 1968 4409 2036 4463; x_wconf 90' lang='lat' dir='ltr'><strong>et</strong></span> <span class='ocrx_word' id='word_1_414' title='bbox 2065 4399 2103 4462; x_wconf 99' lang='lat'>4</span> <span class='ocrx_word' id='word_1_415' title='bbox 2131 4419 2231 4482; x_wconf 91' lang='lat' dir='ltr'><strong>pr.</strong></span> <span class='ocrx_word' id='word_1_416' title='bbox 2255 4398 2334 4461; x_wconf 89' lang='lat' dir='ltr'><strong>D.</strong></span> 
     </span>
    </p>
   </div>
  </div>
 </body>
</html>
