2840 5008
503 344 533 411 1
549 346 585 413 3
596 347 637 412 6
1562 352 1689 420 1111

494 525 598 582 est
627 520 887 603 aliquae
915 529 992 585 ut
1020 542 1299 608 serpens
1319 572 1335 598 ‚
1357 524 1647 589 hominis
1679 547 1849 609 quae
1879 534 2062 591 tacta
2091 530 2315 593 salivis

493 632 776 718 disperit
805 656 883 698 ac
914 656 1063 699 sese
1093 636 1471 707 mandendo
1503 640 1769 704 conficit
1796 641 1974 731 ipsa.

348 763 447 809 640
489 758 842 832 praeterea
869 751 1060 814 nobis
1091 760 1428 816 veratrum
1461 762 1562 817 est
1591 776 1743 818 acre
1773 777 2098 819 venenum
2117 806 2131 830 ‚

495 871 565 926 at
594 865 810 949 capris
843 864 1077 951 adipes
1109 879 1176 930 et
1207 867 1659 933 coturnicibus
1691 878 1919 954 auget.

494 984 570 1040 ut
600 979 840 1062 quibus
868 979 940 1043 id
968 981 1085 1045 fiat
1112 983 1313 1045 rebus
1345 1004 1755 1067 cognoscere
1786 984 2034 1068 possiS‚

493 1092 819 1179 principio
848 1096 1223 1159 meminisse
1254 1095 1450 1161 decet
1482 1119 1653 1182 quae
1685 1097 1967 1161 diximus
1999 1109 2182 1174 ante,

494 1199 1171 1273 semina‘multimodis
1201 1212 1269 1273 in
1298 1212 1500 1274 rebus
1528 1213 1739 1275 mixta
1766 1213 2012 1275 teneri.

350 1337 446 1381 645
489 1343 697 1408 porro
731 1345 962 1387 omnes
994 1346 1166 1409 quae
1198 1347 1481 1411 cumque
1512 1328 1729 1391 cibum
1762 1328 2032 1414 capiunt
2061 1328 2457 1414 animantes,

495 1442 572 1500 ut
599 1447 758 1500 sunt
788 1422 1134 1502 dissimiles
1167 1441 1580 1505 extrinsecus
1616 1450 1683 1505 et
1711 1441 2072 1526 generatim

497 1550 741 1614 extima
769 1555 1209 1617 membrorum
1241 1556 1483 1618 circum
1519 1577 1795 1619 caesura
1826 1562 2125 1630 coercet,

493 1663 778 1748 proinde
811 1688 891 1729 ex
922 1669 1275 1732 seminibus
1308 1679 1621 1735 constant
1652 1671 1948 1733 variante
1976 1669 2216 1754 figura.

495 1779 744 1842 semina
773 1803 921 1852 cum
949 1805 1155 1867 porro
1190 1783 1441 1847 distent
1460 1834 1474 1860 ‚
1501 1785 1766 1848 differre
1797 1789 2141 1847 necessest

352 1906 450 1952 650
492 1893 845 1959 intervalla
873 1898 1146 1982 viasqu'e
1166 1947 1180 1972 ‚
1201 1898 1526 1961 foramina
1558 1920 1729 1983 quae
1759 1897 2214 1982 perhibemuS‚
2297 1975 2304 1984 ἢ

498 2009 801 2073 omnibus
830 2012 895 2074 in
926 2013 1238 2076 membris
1269 2023 1337 2076 et
1365 2014 1432 2076 in
1463 2034 1580 2076 ore
1609 2014 1892 2098 ipsoque
1924 2014 2180 2098 palato:

500 2144 651 2186 esse
679 2125 940 2190 minora
966 2129 1164 2213 igitur
1196 2126 1526 2211 quaedam
1554 2129 1940 2211 maioraque
1973 2125 2221 2191 debent
2243 2177 2257 2202 ‚

501 2259 648 2300 esse
678 2240 1009 2324 triquetra
1037 2242 1180 2304 aliis
1200 2291 1215 2317 ‚
1238 2243 1381 2304 aliis
1415 2241 1749 2326 quadrata
1777 2251 2151 2316 necessest,

497 2353 705 2415 multa
733 2353 1025 2418 rutunda
1043 2403 1057 2430 ‚
1081 2354 1298 2417 modis
1327 2357 1550 2419 multis
1580 2355 1992 2441 multangula
2021 2354 2379 2439 quaedam.

355 2482 450 2530 655
496 2488 782 2554 namque
809 2469 1168 2555 figurarum
1196 2469 1365 2533 ratio
1398 2478 1475 2550 ut
1503 2479 1859 2556 motusque
1887 2478 2257 2555 reposcunt
2277 2520 2291 2547 ‚

495 2582 781 2669 proinde
810 2585 1242 2650 foraminibus
1274 2585 1523 2648 debent
1553 2585 1815 2649 differre
1846 2585 2096 2670 figurae
2119 2634 2134 2660 ,

498 2706 566 2761 et
595 2699 852 2773 variare
883 2702 1030 2764 viae
1060 2695 1344 2787 proinde
1375 2722 1455 2763 ac
1486 2708 1755 2764 textura
1785 2706 2052 2763 coercet
2072 2749 2086 2762 .
2121 2791 2127 2796 -

498 2809 632 2874 hoc
660 2813 774 2876 ubi
805 2814 989 2896 quod
1019 2836 1222 2879 suave
1254 2822 1359 2877 est
1388 2814 1530 2876 aliis
1561 2814 1706 2876 aliis
1734 2813 1810 2877 fit
1840 2835 2161 2887 amarum,

498 2924 623 2998 illi,
649 2926 752 2989 cui
783 2950 990 2991 suave
1021 2939 1125 2992 est
1144 2977 1158 3002 ‚
1187 2928 1519 2990 levissima
1549 2950 1840 3015 corpora
1869 2928 2119 2992 debent

363 3054 461 3101 660
508 3043 1072 3106 contractabiliter
1103 3042 1326 3106 caulas
1355 3044 1606 3105 intrare
1639 3044 1873 3127 palati,

502 3162 574 3217 at
603 3165 840 3219 contra
870 3158 1110 3241 quibus
1142 3165 1245 3220 est
1274 3157 1507 3221 eadem
1534 3179 1646 3220 res
1674 3158 1853 3220 intus
1886 3158 2155 3232 acerba,

503 3289 744 3353 aspera
762 3318 776 3345 ,
800 3271 865 3333 ni
897 3273 1127 3335 mirum
1145 3320 1159 3347 ‚
1184 3280 1542 3358 penetrant
1569 3272 1968 3355 hamataque
1997 3271 2260 3335 fauces.

358 3399 452 3445 671
498 3392 783 3469 utraque
815 3386 985 3448 enim
1015 3395 1171 3450 sunt
1197 3388 1264 3449 in
1293 3387 1504 3450 mellis
1537 3387 1893 3451 commixta
1923 3407 2195 3471 sapore3

499 3498 570 3562 id
601 3498 786 3585 quod
812 3500 943 3563 iam
972 3522 1216 3587 supera
1244 3502 1364 3565 tibi
1393 3523 1595 3585 saepe
1626 3500 2037 3565 ostendimus
2069 3509 2252 3563 ante.

360 3630 456 3676 663
499 3637 677 3679 nunc
705 3615 898 3679 facile
932 3622 1034 3678 est
1066 3636 1149 3677 ex
1176 3616 1282 3680 his
1311 3599 1512 3680 rebus
1545 3637 1951 3702 cognoscere
1984 3637 2321 3699 quaeque:

505 3732 751 3817 quippe
770 3780 784 3806 ,
807 3731 919 3794 ubi
952 3730 1055 3793 cui
1083 3729 1288 3795 febris
1318 3732 1433 3795 bili
1464 3739 1823 3817 superante
1856 3736 2093 3797 coorta
2123 3737 2226 3792 est

362 3859 460 3905 665
506 3857 622 3907 aut
651 3846 779 3908 alia
807 3845 1064 3908 ratione
1096 3846 1386 3930 aliquast
1414 3847 1517 3910 vis
1550 3847 1768 3909 excita
1798 3845 2043 3918 morbi,

506 3961 934 4044 perturbatur
962 3960 1054 4023 ibi
1080 3960 1207 4023 iam
1237 3967 1451 4023 totum
1483 3982 1726 4045 corpus
1747 4008 1762 4034 ‚
1788 3966 1857 4021 et
1887 3979 2115 4021 omnes

512 4245 610 4292 638
648 4243 819 4310 itaque
874 4241 892 4310 ΙΙ
951 4248 1043 4294 641
1085 4242 1476 4295 cocturnicibus
1532 4243 1551 4309 ΙΙ
1608 4248 1703 4292 642
1743 4240 1805 4294 Id
1853 4243 1871 4310 ΙΙ
1921 4248 1980 4292 ut
2034 4240 2053 4308 ll
2109 4246 2207 4292 648
2246 4224 2299 4294 et
2333 4240 2353 4308 Η
2404 4241 2697 4307 variantque
2729 4229 2744 4295 l!

513 4328 610 4375 659
648 4342 874 4394 corpore
914 4325 932 4391 ΙΙ
973 4330 1070 4374 660
1110 4323 1304 4376 caudas
1348 4324 1366 4391 ΙΙ
1402 4330 1499 4376 662
1539 4326 1800 4377 nimorum
