2840 5008
1197 401 1229 468 I
2226 399 2312 467 41

119 583 446 643 corrector
478 576 786 663 oblongi,
807 575 1038 659 itaque
1066 575 1493 640 membranae
1513 579 1789 638 nostrae
1818 574 1889 637 in
1919 598 2019 649 w,
2043 573 2161 639 150
2172 574 2319 661 fue-

117 688 269 740 runt.
309 675 584 740 eaedem
591 676 779 763 fuere
799 697 841 749 1,
857 673 982 736 234
999 722 1013 747 ,
1034 674 1252 737 dedere
1274 674 1393 736 737
1417 673 1665 754 (debere
1676 695 1737 747 v,
1764 672 1986 757 1110),
2010 674 2323 738 dissiluere

118 797 152 849 1,
171 774 280 837 391
302 823 317 850 ‚
332 775 720 860 procubuere
736 771 855 836 291
879 821 894 847 ‚
924 774 1207 836 interiere
1224 795 1320 847 111,
1337 771 1494 846 937,
1536 793 1742 858 porro
1760 773 2108 835 minuerunt
2119 794 2180 847 v,
2197 772 2321 836 415

117 874 409 936 voluerunt
455 871 613 935 1347
644 920 660 947 ,
706 870 1039 955 oblongus
1083 869 1388 955 ambigue
1430 893 1610 933 vener
1653 870 1874 943 1‚1077
1919 918 1932 933 .
1974 868 2084 932 his
2129 870 2323 955 siqua

120 971 334 1035 subest
366 970 634 1055 regula,
658 968 820 1033 mihi
850 975 1032 1032 certe
1061 989 1198 1031 non
1227 968 1542 1053 apparuit
1559 1016 1572 1031 .

266 1068 404 1132 469.
448 1067 807 1143 NAMQUE
852 1088 1101 1129 ALm'r
1146 1089 1431 1131 'miuus
1461 1114 1476 1142 ,
1521 1088 1766 1130 Amni-
1821 1087 2320 1131 Enoiomnus

117 1166 738 1231 xrsisEVENi-tm
767 1188 937 1229 n1c1
967 1162 1358 1241 roi-Eam,
1382 1187 1592 1240 ouon
1618 1186 1930 1239 CUMQUE
1962 1187 2147 1228 Emi·
2182 1187 2319 1229 Ac-

118 1287 295 1328 ruu.
326 1263 718 1344 Quadratus
749 1270 818 1327 et
847 1262 1141 1328 schedae
1173 1264 1347 1327 aliud
1371 1265 1548 1327 terris
1578 1264 1710 1327 alid
1733 1263 2109 1348 reqionibus.
2143 1264 2318 1328 simi-

118 1361 256 1425 liter
285 1362 655 1449 quadratus
683 1360 753 1425 in
778 1384 869 1436 1v‚
894 1360 1051 1424 1039
1083 1362 1240 1424 alias
1270 1362 1401 1424 alid
1426 1384 1523 1424 res
1547 1408 1562 1424 .
1584 1382 1854 1425 versum
1876 1360 2157 1449 alterum
2178 1362 2318 1426 No-

120 1460 256 1524 nius
292 1460 558 1545 profert
585 1481 650 1544 p.
672 1459 814 1533 204,
834 1458 872 1521 2
892 1507 907 1533 ,
936 1453 1077 1521 non
1103 1458 1399 1542 priorem
1423 1505 1439 1532 ,
1461 1458 1532 1521 in
1564 1479 1697 1542 quo
1726 1456 1984 1522 frustra
2011 1459 2324 1525 laborant

121 1558 508 1642 interpretes
548 1607 561 1621 .
610 1558 786 1622 aliud
829 1557 1235 1642 geminatum
1278 1577 1389 1619 res
1435 1555 1738 1620 diversas
1778 1555 2036 1620 indicat
2065 1608 2080 1634 ‚
2123 1570 2322 1623 terrae

123 1677 267 1719 vero
295 1678 334 1719 a
359 1657 703 1742 reqionibus
730 1677 871 1719 non
901 1654 1219 1718 differunt
1236 1701 1250 1716 .
1279 1654 1442 1740 ergo
1466 1654 1832 1720 Lambinus
1855 1652 2130 1740 scripsit
2152 1660 2327 1722 aliud

128 1755 281 1817 rebus
316 1755 490 1818 aliud
525 1755 866 1839 reqionibus
906 1755 1054 1839 ipsis
1085 1802 1103 1831 ‚
1142 1753 1655 1838 Havercampus
1685 1753 1899 1817 voluit
1937 1757 2112 1819 aliud
2146 1758 2324 1821 rebus

130 1853 280 1915 aliud
300 1853 661 1938 temporibus
702 1854 852 1936 ipsis
875 1901 892 1931 ,
916 1851 1380 1915 Wakefieldus
1407 1851 1807 1916 Eichstadio
1853 1859 1921 1914 et
1948 1853 2320 1940 Forbigero

127 1950 419 2031 probavit
439 1950 610 2013 haec
629 1997 643 2024 ‚
670 1950 845 2013 aliud
862 1951 1039 2013 terris
1064 1951 1239 2013 aliud
1257 1950 1585 2034 leyionibtas·
1605 1952 1753 2034 ipsis
1782 1950 1942 2032 (sed
1965 1952 2340 2038 antiquarii

100 2044 418 2112 'Germani
454 2048 764 2112 fecerunt
790 2049 1001 2111 terreis
1032 2055 1099 2111 et
1126 2049 1378 2133 ipseis);
1404 2048 1477 2110 in
1521 2048 1764 2132 quibus
1807 2048 2115 2114 omnibus
2154 2051 2322 2117 nihil

131 2146 263 2206 sani
300 2166 438 2210 esse
470 2146 581 2208 vel
619 2145 777 2209 inde
819 2145 1235 2231 intellegitur
1277 2145 1464 2228 quod
1503 2145 1674 2208 istae
1706 2145 2072 2211 divisiones
2100 2169 2321 2234 neque

129 2243 455 2328 quicquam
488 2243 578 2307 ad
606 2266 746 2307 rem
773 2243 1033 2308 faciunt
1064 2250 1133 2307 et
1159 2242 1371 2307 falsae
1401 2251 1560 2307 suut
1576 2292 1590 2307 .
1615 2244 1726 2328 qui
1750 2244 2062 2331 ambages
2087 2248 2321 2313 inanes

127 2342 201 2406 ab
227 2341 350 2406 hoc
376 2332 595 2427 poeta
613 2343 865 2406 alienas
897 2363 1046 2406 esse
1090 2342 1259 2407 sciet
1291 2389 1307 2418 ‚
1350 2342 1447 2406 sic
1478 2342 1732 2407 scribet
1764 2391 1779 2417 ‚
1821 2344 2111 2432 Namque
2151 2349 2326 2412 aliud

127 2461 259 2502 PER
288 2462 370 2504 sE
387 2463 474 2506 s‘r
509 2488 525 2517 ‚
556 2441 743 2504 velut
769 2441 1082 2527 regiones
1114 2447 1183 2503 et
1211 2440 1363 2504 loca
1393 2438 1479 2502 de
1511 2440 1753 2525 quibus
1786 2440 2091 2509 dicebat:
2116 2448 2291 2511 aliud
2305 2496 2319 2523 ‚

127 2539 442 2623 reqionibus
468 2542 617 2625 apsis
644 2541 809 2626 quod
836 2563 1089 2626 cumque
1119 2542 1235 2604 erit
1260 2551 1459 2604 actum-
1487 2589 1505 2618 ‚
1541 2540 1728 2603 velut
1753 2547 1990 2624 raptus
2019 2544 2321 2611 Helenae

129 2642 184 2698 et
206 2637 444 2701 bellum
474 2637 841 2718 Troianum
861 2686 877 2711 ,
904 2638 1202 2702 Eventum
1232 2639 1354 2701 dici
1370 2639 1625 2722 poterit.

268 2735 405 2800 473.
433 2758 941 2800 TYNDAmms
964 2758 1237 2799 FORMA
1265 2761 1299 2801 c
1319 2759 1524 2800 ONFL
1544 2758 1749 2801 A'rus
1771 2760 2037 2804 AMORE
2056 2742 2321 2809 lorus,

126 2830 258 2896 Itali
283 2842 349 2898 et
375 2836 686 2920 impressi
714 2860 751 2899 E
768 2858 808 2899 o
826 2858 868 2898 R
882 2859 932 2898 M
946 2857 1042 2898 ΑΕ
1064 2885 1078 2900 .

268 2932 402 2997 477.
435 2954 678 2997 GRALI
698 2955 1027 2997 UGENAR
1058 2982 1071 2996 .
1110 2932 1222 2998 Sic
1250 2933 1468 3018 prima
1495 2953 1695 2997 manu
1725 2936 2057 3024 oblongus
2086 2988 2102 3016 ,
2136 2944 2323 3027 quod

129 3048 256 3093 esse
296 3030 501 3098 debet
545 3053 734 3096 ΘΒΜ
750 3056 829 3096 ιυ
848 3055 943 3096 GE
961 3055 1235 3096 NARUM
1276 3082 1289 3095 .
1332 3032 1530 3097 huius
1575 3041 1920 3099 corrector
1966 3059 2116 3103 eum
2159 3062 2321 3126 qua-

129 3124 300 3192 drato
337 3129 743 3215 schedisque
790 3136 860 3193 et
903 3130 1012 3194 hic
1049 3130 1549 3215 Graiuqenarum
1579 3138 1648 3195 et
1681 3133 1967 3198 Troianis
2005 3137 2075 3199 in
2118 3161 2321 3205 versu

127 3223 231 3287 476
250 3275 263 3290 .
297 3228 420 3292 sed
460 3227 638 3292 idem
683 3223 1033 3293 corrector
1073 3228 1145 3292 in
1186 3250 1390 3293 versu
1417 3229 1542 3294 465
1584 3230 1855 3315 reliquit
1893 3234 1952 3296 T
1942 3237 2289 3323 roii‘eoyenas
2304 3290 2322 3319 ‚

130 3322 228 3386 ubi
249 3325 316 3388 in
345 3327 589 3390 ceteris
619 3329 644 3390 i
673 3328 956 3411 simplex
975 3376 988 3391 .

268 3423 405 3488 480.
431 3423 603 3488 NEc
633 3447 995 3488 immoni-2
1023 3447 1282 3488 LUERE
1313 3447 1592 3487 EADEM
1616 3448 1774 3500 QUA
1799 3450 2164 3497 coNsTEr
2196 3460 2320 3500 IN-

132 3539 262 3582 ANE
282 3570 295 3585 .
320 3524 680 3588 Coi-rector
710 3523 1027 3608 quadrati
1057 3529 1125 3586 et
1151 3522 1305 3587 Itali
1335 3546 1369 3587 c
1385 3546 1423 3585 L
1441 3545 1527 3586 ΠΕ
1543 3546 1636 3586 RE
1655 3571 1671 3587 .
1712 3538 1929 3590 constet
1956 3530 2287 3618 oblongus
2308 3585 2323 3608 ‚

131 3616 433 3685 Antonius
462 3621 704 3696 Marii,
732 3621 1103 3685 Brixiensis
1135 3619 1382 3684 editio:
1408 3633 1640 3686 constat
1665 3623 2039 3707 quadratus
2070 3675 2086 3700 ‚
2128 3630 2321 3695 sche-

133 3711 240 3779 dae
255 3766 269 3793 ,
294 3718 703 3783 Veronensis
723 3768 737 3794 ‚
758 3718 1085 3783 Marullus
1105 3767 1119 3782 .
1743 3779 1746 3782 .
2173 3783 2178 3787 ,

270 3816 406 3881 484.
453 3840 493 3892 Q
509 3841 550 3881 u
565 3840 608 3879 A
655 3841 689 3881 c
705 3839 747 3880 o
763 3840 807 3880 N
824 3839 857 3881 s
869 3841 909 3880 :r
926 3839 969 3879 A
982 3841 1025 3880 N
1042 3841 1081 3880 T
1118 3866 1131 3880 .
1177 3815 1542 3899 Corrector
1575 3814 1886 3901 quadrati
1917 3828 1986 3883 et
2012 3822 2324 3909 impressi

134 3931 346 3983 QUAE.
2111 3932 2114 3936 ⁴

267 4013 402 4079 489.
423 4013 797 4077 TRANsrr
828 4037 1025 4094 Erum
1054 4037 1371 4078 FLUMEN
1404 4036 1639 4077 CAELI
1673 4037 1817 4079 PER
1846 4039 2149 4086 SAEPTA
2181 4047 2322 4089 no-

132 4125 376 4174 noaum
400 4160 415 4187 ,
448 4111 788 4175 CLAMOR
817 4134 913 4175 UT
945 4135 1044 4175 An
1075 4134 1326 4176 vomas
1360 4161 1373 4174 .
1413 4113 1475 4175 A
1506 4117 2004 4182 correctoribus
2035 4127 2322 4207 uterque
2440 4116 2445 4121 ’

131 4194 478 4274 Vossianus
500 4227 826 4273 'FULMEN
849 4259 862 4272 .
884 4211 954 4273 in
984 4231 1183 4274 versu
1215 4209 1430 4273 altero
1463 4219 1810 4276 corrector
1842 4216 2115 4301 oblongi
2145 4220 2321 4301 (non

132 4297 230 4365 YZ
257 4353 271 4378 ‚
301 4313 377 4370 ut
406 4308 572 4372 dicit
598 4308 1149 4394 Havercampus)
1189 4310 1431 4373 Clamor
1468 4311 1517 4372 it
1557 4312 1642 4374 ad
1677 4335 1846 4376 voces
1872 4339 1895 4393 ,·
1937 4314 2122 4398 quod
2164 4317 2320 4399 quia

130 4417 247 4463 non
272 4403 433 4471 facit
461 4428 730 4471 sensum
749 4454 765 4482 ‚
786 4407 857 4469 in
887 4407 1261 4493 archetypo
1286 4429 1496 4492 supra
1523 4431 1566 4471 u
1582 4433 1621 4471 T
1654 4410 1963 4492 suspicor
1985 4411 2319 4477 1litteram
