2840 5008
515 411 654 479 178
1213 493 1259 508 ..
1602 410 1670 477 v

508 595 577 650 et
607 587 718 671 qui
747 586 978 649 reiciat
1005 583 1239 670 gelidis
1270 605 1311 647 a
1337 583 1605 670 frigoris
1636 586 1885 650 umbris

507 702 853 767 aestiferas
883 721 1094 785 usque
1123 700 1192 762 in
1221 700 1435 785 partis
1467 707 1532 764 et
1559 699 1817 764 fervida
1845 701 2062 785 signa.

510 825 578 881 et
604 816 865 881 ratione
894 817 1040 901 pari
1067 816 1290 879 lunam
1318 815 1683 899 stellasque
1712 813 2183 900 putandumst,

511 954 683 1018 quae
710 919 995 996 volvunt
1022 952 1297 1016 magnos
1324 931 1392 993 in
1424 931 1677 1015 magnis
1707 931 1981 994 orbibus
2010 951 2255 1006 annom

363 1065 460 1111 645
505 1049 768 1111 aeribus
798 1067 1004 1132 posse
1032 1045 1307 1109 alternis
1340 1067 1375 1108 e
1405 1046 1709 1132 partibus
1738 1046 1866 1108 ire.

505 1185 729 1227 nonne
759 1161 948 1226 vides
981 1162 1176 1225 etiam
1207 1159 1487 1225 diversis
1516 1161 1745 1225 nubila
1779 1160 1997 1223 ventis

507 1277 807 1342 diversas
836 1278 933 1340 ire
962 1277 1031 1339 in
1059 1276 1271 1362 partis
1300 1275 1561 1339 inferna
1589 1276 1896 1359 supernis
1920 1275 1952 1336 Ρ

508 1394 623 1477 qui
650 1394 864 1456 minus
891 1392 1003 1455 illa
1032 1397 1281 1476 queant
1309 1411 1432 1474 per
1459 1394 1739 1475 magnos
1770 1388 2062 1453 aetheris
2093 1391 2276 1454 orbis

508 1507 806 1571 aestibus
835 1507 1010 1569 inter
1040 1527 1112 1569 se
1144 1503 1427 1569 diversis
1456 1504 1679 1568 sidera
1707 1503 1916 1568 ferri?

287 1628 293 1633 ’
360 1639 458 1685 650
585 1623 678 1685 At
705 1643 843 1684 nox
872 1622 1094 1685 obruit
1120 1620 1370 1706 ingenti
1402 1620 1681 1705 caligine
1711 1627 1956 1694 terram,

506 1744 620 1800 aut
647 1736 761 1799 ubi
792 1735 876 1799 de
906 1736 1107 1820 longo
1141 1756 1340 1799 cursu
1368 1734 1475 1797 sol
1502 1735 1732 1798 ultima
1762 1735 1926 1798 caeli

503 1852 762 1940 impulit
790 1861 992 1935 atque
1022 1871 1183 1913 suos
1215 1849 1464 1913 efflavit
1491 1848 1855 1934 languidus
1874 1849 2046 1934 ignis

506 1988 869 2030 concussos
899 1967 1066 2029 itere
1097 1972 1163 2027 et
1190 1964 1560 2028 labefactos
1591 1972 1744 2028 aere
1773 1964 1981 2027 multo
1999 2012 2014 2038 ,

505 2091 621 2145 aut
651 2082 806 2167 quia
834 2082 956 2145 sub
986 2088 1204 2144 terras
1235 2101 1502 2143 cursum
1534 2088 1938 2143 convortere
1968 2080 2150 2164 cogit

359 2213 457 2259 655
501 2197 606 2261 vis
639 2196 868 2260 eadem
889 2245 904 2272 ‚
929 2217 1134 2281 supra
1163 2215 1336 2280 quae
1364 2203 1584 2258 terras
1615 2194 1891 2280 pertulit
1920 2194 2177 2258 orbem.

586 2312 922 2397 Tempore
949 2312 1108 2374 item
1139 2318 1325 2374 certo
1355 2330 1616 2372 roseam
1647 2308 1913 2371 Matuta
1940 2330 2061 2394 per
2094 2331 2247 2372 oras

503 2426 792 2491 aetheris
824 2446 1132 2488 auroram
1163 2423 1385 2487 differt
1414 2432 1482 2487 et
1510 2423 1755 2486 lumina
1783 2422 2049 2509 pandit,

503 2551 619 2607 aut
648 2543 805 2627 quia
833 2542 937 2605 sol
962 2540 1140 2605 idem
1160 2590 1174 2616 ‚
1199 2542 1322 2604 sub
1355 2544 1568 2603 terras
1596 2539 1706 2602 ille
1736 2548 2110 2614 revertens,

504 2657 824 2741 anticipat
853 2656 1105 2720 caelum
1131 2654 1336 2723 radiis
1367 2653 1735 2717 accendere
1766 2661 2128 2738 temptam,

359 2788 458 2835 660
505 2782 623 2835 aut
654 2771 809 2856 quia
840 2771 1252 2834 conveniunt
1277 2770 1469 2854 ignes
1501 2778 1569 2833 et
1598 2769 1848 2832 semina
1874 2770 2079 2832 multa

503 2885 837 2950 confluere
868 2885 1131 2949 ardoris
1163 2892 1575 2948 consuerunt
1606 2892 1906 2968 tempore
1937 2892 2124 2948 certo
2144 2932 2159 2959 ‚

503 3021 674 3086 quae
701 2999 956 3069 faciunt
984 3001 1144 3064 solis
1173 3020 1350 3063 nova
1380 3019 1641 3083 semper
1671 2999 1917 3061 lumina
1946 2999 2160 3085 gigni;

503 3114 687 3201 quod
718 3136 930 3200 genus
957 3114 1177 3177 Idaeis
1207 3113 1384 3177 fama
1414 3120 1517 3176 est
1548 3134 1582 3175 e
1613 3114 1948 3178 montibus
1979 3114 2128 3178 altis

503 3230 850 3318 dispersos
878 3227 1051 3316 ignis
1084 3229 1323 3293 orienti
1351 3228 1594 3291 lumine
1625 3230 1836 3303 cerni,

354 3362 451 3408 665
495 3344 652 3408 inde
681 3344 858 3408 coire
888 3344 1157 3429 globum
1190 3345 1381 3430 quasi
1407 3344 1478 3407 in
1505 3366 1709 3406 unum
1740 3352 1807 3408 et
1838 3343 2162 3407 conficere
2195 3345 2425 3409 orbem
2448 3396 2461 3409 .

497 3458 623 3523 nec
651 3466 875 3522 tamen
903 3458 1068 3521 illud
1095 3460 1165 3523 in
1194 3460 1298 3523 his
1327 3461 1528 3524 rebus
1558 3459 1853 3523 mirabile
1886 3457 2090 3523 debet

502 3596 648 3638 esse
667 3623 682 3650 ,
707 3572 893 3658 quod
921 3573 1089 3638 haec
1117 3574 1286 3660 ignis
1317 3581 1453 3638 tam
1483 3582 1669 3638 certo
1698 3581 2002 3659 tempore
2030 3582 2320 3659 possunt

498 3691 750 3754 semina
779 3688 1113 3753 confluere
1145 3689 1212 3754 et
1242 3690 1401 3754 solis
1433 3710 1745 3775 reparare
1777 3690 2056 3753 nitorem
2075 3736 2089 3750 .

497 3806 704 3869 multa
731 3804 1034 3869 videmus
1066 3807 1236 3869 enim
1254 3854 1269 3879 ‚
1296 3806 1482 3867 certo
1516 3825 1687 3888 quae
1717 3806 2020 3889 tempore
2048 3804 2218 3868 fiunt

355 3934 453 3982 670
500 3920 801 3983 omnibus
831 3920 901 3983 in
929 3901 1165 3983 rebus.
1189 3919 1556 3983 florescunt
1583 3928 1884 4004 tempore
1914 3929 2099 3984 certo

497 4035 771 4098 arbusta
802 4042 869 4098 et
900 4041 1084 4097 certo
1117 4033 1457 4098 dimittunt
1487 4040 1792 4121 ternpore
1819 4034 2082 4098 florem:

493 4321 592 4367 648
631 4313 718 4366 ille
773 4314 792 4385 ΙΙ
849 4319 943 4366 651
986 4312 1181 4366 vetima
1237 4314 1255 4381 ΙΙ
1314 4320 1411 4367 654
1451 4325 1772 4369 convortor-e
1827 4318 1847 4384 ΙΙ
1907 4300 2005 4368 656
2043 4334 2199 4369 rosea
2235 4323 2441 4370 matura
2479 4320 2499 4387 ΙΙ
2539 4324 2633 4371 657
2666 4316 2738 4383 611

493 4404 590 4450 667
628 4399 833 4468 possit.
