2840 5008
1161 379 1224 446 ΙΙ
2226 382 2315 446 77

16 570 101 623 *ut
126 560 199 623 fit
227 558 349 622 ubi
383 556 541 619 nilo
578 555 709 617 iam
742 553 884 636 plus
916 559 1021 614 est
1051 551 1234 635 quod
1269 551 1468 616 datur
1497 552 1672 613 intra

40 673 240 737 vitalis
273 692 508 734 venas
545 687 747 753 quam
779 665 962 751 quod
991 665 1134 728 fluit
1162 666 1383 749 adque
1412 663 1702 729 recedit.

15 788 333 851 *omnibus
365 785 489 847 his
527 789 720 845 aetas
748 781 946 844 debet
977 780 1340 843 consistere
1370 780 1602 843 rebus:

42 903 134 964 hic
158 908 415 964 natura
449 898 602 960 suis
633 896 923 959 refrenat
950 893 1200 959 viribus
1232 901 1527 957 auctum.

43 1038 172 1079 nam
202 1035 389 1099 quae
426 1031 729 1094 cumque
756 1008 944 1095 vides
974 1006 1189 1070 hilaro
1209 1006 1668 1091 ‘grandescere
1698 1007 1985 1071 adauctu

43 1129 502 1214 paulatimque
533 1122 785 1210 gradus
816 1122 1050 1187 aetatis
1079 1120 1405 1185 scandere
1438 1120 1733 1196 adultae,

45 1244 217 1327 plura
244 1243 383 1306 sibi
418 1240 795 1304 adsumunt
825 1258 1021 1321 quam
1052 1234 1136 1298 de
1167 1257 1239 1298 se
1271 1256 1559 1320 corpora
1588 1236 1886 1310 mittunt,

15 1357 180 1420 ssdum
207 1331 417 1419 facile
450 1355 526 1418 in
557 1373 762 1415 venas
795 1352 979 1414 cibus
1013 1350 1223 1413 omnis
1252 1348 1506 1412 inditur
1525 1398 1539 1424 ‚
1566 1357 1632 1412 et
1659 1348 1819 1412 dum

42 1494 163 1534 non
188 1473 285 1536 ita
315 1476 495 1533 sunt
526 1468 662 1530 late
694 1465 999 1550 dispersa
1017 1513 1031 1540 ‚
1053 1478 1129 1528 ut
1157 1463 1361 1527 multa
1388 1464 1734 1527 remittant

48 1595 106 1650 et
130 1586 277 1670 plus
310 1580 651 1669 dispendi
679 1580 928 1643 faciant
958 1600 1155 1664 quam
1183 1579 1476 1644 vescitur
1506 1586 1720 1642 aetas,

45 1721 181 1762 nam
207 1708 401 1764 certe
436 1697 657 1761 fluere
689 1693 908 1778 adque
940 1693 1258 1757 recedere
1289 1715 1576 1778 corpora
1603 1695 1805 1757 rebus

47 1813 233 1876 multa
262 1833 524 1877 manus
561 1807 858 1872 dandum
892 1816 1026 1871 est:
1052 1806 1173 1870 sed
1204 1808 1399 1892 plura
1429 1809 1751 1872 accedere
1783 1809 2059 1885 debent,

15 1926 247 1990 ‘donec
278 1923 648 1990 alescendi
678 1945 997 1988 summum
1028 1922 1307 2007 tetigere
1339 1910 1684 1986 cacumen.

49 2041 183 2104 inde
214 2039 615 2121 minutatim
642 2039 817 2101 vires
851 2046 916 2102 et
943 2038 1151 2101 robor
1180 2035 1480 2101 adultum

48 2155 275 2243 frangit
307 2162 381 2218 et
412 2155 495 2216 in
523 2159 783 2237 partem
813 2153 1105 2237 peiorem
1135 2151 1410 2237 liquitur
1440 2159 1655 2216 aetas,

51 2272 279 2357 quippe
313 2267 583 2334 etenim
615 2275 866 2351 quanto
899 2275 1002 2330 est
1031 2288 1138 2330 res
1171 2268 1484 2353 amplior,
1507 2267 1808 2352 augmine
1841 2266 2184 2356 ademptO,

50 2394 103 2449 et
129 2408 258 2470 quo
291 2385 518 2448 latior
551 2389 687 2456 est,
710 2382 777 2444 in
808 2390 1082 2445 cunctas
1112 2381 1410 2467 undique
1440 2383 1647 2467 partis

15 2501 219 2585 §plura
246 2498 479 2564 modo
514 2494 842 2583 dispargit
872 2503 938 2560 et
968 2497 1051 2562 ab
1082 2519 1155 2560 se
1187 2520 1475 2584 corpora
1500 2498 1734 2572 mittit,

48 2637 153 2679 nec
179 2616 383 2680 facile
415 2615 500 2677 in
528 2632 735 2675 venas
768 2612 952 2675 cib‘us
985 2613 1194 2675 omnis
1229 2611 1480 2676 diditur
1511 2613 1597 2687 ei,

51 2751 155 2793 nec
183 2731 353 2794 satis
390 2736 542 2803 est,
565 2747 690 2812 pro
722 2748 917 2811 quam
948 2726 1169 2812 largos
1202 2734 1551 2790 exaestuat
1579 2734 1803 2791 aestus
1822 2776 1837 2800 ,

50 2845 207 2908 unde
239 2849 471 2931 queat
499 2848 758 2905 tantum
788 2840 1072 2904 suboriri
1102 2863 1181 2904 ac
1210 2839 1671 2926 subpeditare.

51 2959 171 3022 iure
198 2959 416 3045 igitur
452 2961 774 3041 pereunt,
800 2975 944 3017 cum
976 2955 1306 3021 rarefacta
1334 2954 1603 3019 fluendo

15 3080 189 3135 nsunt
217 3081 284 3136 et
318 3092 486 3136 cum
520 3070 814 3133 externis
846 3071 1285 3135 succumbunt
1316 3072 1535 3134 omnia
1563 3071 1805 3156 plagis3

57 3184 605 3271 quandoquidem
632 3183 867 3270 grandi
897 3185 1082 3248 cibus
1113 3206 1279 3249 aevo
1314 3184 1601 3268 denique
1634 3184 1819 3258 defit,

58 3320 161 3362 nec
188 3300 578 3364 tuditantia
605 3320 741 3361 rem
774 3306 1042 3363 cessant
1073 3300 1487 3363 extrinsecus
1516 3300 1714 3362 ullam

57 3435 325 3500 corpora
359 3413 703 3478 conficere
736 3420 803 3476 et
832 3413 1044 3499 plagis
1074 3414 1319 3479 infesta
1351 3413 1653 3477 domare.

125 3528 226 3594 Sic
255 3531 482 3615 igitur
511 3527 731 3611 magni
764 3548 1031 3612 quoque
1063 3528 1310 3592 circum
1338 3528 1602 3593 moenia
1628 3529 1856 3592 mundi

15 3643 434 3730 'bexpugnata
466 3641 728 3704 dabunt
753 3642 968 3705 labem
996 3644 1345 3729 putrisque
1373 3644 1630 3706 ruinas:

57 3760 253 3822 omnia
287 3757 516 3822 debet
549 3755 723 3818 enim
752 3757 936 3820 cibus
965 3757 1299 3843 integrare
1328 3756 1644 3820 novando

55 3881 109 3936 et
131 3861 371 3937 fulcire
406 3870 601 3935 cibus
621 3919 636 3945 ‚
663 3871 844 3935 cibus
878 3872 1095 3936 omnia
1125 3879 1535 3947 sustentare,

54 4007 122 4049 ne
149 3990 480 4073 quiquam
502 4034 518 4060 ‚
545 3987 859 4069 quoniam
887 4008 1010 4050 nec
1040 4008 1249 4052 venae
1280 3987 1746 4073 perpetiuntur

60 4270 175 4316 1122
211 4266 356 4319 hilar
392 4267 413 4335 u
459 4272 596 4318 1124
636 4281 763 4316 cora
801 4266 821 4332 u
858 4271 986 4317 1129
1023 4245 1207 4320 de'bet.
1256 4265 1275 4336 ΙΙ
1327 4272 1455 4319 1135
1495 4287 1525 4321 a
1559 4286 1617 4322 se
1652 4270 1673 4339 Η
1716 4274 1843 4321 1136
1880 4268 2088 4323 deditur
2125 4268 2145 4336 Η
2186 4271 2313 4318 1138

53 4357 231 4416 queant
270 4349 292 4415 ΙΙ
339 4356 468 4425 114ξ
508 4348 689 4419 putris
728 4348 748 4417 ΙΙ
792 4354 914 4400 1147
953 4350 1101 4401 cibus
1137 4352 1306 4403 semel.
1345 4351 1364 4418 Η
1407 4356 1536 4401 1148
1575 4351 1690 4406 Nec
