2840 5008
1154 371 1219 436 V

48 548 272 610 omnia
297 547 523 610 nativo
557 567 635 607 ac
664 542 927 607 moftali
960 565 1245 629 corpore
1279 551 1622 608 constant.

49 661 252 727 debet
282 659 517 724 eodem
550 659 760 723 omnis
790 657 1020 721 mundi
1052 666 1290 721 natura
1320 659 1570 745 putari.

47 777 292 861 quippe
324 776 568 838 etenim
587 823 601 848 ‚
626 795 910 857 quorum
940 774 1150 859 partis
1184 781 1253 836 et
1280 774 1578 836 membra
1606 772 1912 836 videmus

48 912 328 977 corpore
357 889 586 953 nativo
618 908 696 950 ac
725 889 1115 952 mortalibus
1148 909 1294 951 esse
1325 888 1584 972 figuris,

46 1005 209 1069 haec
243 1003 473 1068 eadem
502 1002 710 1065 ferme
739 1003 1043 1067 mortalia
1074 1004 1400 1065 cernimus
1434 1023 1582 1066 esse

48 1130 108 1183 et
138 1121 364 1183 nativa
395 1116 622 1180 simul.
648 1138 780 1200 qua
808 1125 1089 1202 propter
1120 1118 1401 1179 maxima
1433 1116 1659 1179 mundi

47 1257 189 1297 cum
218 1231 482 1297 videam
510 1232 806 1294 membra
836 1251 914 1293 ac
947 1231 1156 1315 partis
1188 1241 1583 1317 consumpta
1611 1233 1861 1317 regigni
1879 1281 1892 1306 ,

10 1387 12 1406 .
46 1349 211 1411 scire
246 1347 400 1410 licet
431 1347 595 1410 caeli
629 1366 898 1430 quoque
928 1346 1082 1407 item
1112 1353 1467 1429 terraeque
1496 1344 1700 1409 fuisse

48 1462 430 1548 principiale
463 1458 739 1544 aliquod
768 1468 1032 1544 tempus
1066 1458 1456 1544 clademque
1485 1459 1801 1524 futuram.

117 1575 297 1640 Illud
326 1577 395 1639 in
422 1576 529 1637 his
557 1575 757 1637 rebus
786 1576 872 1636 ne
903 1574 1306 1659 corripuisse
1337 1576 1545 1638 rearis

47 1713 138 1753 me
167 1691 364 1766 mihi,
390 1688 575 1775 quod
606 1697 851 1752 terram
882 1697 1082 1773 atque
1113 1690 1333 1774 ignem
1365 1691 1669 1755 mortalia
1699 1694 1948 1777 sumpsi

50 1828 185 1869 esse
208 1855 223 1881 ‚
248 1825 469 1888 neque
499 1825 792 1866 umorem
825 1803 1123 1867 dubitavi
1152 1825 1486 1890 aurasque
1519 1808 1736 1891 perire
1756 1858 1769 1880 ‚

9 1935 17 1984 l
48 1929 237 2005 atque
272 1918 503 1982 eadem
532 1918 712 2003 gigni
740 1941 1106 2004 rursusque
1137 1941 1498 2005 augescere
1530 1919 1695 1996 dixi,

50 2033 366 2119 principio
398 2054 557 2116 pars
587 2033 790 2096 terrai
817 2055 954 2096 non
985 2034 1164 2097 nulla
1182 2083 1197 2109 ‚
1223 2046 1499 2121 perusta

10 2219 11 2228 χ
51 2150 294 2213 solibus
327 2146 629 2211 adsiduis
648 2196 662 2222 ‚
686 2148 893 2211 multa
922 2150 1186 2234 pulsata
1215 2148 1465 2234 pedum
1496 2151 1594 2223 vi,

50 2265 332 2348 pulveris
364 2263 633 2326 exhalat
661 2260 967 2326 nebulam
996 2266 1342 2348 nubesque
1374 2265 1664 2329 volantis
1683 2316 1697 2340 ‚

53 2401 201 2463 quas
238 2376 440 2441 validi
471 2385 617 2442 toto
650 2376 1042 2464 dispergunt
1072 2385 1223 2442 aere
1256 2381 1471 2444 venti.

48 2517 186 2579 pars
221 2494 417 2557 etiam
447 2493 791 2578 glebarum
821 2492 908 2556 ad
940 2493 1250 2559 diluviem
1278 2504 1637 2560 revocatur

12 2606 13 2637 l
51 2610 357 2674 imbribus
376 2657 390 2683 ‚
414 2616 483 2672 et
509 2609 690 2693 ripas
720 2608 1026 2673 radentia
1053 2610 1320 2675 flumina
1347 2609 1631 2675 rodunt.

12 2760 15 2817 ς
53 2732 389 2806 praeterea
418 2745 544 2808 pro
575 2731 766 2807 parte
797 2746 948 2799 sua,
973 2724 1159 2809 quod
1189 2747 1470 2811 cumque
1502 2726 1638 2789 alid
1667 2737 1892 2813 auget,

55 2839 374 2903 redditur:
400 2846 470 2902 et
499 2838 808 2922 quoniam
840 2839 1043 2902 dubio
1076 2840 1314 2926 procul
1345 2862 1492 2904 esse
1525 2841 1789 2906 videtur

57 2956 464 3040 omniparens
496 2950 726 3015 eadem
757 2975 975 3016 rerum
1008 2976 1355 3018 commune
1385 2956 1794 3040 sepulcrum,

13 3078 25 3127 l
55 3089 192 3154 ergo
224 3078 410 3133 terra
441 3067 559 3132 tibi
587 3068 832 3131 libatur
864 3076 931 3132 et
959 3078 1155 3133 aucta
1184 3070 1531 3133 recrescit.

122 3183 322 3264 Quod
352 3203 556 3268 super
587 3190 722 3257 est,
746 3204 976 3246 umore
1005 3205 1184 3246 novo
1215 3205 1394 3248 mare
1424 3183 1691 3247 flumina
1718 3185 1941 3250 fontes

16 3284 19 3353 ¹.
56 3320 296 3386 semper
326 3296 671 3361 abundare
703 3305 770 3360 et
798 3297 1027 3361 latices
1056 3320 1324 3363 manare
1354 3300 1667 3382 perennis

16 3402 17 3413 ¹
57 3412 128 3475 nil
153 3436 325 3498 opus
360 3420 466 3476 est
492 3411 750 3474 verbis:
777 3433 1052 3497 magnus
1086 3413 1408 3477 decursus
1442 3435 1761 3498 aquarum

56 3527 330 3613 undique
362 3526 693 3590 declarat.
717 3526 840 3590 sed
870 3528 1150 3613 primum
1182 3527 1501 3613 quicquid
1532 3531 1730 3613 aqua-i

17 3636 32 3699 b
56 3642 290 3708 tollitur
308 3694 323 3719 ‚
344 3643 415 3705 in
444 3663 831 3726 summaque
859 3643 934 3706 fit
961 3651 1038 3706 ut
1064 3644 1155 3707 nil
1186 3664 1374 3706 umor
1405 3642 1735 3720 abundet,

20 3802 21 3805 ,
60 3759 274 3839 partim
306 3756 494 3843 quod
522 3756 726 3820 validi
754 3767 1102 3823 verrentes
1133 3779 1435 3842 aequora
1462 3759 1647 3822 venti

60 3868 410 3937 diminuunt
436 3870 781 3955 radiisque
810 3880 1121 3936 retexens
1153 3872 1487 3938 aetherius
1519 3873 1648 3946 sol,

62 3988 274 4068 partim
307 3986 495 4073 quod
527 3992 759 4071 supter
789 4008 911 4072 per
940 3995 1157 4050 terras
1191 3986 1442 4051 diditur
1472 3988 1715 4051 omnis:

62 4104 420 4182 percolatur
452 4102 625 4165 enim
655 4101 836 4165 virus
855 4151 870 4177 ‚
893 4109 1213 4187 retroque
1241 4112 1542 4167 remanat

64 4349 155 4397 235)
189 4347 361 4402 eadem
399 4349 420 4417 ΙΙ
461 4356 558 4401 241
602 4351 834 4403 nativom
874 4352 893 4418 ΙΙ
926 4359 1026 4443 Δ245
1068 4352 1214 4405 idem·
1245 4354 1264 4421 ΙΙ
1303 4359 1397 4404 251
1439 4353 1544 4405 ulla
1583 4354 1601 4423 ΙΙ
1638 4360 1736 4405 264
1775 4352 2026 4423 quidquid

2177 367 2309 435 165
