2840 5008
426 409 516 476 22
1540 408 1570 474 I

426 580 585 665 quid
617 604 822 666 porro
855 589 1221 666 nequeant,
1250 580 1575 645 sancitum
1606 579 2146 666 quandoquidem
2177 584 2364 643 extat
2382 629 2398 653 ‚

424 717 547 758 nec
578 694 1018 761 commutatur
1050 697 1402 781 quicquam
1423 744 1438 770 ‚
1460 696 1619 779 quin
1648 696 1865 759 omnia
1895 701 2207 758 constent

423 832 636 895 usque
667 810 836 874 adeo
857 859 872 885 ‚
895 811 1118 874 variae
1148 810 1456 873 volucres
1488 818 1561 872 ut
1588 810 1656 872 in
1687 808 1921 872 ordine
1954 816 2233 872 cunctae

282 939 378 986 590
425 924 787 988 ostendant
816 925 1108 988 maculas
1137 924 1465 1010 generalis
1498 946 1781 1009 corpore
1810 925 2060 995 inesse,

423 1038 805 1102 inmutabili'
826 1041 1139 1104 materiae
1171 1060 1441 1123 quoque
1471 1060 1719 1123 corpus
1748 1038 1998 1101 habere

426 1151 708 1228 debent,
729 1154 797 1217 ni
827 1154 1059 1217 mirum
1079 1174 1263 1216 :nam
1293 1153 1347 1216 si
1375 1150 1742 1236 primordia
1769 1173 1990 1215 rerum

364 1332 375 1339 ,
425 1268 815 1330 commutari
843 1268 1066 1352 aliqua
1093 1274 1376 1352 possent
1404 1267 1663 1329 ratione
1694 1267 1947 1329 revicta
1965 1314 1980 1339 ‚

420 1380 743 1444 incertum
777 1403 1045 1465 quoque
1074 1382 1200 1443 iam
1233 1387 1500 1442 constet
1530 1378 1691 1462 quid
1717 1380 1940 1466 possit
1968 1380 2155 1452 oriri,

281 1509 375 1554 595
424 1494 586 1579 quid
613 1505 907 1578 nequeat
929 1543 943 1569 ‚
966 1495 1150 1557 finita
1177 1501 1484 1580 potestas
1516 1492 1803 1579 denique
1834 1495 2072 1577 cuique
2157 1518 2161 1522 ·

423 1629 556 1690 qua
583 1630 734 1671 nam
765 1610 852 1671 sit
880 1609 1137 1671 ratione
1166 1615 1369 1694 atque
1399 1608 1529 1672 alte
1557 1608 1873 1671 terminus
1902 1608 2217 1681 haerenS‚

422 1742 544 1784 nec
573 1722 820 1785 totiens
848 1730 1129 1808 possent
1158 1723 1521 1807 generatim
1553 1722 1775 1784 saecla
1802 1722 2052 1785 referre

422 1844 729 1899 naturam
757 1858 977 1899 mores
1007 1837 1254 1900 victum
1286 1843 1642 1920 motusque
1671 1844 2021 1919 parentum
2043 1883 2056 1896 .

504 1949 676 2013 Tum
704 1972 910 2037 porro
943 1952 1101 2036 quia
1128 1972 1280 2014 nam
1311 1958 1418 2014 est
1449 1960 1816 2014 extremum
1847 1948 2165 2033 quodque
2196 1971 2535 2016 cacumen

277 2079 374 2126 600
420 2065 726 2148 corporis
756 2065 953 2128 ullius
974 2114 988 2140 ‚
1014 2065 1200 2151 quod
1227 2066 1442 2130 nostri
1474 2084 1745 2128 cernere
1775 2084 2012 2126 sensus

420 2177 547 2240 iam
576 2180 966 2262 nequeunt?
985 2179 1057 2242 id
1076 2228 1090 2254 ‚
1113 2180 1179 2242 ni
1209 2181 1443 2243 mirum
1461 2227 1476 2254 ,
1499 2179 1641 2242 sine
1669 2179 1973 2263 partibus
2005 2185 2191 2241 extat

423 2303 491 2354 et
518 2291 781 2354 minima
812 2302 1082 2357 constat
1110 2300 1351 2356 natura
1369 2341 1384 2369 ,
1408 2314 1533 2356 nec
1561 2292 1685 2356 fuit
1713 2313 2023 2376 umquam

420 2426 542 2490 per
573 2427 645 2469 se
676 2416 1003 2470 secretum
1030 2428 1250 2492 neque
1277 2413 1438 2491 post
1463 2407 1593 2469 hac
1626 2426 1773 2469 esse
1801 2405 2080 2485 valebit,

421 2521 694 2585 alterius
727 2524 1103 2607 quoniamst
1129 2524 1346 2608 ipsum
1374 2544 1533 2607 pars
1553 2571 1568 2595 ,
1589 2522 1936 2609 primaque
1967 2528 2035 2583 et
2062 2542 2195 2583 una

278 2650 375 2696 605
417 2634 576 2698 inde
606 2637 772 2699 aliae
803 2644 1005 2721 atque
1035 2638 1200 2701 aliae
1230 2636 1473 2700 similes
1508 2658 1593 2699 ex
1621 2635 1855 2699 ordine
1885 2643 2113 2721 partes

421 2750 676 2833 agmine
707 2750 1048 2815 condenso
1079 2761 1384 2815 naturam
1414 2751 1718 2838 corporis
1750 2750 2050 2834 explent3

422 2884 594 2947 quae
625 2865 935 2947 quoniam
964 2886 1085 2949 per
1115 2887 1188 2929 se
1215 2874 1560 2950 nequeunt
1589 2872 1900 2929 constare
1919 2912 1934 2937 ‚
1955 2868 2299 2926 necessest

418 2976 697 3039 haerere
726 2977 906 3040 unde
937 2986 1184 3062 queant
1212 2980 1394 3043 nulla
1422 2982 1684 3046 ratione
1711 2977 1970 3040 revelli.

421 3099 580 3187 sunt
604 3091 804 3176 igitur
835 3079 1050 3155 solida
1076 3092 1445 3180 primordia
1474 3091 1920 3175 simplicitate,

276 3222 379 3268 610
426 3226 596 3289 quae
624 3205 902 3268 minimis
934 3207 1183 3293 stipata
1205 3206 1580 3281 cohaerent
1606 3203 1909 3289 partibus
1940 3206 2113 3275 arte,

419 3342 556 3383 non
587 3340 671 3382 ex
699 3319 985 3383 ullorum
1016 3329 1353 3384 conventu
1382 3317 1761 3390 conciliata,

421 3432 544 3498 sed
572 3435 780 3519 magis
811 3442 1081 3497 aeterna
1108 3432 1432 3518 pollentia
1463 3431 1880 3515 simplicitate
1900 3478 1914 3503 ‚

416 3548 597 3612 unde
625 3532 855 3633 neque*
875 3546 1066 3612 avelli
1099 3546 1452 3629 quicquam
1481 3565 1700 3629 neque
1733 3544 2022 3607 deminui
2048 3545 2177 3608 iam

418 3662 728 3726 concedit
755 3670 995 3726 natura
1021 3662 1377 3723 reservans
1409 3660 1659 3723 semina
1684 3660 1917 3723 rebus,

214 3781 219 3788 “
274 3795 370 3839 615
412 3785 763 3862 praeterea
791 3776 917 3839 nisi
947 3775 1074 3838 erit
1100 3774 1433 3838 minimum
1454 3825 1468 3851 ‚
1490 3775 1883 3860 parvissima
1909 3793 2219 3858 quaeque

419 3912 704 3977 corpora
733 3890 1140 3953 constabunt
1171 3874 1587 3975 ex‘partibus
1616 3889 1919 3965 infinitis3

417 4005 807 4091 quippe.ubi
838 4003 1144 4068 dimidiae
1175 4006 1387 4090 partis
1415 4028 1577 4091 pars
1606 4025 1866 4089 semper
1894 4002 2170 4067 habebit

420 4287 518 4333 588
554 4282 832 4334 comitatur
869 4282 888 4349 ΙΙ
926 4288 1200 4334 constant.
1239 4281 1257 4349 ΙΙ
1297 4288 1389 4332 591
1435 4279 1775 4333 Iiiinutabiles
1814 4282 1833 4350 Η
1872 4288 1969 4333 599
2009 4282 2255 4351 quoniam
2293 4280 2313 4346 ΙΙ
2352 4286 2451 4334 600
2478 4283 2639 4343 illius
2685 4293 2709 4360 ss

419 4368 514 4413 606
553 4362 760 4431 explet.
799 4363 818 4430 Η
857 4369 954 4415 608
991 4363 1096 4414 ulla
1133 4364 1152 4432 ΙΙ
1194 4370 1286 4414 611
1330 4362 1535 4416 illorum
1574 4364 1593 4433 Η
1632 4370 1728 4415 613
1768 4371 1900 4416 tam.
