2840 5008
1131 383 1227 453 III
2222 394 2311 460 97

57 583 163 625 nec
190 560 399 624 refert
427 568 662 624 utrum
694 567 929 646 pereat
957 558 1264 643 dispersa
1291 580 1413 644 per
1444 580 1643 623 auras

15 695 24 738 s
57 698 128 739 an
154 682 510 739 contracta
540 675 680 738 suis
712 695 748 737 e
775 674 1080 758 partibus
1111 674 1576 749 obbrutescat‚

57 789 304 875 quando
336 788 684 853 hominem
713 794 928 851 totum
955 787 1164 872 magis
1194 809 1273 852 ae
1302 789 1512 873 magis
1539 787 1836 878 undique
1867 812 2104 855 sensus

58 904 257 967 deficit
285 911 357 967 et
385 903 575 966 vitae
604 903 818 966 minus
850 909 918 965 et
945 902 1158 965 minus
1185 901 1486 988 undique
1518 911 1759 967 restat.

124 1019 208 1082 Et
235 1017 566 1103 quoniam
594 1039 783 1081 mens
814 1026 918 1081 est
943 1016 1230 1079 hominis
1259 1037 1419 1103 pars
1449 1039 1617 1093 una,
1638 1018 1788 1082 loco
1821 1041 1991 1104 quae

56 1132 172 1195 fixa
195 1140 424 1196 manet
456 1139 650 1196 certo
671 1180 686 1207 ,
710 1132 818 1195 vel
845 1138 922 1195 ut
951 1152 1146 1195 aures
1176 1138 1379 1216 atque
1410 1132 1585 1196 oculi
1615 1141 1774 1196 sunt

16 1265 25 1307 ι
63 1254 243 1331 atque
274 1247 401 1310 alii·
420 1267 666 1310 sensus
699 1245 812 1330 qui
841 1245 1044 1309 vitam
1074 1266 1357 1329 eumque
1385 1247 1788 1331 gubernant,

61 1368 117 1422 et
139 1361 241 1423 vel
269 1360 370 1424 uti
400 1381 648 1424 manus
678 1367 795 1423 aut
823 1360 1056 1424 oculus
1085 1381 1366 1424 naresve
1395 1382 1698 1425 seorsum

60 1483 299 1538 secreta
329 1475 418 1539 ab
450 1473 652 1538 nobis
680 1482 1025 1559 nequeunt
1052 1475 1298 1540 sentire
1325 1495 1548 1559 neque
1579 1494 1725 1536 esse
1743 1521 1758 1545 ‚

63 1586 169 1650 sed
195 1597 425 1652 tamen
456 1589 527 1651 in
555 1608 768 1674 parvo
799 1589 1134 1652 lincuntur
1160 1596 1461 1671 tempore
1493 1586 1659 1660 tabi,
1736 1628 1741 1634 -

63 1702 145 1764 sic
170 1703 428 1765 animus
459 1724 586 1787 per
615 1722 688 1765 se
716 1724 853 1767 non
885 1703 1030 1787 quit
1056 1702 1197 1763 sine
1228 1719 1511 1782 corpore
1541 1707 1608 1763 et
1634 1700 1782 1786 ipso

15 1832 30 1874 5
65 1836 192 1879 esse
218 1816 494 1880 homine
514 1864 530 1891 ‚
550 1816 724 1880 illius
756 1816 946 1901 quasi
977 1811 1161 1898 quod
1189 1833 1310 1876 vas
1342 1813 1489 1877 ess‘e
1517 1813 1809 1889 videtur,

69 1930 191 1992 sive
219 1929 406 1993 aliud
438 1929 608 2015 quid
635 1930 736 1992 vis
764 1916 988 2013 potius
1019 1927 1436 1991 coniunctius
1468 1928 1527 1990 ei

66 2042 288 2127 fingere
309 2091 324 2118 ‚
349 2041 902 2128 quandoquidem
933 2060 1191 2104 conexu
1223 2062 1471 2125 eorpus
1502 2040 1826 2108 adhaeret

69 2155 332 2242 denique
352 2206 368 2234 ‚
393 2158 700 2244 eorporis
730 2164 932 2240 atque
963 2156 1158 2219 animi
1190 2155 1412 2219 vivata
1439 2163 1745 2242 potestas

65 2270 212 2334 inter
241 2293 315 2335 se
346 2262 712 2335 coniuncta
737 2271 965 2335 valent
991 2272 1262 2354 vitaque
1289 2269 1629 2335 fruuntur:

15 2397 33 2441 o
64 2404 169 2446 nec
196 2386 336 2449 sine
369 2405 662 2470 corpore
692 2385 862 2448 enim
894 2385 1111 2449 vitalis
1145 2383 1344 2448 edere
1374 2394 1593 2451 motus

68 2497 192 2561 sola
217 2508 452 2585 potest
481 2498 679 2562 animi
705 2522 828 2587 per
857 2521 929 2564 se
958 2508 1199 2564 natura
1226 2521 1351 2565 nee
1382 2510 1602 2566 autem

69 2632 308 2676 cassum
337 2614 562 2678 anima
589 2635 836 2700 eorpus
870 2614 1112 2680 durare
1143 2623 1211 2679 et
1239 2617 1548 2680 sensibus
1576 2619 1702 2682 uti.

70 2727 299 2792 seilicet
315 2776 331 2802 ‚
358 2730 636 2793 avolsus
664 2727 1002 2793 radicibus
1029 2737 1106 2793 ut
1132 2731 1368 2814 nequit
1393 2732 1592 2796 ullam

70 2838 376 2925 dispicere
406 2843 553 2928 ipse
586 2844 816 2907 oculus
848 2865 987 2907 rem
1018 2865 1318 2908 seorsum
1350 2867 1636 2932 corpore
1667 2855 1845 2923 tot0‚

21 2966 39 3010 ⁵
72 2952 150 3017 sic
177 2958 387 3022 anima
417 2968 622 3042 atque
651 2958 905 3022 animus
934 2979 1056 3043 per
1085 2980 1159 3021 se
1187 2959 1282 3022 nil
1308 2982 1513 3045 posse
1542 2961 1841 3027 videtur.

70 3068 125 3129 ni
150 3071 377 3135 mirum
397 3120 412 3148 ‚
437 3073 594 3157 quia
622 3093 742 3156 per
772 3093 975 3137 venas
1007 3081 1074 3136 et
1103 3074 1363 3138 viscera
1389 3076 1671 3151 mixtim,

74 3203 177 3264 per
199 3207 444 3251 nervos
475 3195 680 3271 atque
710 3208 900 3263 ossa,
926 3195 1237 3251 tenentur
1266 3209 1553 3274 corpore
1582 3192 1666 3255 ab
1699 3194 1876 3256 omni

75 3316 178 3361 nec
204 3301 456 3387 magnis
487 3301 856 3366 intervallis
885 3301 1252 3385 primordia
1278 3314 1568 3388 possunt

76 3408 256 3478 libera
284 3415 645 3480 dissultare
665 3465 680 3491 ,
701 3415 856 3480 ideo
888 3418 1204 3482 conclusa
1234 3426 1586 3485 moventur

27 3536 46 3579 0
79 3530 412 3594 sensiferos
441 3537 664 3594 motus
684 3579 699 3605 ‚
724 3512 897 3624 quos
929 3541 1123 3596 extra
1152 3554 1399 3618 eorpus
1428 3535 1494 3597 in
1525 3556 1723 3599 auras

77 3643 224 3707 aeris
251 3644 415 3710 haut
443 3653 733 3732 possunt
761 3654 921 3731 post
946 3655 1227 3712 mortem
1259 3649 1471 3712 eiecta
1497 3651 1750 3712 moveri

78 3766 410 3841 propterea
439 3761 597 3845 quia
623 3781 762 3825 non
794 3760 983 3824 simili
1011 3763 1271 3826 ratione
1300 3770 1645 3829 tenentur:

80 3887 296 3955 corpus
326 3874 499 3937 enim
529 3881 733 3959 atque
765 3875 1063 3939 animans
1095 3876 1220 3939 erit
1247 3883 1361 3943 aer
1379 3926 1394 3952 ‚
1419 3878 1475 3942 si
1504 3878 1819 3941 cohibere

86 4185 165 4232 544
198 4185 429 4257 disperse
465 4189 486 4256 ΙΙ
526 4195 624 4240 545
665 4189 997 4242 obruteseat.
1051 4191 1071 4259 ΙΙ
1112 4198 1207 4242 551
1247 4198 1404 4259 atque
1441 4193 1463 4261 ΙΙ
1502 4197 1597 4243 553
1637 4192 1909 4261 linguntur
1947 4193 1967 4260 ΙΙ
2003 4191 2117 4244 tali.
2155 4193 2175 4261 ΙΙ
2213 4199 2310 4243 555

84 4262 314 4326 hominem
349 4272 371 4340 ΙΙ
410 4289 567 4325 vasse
621 4272 642 4341 ΙΙ
697 4278 795 4325 564
835 4273 1020 4327 oculus
1059 4275 1173 4343 ipse
1229 4273 1250 4341 ΙΙ
1306 4280 1403 4326 566
1442 4292 1538 4344 per
1574 4284 1837 4329 omissum.
1879 4274 1899 4341 ΙΙ
1936 4275 2083 4327 mixti
2138 4275 2159 4341 ΙΙ
2213 4281 2307 4325 571

92 4363 302 4407 movere.
341 4356 360 4424 ΙΙ
399 4362 494 4409 573
534 4357 758 4408 animam
797 4358 927 4408 serit
2117 4356 2125 4361 ”

1871 4457 1907 4518 7
