2840 5008
1211 388 1278 456 V
1694 401 1697 404 ’
2204 388 2344 457 299

102 605 171 617 --
195 567 461 653 poss-int
478 613 500 645 ,
548 565 621 628 in
650 562 874 644 1v,641
908 563 1309 627 commioibzae
1330 610 1344 624 .
1389 582 1538 625 cum
1581 560 1917 647 quadrato
1962 561 2258 626 concinit
2282 563 2353 627 in

100 689 168 740 11,
187 663 319 728 245
350 664 685 728 videamus
715 670 784 726 et
807 661 879 725 in
907 681 997 735 vl,
1015 658 1136 723 725
1165 660 1439 745 opilare:
1467 660 1587 724 sed
1619 680 1859 725 versus
1887 659 2042 724 libri
2062 683 2109 725 v
2129 661 2253 726 952
2280 662 2352 726 in

101 759 468 848 quadrato
504 767 618 825 est
640 761 821 825 inter
850 766 1045 823 extra
1074 757 1263 823 clusa
1283 807 1300 835 ‚
1341 779 1563 844 neque
1597 758 1757 823 mihi
1784 759 2226 843 improbabile
2252 761 2353 824 vi·

102 860 311 924 detur
357 859 529 944 ipso
577 857 887 922 codicum
926 864 1315 922 nostrorum
1376 857 1753 944 archetypo
1805 876 1998 921 usum
2044 877 2195 922 esse
2239 859 2354 943 qui

101 956 277 1021 haec
326 963 677 1041 excerpta
720 954 1013 1020 confecit
1038 1003 1055 1035 ,
1103 955 1218 1041 qui
1259 976 1399 1019 non
1441 954 1570 1019 fuit
1613 954 1867 1019 codicis
1896 954 2354 1040 Sangallensis

104 1055 418 1139 scriptor
432 1104 446 1119 .
472 1055 725 1119 horum
743 1060 1216 1138 excerptorum
1231 1053 1395 1117 mihi
1412 1053 1670 1139 copiam
1689 1052 1854 1117 fecit
1868 1050 2035 1117 Otto
2049 1052 2325 1117 Iahnius
2340 1101 2354 1116 .

107 1152 292 1216 Mico
328 1153 765 1217 Centulanus
793 1152 1001 1216 levita
1019 1199 1036 1227 ‚
1081 1151 1195 1237 qui
1236 1151 1409 1215 vixit
1438 1150 1677 1214 eodem
1707 1150 1975 1214 saeculo
2004 1171 2188 1214 nono
2215 1151 2353 1215 ine-

107 1257 274 1314 unte
298 1300 315 1326 ‚
362 1252 439 1315 in
471 1250 772 1314 libellum
805 1271 939 1335 quo
972 1249 1277 1334 exempla
1306 1248 1702 1335 quantitatis
1730 1249 2216 1313 vocabulorum
2247 1269 2355 1312 or-

114 1346 273 1411 dine
305 1349 762 1433 alphabetico
793 1347 1093 1433 collegit,
1127 1355 1268 1411 tres
1298 1347 1594 1411 Lucretii
1622 1367 1862 1410 versus
1891 1367 1928 1410 e
1954 1346 2128 1411 libro
2161 1370 2210 1410 11
2232 1346 2355 1411 447

119 1443 237 1509 128
267 1446 400 1510 365
433 1445 767 1510 coniecit:
810 1443 882 1508 in
924 1445 1066 1509 eius
1094 1433 1300 1508 libelli
1329 1444 1565 1508 codice
1592 1443 2181 1509 Halberstadiensi
2210 1466 2369 1508 sae--

116 1541 269 1606 culo
300 1543 525 1610 tertio
567 1542 826 1607 decimo
870 1543 1126 1628 scripto
1149 1590 1166 1618 ‚
1210 1564 1409 1629 quem
1438 1543 1599 1606 mihi
1627 1542 1995 1608 Mauricius
2018 1542 2359 1627 Hauptius

121 1640 437 1705 ostendit
454 1688 474 1716 ‚
508 1640 837 1726 scriptum
856 1648 960 1704 est
981 1647 1061 1703 ut
1083 1639 1291 1706 debet
1311 1642 1620 1706 Dea-svare
1639 1652 1865 1728 queunt
1884 1642 2156 1705 animum
2176 1664 2358 1706 cura-

118 1758 232 1821 que
258 1739 476 1803 levare
492 1786 514 1818 ,
546 1758 696 1801 cum
724 1737 1103 1823 quadratus
1130 1738 1386 1804 habeat
1414 1740 1712 1803 Dirivare
1727 1786 1746 1819 ,
1778 1738 2112 1825 oblongus
2141 1759 2183 1802 a
2211 1760 2359 1803 cor-

122 1843 395 1900 rectore
430 1836 712 1923 curaque
730 1884 744 1899 .
1423 1830 1431 1836 ’

289 1933 442 1998 563.
510 1933 1001 1999 Communi-A
1060 1956 1348 1999 :tranis
1379 1983 1395 1997 .
1454 1933 1607 1999 Itali
1650 1940 1721 1998 et
1759 1934 2088 1999 Marullus
2149 1935 2362 1999 Cou-

128 2052 526 2098 1uncrus.

288 2132 439 2197 566.
487 2151 736 2195 naurs
793 2150 1103 2193 numm
1160 2152 1528 2194 rossum-r
1570 2130 2365 2195 Ann1cnnE.Adlicere

133 2246 278 2290 cum
308 2229 404 2294 sit
429 2230 631 2294 iactui
657 2227 767 2293 vel
795 2228 1055 2292 (5άίεοιωί
1077 2229 1526 2302 contrarium,
1554 2228 1749 2291 unice
1778 2248 2011 2291 verum
2042 2235 2148 2291 est
2177 2228 2364 2312 quod

129 2323 502 2391 Lambinus
547 2326 778 2413 posuit
817 2326 1113 2410 (urbane
1143 2325 1470 2411 Forbiger
1512 2347 1596 2389 ex
1640 2325 1782 2389 eius
1811 2325 2081 2411 ingenio
2104 2325 2365 2415 fliz-'mse

137 2421 334 2511 dicit)
367 2426 708 2500 Adiicere‚
735 2424 865 2488 nisi
895 2423 1084 2511 quod
1111 2431 1229 2488 aut
1259 2429 1586 2487 consueto
1616 2431 1922 2488 veterum
1948 2444 2136 2488 more
2166 2426 2280 2487 An
2298 2448 2365 2487 1-

136 2543 329 2587 cmu:
376 2523 819 2589 scribendum
859 2531 1005 2598 est,
1048 2532 1167 2587 aut
1208 2523 1428 2587 minus
1472 2521 1774 2608 vulgari,
1820 2520 1910 2585 de
1940 2542 2076 2606 quo
2108 2521 2247 2586 dixi
2275 2523 2365 2587 ad

135 2617 376 2685 librum
407 2647 484 2698 11,
503 2621 623 2685 951
644 2670 662 2701 ,
692 2622 989 2685 Adiecere
1008 2669 1021 2682 .

303 2720 450 2784 568.
497 2719 752 2784 N1n1n
809 2741 981 2782 n1s1
1041 2740 1608 2782 INTERVALLIS
1666 2741 1759 2781 nn
1821 2741 2185 2784 conronn
2244 2742 2365 2782 Ll-

66 2851 70 2855 .
143 2834 410 2880 saxnat
457 2817 1022 2882 FLAMMARUM.
1064 2816 1400 2880 Antonius
1430 2815 1630 2880 Marii
1659 2817 1895 2903 Nilque
1922 2818 2042 2881 nisi
2068 2840 2145 2881 ex
2180 2819 2367 2883 inter-

142 2914 350 2990 vallis,
397 2935 541 3000 quo
583 2915 756 2978 male
801 2916 1094 3000 probato
1139 2914 1346 2999 (nihil
1388 2916 1562 3000 enim
1605 2913 1694 2978 ad
1737 2915 2137 2979 sententiam
2167 2916 2368 3000 facit)

145 3008 474 3078 Marullus
519 3013 894 3077 rectissime
937 3013 1208 3099 scripsit
1248 3034 1594 3077 mann-r.
1638 3012 2018 3099 Naugerius
2064 3015 2185 3079 Nil
2220 3016 2370 3099 ipsis

145 3108 517 3188 intervallis,
560 3112 925 3176 Lambinus
968 3112 1096 3175 Illa
1136 3113 1272 3196 ipsa
1312 3112 1638 3175 intervalla
1679 3111 1871 3185 nihil,
1918 3110 2223 3175 Gifanius
2251 3112 2374 3176 Nil

147 3207 303 3271 visus
327 3211 693 3290 intervalla,
715 3208 1179 3274 Wakefieldus
1210 3209 1446 3275 Nihil·
1418 3233 1557 3295 apsa
1584 3210 1957 3273 intervalla
1930 3232 1998 3272 m
2022 3210 2107 3273 sis
2122 3257 2139 3289 ,
2166 3209 2368 3274 Eich-

147 3305 409 3373 stadius
431 3309 559 3375 Nil
581 3311 800 3374 misem
825 3309 1190 3373 intervalleis
1208 3355 1222 3371 .
1251 3308 1494 3371 horum
1523 3306 1691 3371 nihil
1716 3328 1954 3372 verum
1983 3328 2132 3373 esse
2162 3329 2370 3393 appa-

148 3408 282 3466 ret:
310 3404 874 3470 Eichstadianum
901 3407 971 3471 in
997 3406 1231 3490 primis
1258 3405 1564 3472 mirabile
1593 3413 1699 3470 est
1715 3454 1731 3481 ‚
1763 3427 1897 3493 quo
1927 3406 2117 3492 ipsae
2145 3405 2370 3471 radio-

152 3517 294 3563 rum
336 3505 735 3569 emissiones
774 3512 970 3568 tanto
1008 3504 1365 3569 intervallo
1394 3504 1620 3569 factae
1648 3504 1816 3569 nihil
1846 3503 1934 3568 de
1960 3503 2372 3568 flammarum

154 3615 443 3683 corpore
465 3601 888 3667 decorticare
911 3601 1260 3666 dicuntur:
1292 3603 1612 3688 probavit
1641 3604 1814 3667 enim
1842 3603 2099 3680 librant,
2128 3622 2266 3664 non
2295 3603 2370 3665 li-

156 3693 293 3762 bam
309 3745 325 3761 .
353 3701 518 3764 mihi
540 3700 706 3785 quid
728 3701 1086 3765 Lucretius
1110 3700 1379 3766 dederit
1401 3709 1591 3764 certo
1622 3699 1758 3763 dici
1785 3719 1990 3784 posse
2017 3718 2155 3762 non
2184 3698 2371 3763 vide-

158 3796 264 3857 tur
285 3794 326 3858 ε’
347 3798 474 3862 sed
519 3800 832 3885 quoniam
870 3800 1085 3884 spatiis
1123 3799 1257 3863 hoc
1293 3797 1826 3863 commodissime
1858 3796 2270 3862 adscribitur
2295 3804 2375 3861 ut

160 3888 242 3953 de
267 3892 519 3978 ignium
544 3918 832 3982 corpore
855 3904 972 3960 aut
994 3896 1250 3981 aliquid
1272 3904 1390 3960 aut
1409 3895 1579 3960 nihil
1598 3895 1812 3961 libent
1835 3894 2194 3959 demantve
2211 3942 2228 3970 ‚
2250 3917 2372 3981 po-

162 3994 294 4055 test
323 3995 491 4059 satis
520 4002 678 4080 apte
706 3995 933 4060 hiatus
966 3998 1064 4059 ita
1106 3996 1398 4080 expleri,
1445 3996 1566 4060 Nil
1603 4016 1697 4059 EA
1743 4018 1824 4058 m
1869 4018 1915 4058 ιι
1933 4017 2003 4059 1s
2047 3995 2376 4059 intervallis

163 4085 230 4149 de
257 4113 509 4176 corpore
537 4094 729 4157 libant
755 4092 1183 4158 Flammarum
1201 4140 1217 4156 .

323 4188 463 4254 570.
507 4189 648 4255 574.
700 4189 1252 4255 ΡΕιινΕΝισΝτ
1305 4213 1674 4255 Nos-rnos
1728 4211 1827 4253 An
1885 4212 2185 4253 seusus
2209 4237 2225 4263 ‚
2284 4211 2374 4250 Εἰ·
2453 4242 2459 4248 .

166 4300 368 4348 Loca
413 4310 823 4353 runcum-r.
869 4288 1059 4353 Haec
1101 4289 1258 4373 quia
1296 4310 1436 4351 non
1480 4289 1570 4353 ad
1609 4290 1830 4353 lumen
1872 4287 2072 4360 solis,
2119 4285 2243 4350 sed
2287 4284 2375 4349 ad

169 4380 426 4449 calorem
455 4389 774 4473 lmnenque
790 4388 1119 4474 profusum
1161 4394 1476 4471 spectant
1497 4434 1515 4464 ,
1554 4408 1690 4451 non
1735 4384 2077 4450 sufficiunt
2099 4409 2115 4462 ς
2157 4404 2377 4469 neque
