2840 5008
494 329 500 337 ’
534 375 674 442 234
942 394 945 395 f
1609 376 1710 443 vl

533 554 599 611 et
631 547 819 632 quasi
850 546 1254 623 concrescit,
1275 547 1351 610 fit
1368 596 1383 622 ‚
1407 548 1694 624 scilicet,
1716 556 1796 611 ut
1824 548 2129 613 coeundo

533 662 860 749 exprimat
885 661 953 724 in
982 668 1223 747 puteos
1254 661 1310 724 si
1340 683 1538 746 quem
1567 663 1740 748 gerit
1767 661 1916 747 ipsa
1946 663 2261 727 calorem.

612 776 785 839 Esse
817 774 998 861 apud
1026 775 1415 839 Hammonis
1444 775 1667 840 fanum
1696 776 1849 841 fons
1876 778 2024 841 luce
2055 777 2294 842 diurna

527 890 806 976 frigidus
838 898 906 953 et
936 889 1188 953 calidus
1216 897 1548 953 nocturno
1579 900 1882 976 tempore
1910 890 2156 955 fertur.

383 1025 483 1071 850
526 1007 705 1069 hunc
733 1005 1038 1068 homines
1067 1002 1323 1067 fontem
1342 1004 1542 1067 -nimis
1573 1005 1984 1071 admirantur
2015 1013 2083 1069 et
2110 1007 2246 1070 acri

526 1120 667 1185 sole
696 1125 939 1206 putant
967 1126 1200 1205 supter
1228 1125 1446 1182 terras
1476 1118 1854 1184 fervescere
1883 1120 2157 1205 raptim,

524 1256 662 1298 nox
691 1234 805 1297 ubi
834 1233 1115 1298 terribili
1141 1240 1357 1296 terras
1389 1232 1668 1317 caligine
1696 1233 1893 1296 texit.

527 1347 713 1433 quod
741 1347 930 1411 nimis
962 1369 1001 1410 a
1029 1355 1258 1410 verast
1283 1347 1482 1432 longe
1510 1348 1770 1411 ratione
1798 1354 2156 1410 remotum:

527 1464 775 1548 quippe
794 1511 810 1535 ‚
832 1461 946 1526 ubi
976 1462 1078 1525 sol
1108 1460 1360 1524 nudum
1390 1469 1818 1525 contractans
1849 1483 2093 1546 corpus
2124 1463 2321 1546 aquai

379 1594 476 1640 855
521 1598 658 1640 non
690 1566 929 1660 quierit
957 1574 1241 1640 calidum
1270 1598 1515 1661 supera
1547 1575 1630 1639 de
1659 1575 1943 1640 reddere
1972 1584 2195 1659 parte,

525 1712 674 1753 cum
704 1711 1016 1775 superum
1043 1690 1264 1753 lumen
1291 1698 1484 1754 tanto
1515 1689 1781 1755 fervore
1810 1691 2098 1763 fruatur,

527 1806 639 1887 qui
671 1811 874 1889 queat
900 1802 1010 1866 hic
1040 1810 1274 1890 supter
1292 1811 1438 1867 tam
1469 1826 1696 1868 crasso
1728 1825 2012 1889 corpore
2041 1812 2288 1868 terram

526 1938 993 2003 perquoquere
1022 1939 1317 1981 umorem
1348 1926 1415 1982 et
1446 1918 1661 2003 calido
1691 1919 1933 1982 satiare
1961 1919 2261 2004 vapore?

522 2032 914 2117 praesertim
946 2055 1093 2096 cum
1121 2032 1235 2095 vix
1265 2033 1481 2118 possit
1508 2054 1629 2117 per
1659 2043 1854 2118 septa
1883 2032 2230 2096 domorum

379 2166 479 2212 860
522 2148 857 2211 insinuare
887 2168 1077 2209 suum
1107 2144 1310 2209 radiis
1342 2145 1732 2210 ardentibus
1762 2155 2050 2211 aestum.

525 2282 696 2346 quae
725 2261 965 2324 ratiost
990 2260 1190 2344 igitur
1207 2260 1239 2322 P
1259 2261 1330 2322 ni
1356 2261 1593 2323 mirum
1610 2309 1625 2335 ‚
1647 2267 1827 2324 terra
1855 2261 2061 2344 magis
2095 2258 2279 2344 quod

520 2397 674 2439 rara
700 2382 888 2460 tepet
916 2375 1162 2437 circum
1187 2372 1442 2437 fontem
1474 2395 1673 2458 quam
1702 2381 1926 2438 cetera
1952 2368 2181 2449 tellus,

518 2490 860 2575 multaque
890 2495 1046 2554 sunt
1072 2487 1241 2573 ignis
1272 2511 1487 2576 prope
1517 2467 1766 2552 semina
1797 2512 2041 2576 corpus
2073 2489 2297 2574 aquai.

520 2605 653 2669 hoc
682 2605 795 2668 ubi
821 2602 1117 2672 roriferis
1148 2610 1392 2666 terram
1423 2626 1561 2667 nox
1591 2604 1815 2668 obruit
1841 2604 2119 2679 umbriS‚

377 2736 474 2781 865
521 2720 854 2805 extemplo
885 2717 1152 2804 penitus
1181 2717 1479 2802 frigescit
1505 2726 1688 2781 terra
1719 2718 2013 2802 coitque:

521 2833 651 2896 hac
678 2834 936 2897 ratione
966 2832 1042 2895 fit
1069 2839 1143 2894 ut
1161 2880 1177 2907 ‚
1199 2840 1335 2895 tam
1367 2852 1567 2916 quam
1598 2853 1984 2917 compressa
2010 2852 2210 2894 manu
2240 2831 2360 2906 sit,

524 2948 849 3033 exprimat
875 2948 942 3009 in
971 2945 1227 3009 fontem
1257 2967 1429 3030 quae
1460 2946 1710 3009 semina
1740 2967 2020 3030 cumque
2048 2944 2254 3009 habet
2280 2944 2482 3029 igniS‚

525 3083 694 3146 quae
724 3060 1008 3124 calidum
1036 3058 1290 3123 faciunt
1318 3066 1535 3144 aqiiae
1563 3067 1814 3123 tactum
1844 3068 2047 3144 atque
2079 3079 2416 3143 saporem.

520 3174 677 3237 inde
707 3175 820 3239 ubi
850 3174 953 3239 sol
980 3174 1184 3238 radiis
1215 3181 1461 3238 terram
1493 3173 1770 3238 dimovit
1799 3175 2080 3237 obortus

379 3307 476 3353 870
523 3298 592 3352 et
618 3310 769 3352 rare
798 3288 957 3352 fecit
987 3287 1201 3352 calido
1232 3282 1864 3373 gliscente'vapore,

522 3426 755 3468 rursus
782 3404 851 3466 in
881 3404 1191 3487 antiquas
1221 3401 1512 3465 redeunt
1539 3401 1904 3489 primordia
1934 3398 2130 3464 sedes

521 3519 691 3605 ignis
712 3567 726 3592 ‚
750 3525 816 3581 et
843 3518 912 3580 in
944 3524 1191 3580 terram
1222 3514 1403 3579 cedit
1433 3516 1615 3579 calor
1646 3516 1857 3579 omnis
1889 3515 2114 3599 aquai.

522 3632 801 3719 frigidus
830 3623 1008 3695 hanc
1038 3632 1124 3694 ob
1153 3651 1293 3694 rem
1320 3630 1395 3694 fit
1423 3630 1577 3694 fons
1605 3632 1673 3693 in
1702 3632 1850 3694 luce
1882 3629 2146 3718 diurnaf

523 3756 874 3834 praeterea
901 3746 1062 3831 solis
1090 3744 1295 3808 radiis
1324 3745 1611 3807 iactatur
1642 3745 1840 3829 aquai

381 3881 479 3926 875
522 3885 713 3926 umor
744 3870 811 3927 et
837 3863 905 3925 in
933 3862 1147 3924 lucem
1176 3858 1460 3925 tremulo
1490 3859 1774 3922 rarescit
1802 3857 1886 3921 ab
1918 3863 2145 3919 aestu:

530 4182 627 4238 846
664 4177 717 4228 in
764 4177 785 4245 ΙΙ
832 4180 930 4227 849
982 4171 1226 4241 Frigidas
1275 4173 1296 4240 ΙΙ
1346 4176 1441 4222 851
1491 4171 1706 4239 partim.
1759 4170 1777 4237 ΙΙ
1827 4175 1924 4222 857
1962 4183 2122 4237 super
2168 4166 2188 4234 ΙΙ
2239 4170 2339 4217 858
2377 4165 2682 4234 Perquocerc
2714 4145 2729 4214 Π

531 4259 739 4312 soclare
775 4256 794 4327 ΙΙ
834 4262 933 4309 860
971 4274 1086 4309 sum
1124 4254 1144 4326 ΙΙ
1183 4260 1279 4306 862
1307 4254 1449 4306 Para
1470 4261 1619 4306 tenet
1654 4253 1674 4322 ΙΙ
1715 4258 1812 4305 864
1848 4250 2030 4304 undis.
2070 4249 2090 4319 Η
2129 4255 2224 4301 865
2265 4248 2476 4301 sonitus
2512 4247 2531 4317 ΙΙ
2567 4234 2726 4297 86818·

528 4344 647 4394 ticis
687 4341 706 4412 ΙΙ
746 4356 1023 4410 vaporem.
1069 4338 1088 4408 ΙΙ
1127 4344 1224 4390 870
1261 4337 1516 4389 miscente
1553 4333 1573 4403 ΙΙ
1614 4343 1712 4389 874
1749 4334 1891 4389 radis
2761 4343 2766 4436 Ι
