2840 5008
535 411 627 477 84
1392 439 1428 460 ··
1615 408 1709 474 III

532 582 821 647 laetitiae
852 582 1174 645 mulcent:
1197 580 1307 643 hic
1338 601 1499 666 ergo
1529 602 1716 644 mens
1746 582 2231 667 animusquest.

534 704 758 760 cetera
785 718 943 782 pars
973 696 1225 759 animae
1258 716 1375 780 per
1402 702 1620 758 totum
1650 695 1885 760 dissita
1913 719 2159 781 corpus

533 821 729 897 paret
759 819 827 875 et
855 810 943 874 ad
971 832 1214 873 numen
1244 810 1483 873 mentis
1511 831 1906 894 momenque
1935 820 2269 876 movetur.

393 945 487 989 145
529 926 733 1011 idque
764 926 888 990 sibi
919 925 1132 989 solum
1161 946 1283 1010 per
1312 945 1386 987 se
1417 924 1717 1009 sapitzid
1747 926 1872 989 sibi
1901 926 2175 1010 gaudet,

534 1064 681 1105 cum
709 1061 927 1125 neque
956 1040 1375 1103 res.animam
1405 1060 1624 1124 neque
1654 1061 1902 1125 corpus
1933 1049 2307 1104 commovet
2336 1064 2484 1105 una
2507 1092 2522 1105 .

533 1165 601 1221 et
631 1156 855 1241 quasi,
879 1178 1025 1219 cum
1057 1162 1260 1242 caput
1288 1161 1404 1218 aut
1433 1154 1664 1217 oculus
1692 1160 2062 1239 temptante
2094 1154 2328 1218 dolore

530 1269 817 1334 laeditur
845 1270 911 1332 in
940 1270 1139 1334 nobis
1159 1318 1173 1343 ‚
1195 1291 1333 1332 non
1364 1269 1540 1332 omni
1572 1270 2070 1331 concruciamur

535 1407 819 1470 corpore
840 1434 855 1460 ‚
877 1386 971 1448 sic
1003 1384 1255 1447 animus
1285 1405 1424 1446 non
1454 1404 1808 1466 numquam
1838 1382 2124 1447 laeditur
2151 1384 2294 1469 ipsc

393 1517 486 1563 150
530 1500 912 1583 laetitiaque
941 1499 1122 1585 viget
1141 1548 1155 1572 ‚
1179 1519 1325 1561 cum
1356 1505 1580 1560 cetera
1609 1518 1766 1582 pars
1796 1498 2032 1561 animai

530 1635 653 1698 per
680 1615 975 1678 membra
1003 1620 1205 1697 atque
1236 1619 1420 1675 artus
1451 1612 1633 1674 nulla
1659 1612 1957 1675 novitate
1990 1594 2229 1676 cietur:

527 1749 760 1792 verum
787 1728 901 1791 ubi
929 1727 1218 1791 vementi
1244 1727 1454 1811 magis
1486 1732 1588 1789 est
1619 1733 1949 1790 commota
1976 1734 2156 1790 metu
2185 1749 2373 1791 mens
2391 1779 2406 1803 ,

532 1842 911 1906 consentire
941 1842 1222 1904 animam
1253 1849 1461 1904 totam
1491 1861 1612 1926 per
1639 1841 1936 1903 membra
1963 1841 2292 1917 videm11S‚

529 1955 949 2041 sudoresque
976 1957 1071 2020 ita
1100 1956 1556 2042 palloremque
1588 1955 1872 2018 existere
1902 1963 2049 2020 toto

390 2089 484 2133 155
529 2092 815 2157 corpore
847 2079 913 2134 et
939 2070 1209 2155 infringi
1236 2070 1528 2155 linguam
1557 2090 1927 2153 vocemque
1958 2071 2234 2143 aboriri,

531 2186 816 2271 caligare
847 2185 1079 2249 oculos
1099 2233 1113 2259 ‚
1136 2205 1375 2248 sonere
1405 2184 1585 2248 auris
1606 2232 1620 2257 ‚
1644 2182 1989 2246 succidere
2020 2193 2206 2247 artus
2226 2235 2240 2260 ‚

531 2301 820 2385 denique
852 2298 1204 2363 concidere
1238 2320 1320 2361 ex
1350 2299 1546 2361 animi
1573 2306 1834 2361 terrore
1864 2299 2165 2363 videmus

530 2436 732 2500 saepe
760 2414 1059 2478 homines
1080 2436 1095 2490 3
1116 2412 1306 2475 facile
1338 2420 1412 2475 ut
1444 2412 1659 2495 quivis
1687 2411 1845 2477 hinc
1871 2435 2152 2477 noscere
2183 2416 2400 2499 possit

532 2553 679 2596 esse
710 2531 990 2594 animam
1018 2551 1167 2592 cum
1197 2528 1413 2592 animo
1447 2527 1868 2591 coniunctam
1888 2578 1902 2602 ‚
1930 2551 2097 2614 quae
2129 2552 2276 2593 cum
2307 2532 2506 2593 animi
2540 2535 2618 2598 vi

388 2662 481 2708 160
525 2654 942 2731 percussast‚
967 2646 1137 2708 exim
1168 2665 1410 2731 corpus
1440 2642 1756 2727 propellit
1786 2650 1850 2705 et
1877 2626 2019 2706 icit.

608 2760 797 2822 Haec
827 2757 1059 2822 eadem
1088 2760 1258 2823 ratio
1289 2767 1594 2822 naturam
1624 2757 1820 2820 animi
1849 2764 2051 2841 atque
2081 2758 2316 2821 animai

530 2895 920 2959 corpoream
951 2872 1152 2937 docet
1183 2894 1364 2936 esse:
1387 2873 1500 2936 ubi
1533 2872 1701 2934 enim
1730 2873 2105 2958 propellere
2133 2875 2456 2950 membra,

529 2988 864 3073 corripere
896 3008 979 3049 ex
1009 3009 1243 3050 somno
1276 3008 1522 3072 corpus
1542 3035 1556 3061 ‚
1579 2992 1969 3070 mutareque
1999 2988 2252 3052 vultum

528 3110 730 3186 atque
758 3102 1091 3165 hominem
1118 3109 1335 3164 totum
1364 3121 1598 3186 regere
1629 3121 1707 3163 ac
1737 3123 2007 3182 versare
2036 3102 2327 3178 videtur,

387 3235 480 3281 165
528 3239 811 3302 quorum
838 3217 930 3279 nil
957 3217 1098 3280 fieri
1130 3217 1271 3280 sine
1300 3223 1489 3280 tactu
1519 3236 1720 3302 posse
1751 3216 2082 3292 videmuS‚

525 3353 652 3394 nec
680 3339 931 3395 tactum
958 3354 1163 3416 porro
1195 3332 1335 3395 sine
1367 3352 1652 3417 corpore
1670 3379 1687 3406 ‚
1709 3352 1935 3394 nonne
1964 3331 2377 3396 fatendumst

529 3467 856 3533 corporea
883 3454 1123 3510 natura
1152 3448 1440 3509 animum
1471 3453 1779 3509 constare
1811 3446 2267 3531 animamque?

525 3570 874 3649 praeterea
900 3562 1147 3648 pariter
1174 3560 1360 3645 fungi
1389 3581 1535 3623 cum
1569 3582 1852 3646 corpore
1885 3570 1950 3623 et
1979 3583 2112 3623 una

527 3676 904 3742 consentire
933 3675 1217 3738 animum
1246 3675 1443 3739 nobis
1472 3675 1540 3737 in
1573 3696 1859 3761 corpore
1890 3675 2132 3739 cernis,

385 3809 478 3854 170
522 3793 578 3855 si
604 3793 820 3854 minus
850 3788 1128 3853 offendit
1154 3789 1358 3853 vitam
1385 3791 1489 3853 vis
1516 3789 1795 3853 horrida
1823 3790 1938 3853 teli

526 3907 789 3970 ossibus
819 3926 897 3967 ac
925 3906 1149 3969 nervis
1180 3903 1487 3968 disclusis
1514 3906 1697 3969 intus
1729 3904 1998 3979 adacta,

526 4028 595 4084 at
623 4027 843 4083 tamen
871 4020 1239 4102 insequitur
1269 4019 1550 4105 languor
1580 4026 1931 4106 terraeque
1960 4021 2209 4106 petitus

531 4306 623 4352 145
663 4298 716 4349 id
750 4306 1013 4352 omissum.
1070 4299 1090 4368 ΙΙ
1146 4305 1236 4350 151
1276 4300 1715 4351 novitatficietur.
1770 4301 1790 4369 ΙΙ
1851 4307 1943 4351 154
1983 4302 2158 4369 itaque
2204 4299 2464 4369 pallorem
2523 4304 2544 4371 ΙΙ
2609 4312 2701 4357 159
2736 4304 2800 4364 vi

523 4391 787 4437 omissum.
828 4383 846 4450 ΙΙ
891 4387 981 4434 165
1021 4382 1136 4434 fieri
1175 4381 1194 4450 ΙΙ
1237 4387 1330 4433 170
1370 4381 1597 4433 offendis
1637 4382 1656 4450 ΙΙ
1691 4381 1809 4434 leti.
1849 4383 1869 4448 ΙΙ
1912 4389 2004 4435 172
2043 4384 2346 4452 insequetur
