2840 5008
534 386 1048 460 222
1510 390 1712 463 ‚VI

385 585 480 632 495
608 565 806 631 Nunc
836 584 958 648 age
977 612 992 638 ‚
1020 584 1153 647 quo
1186 570 1385 649 pacto
1415 564 1678 649 pluvius
1710 574 2099 632 concrescat
2125 567 2192 631 in
2224 569 2376 634 altis

531 680 818 747 nubibus
851 700 1039 743 umor
1058 726 1073 753 ‚
1098 686 1165 742 et
1192 678 1261 741 in
1289 688 1506 743 terras
1538 679 1867 744 demissus
1896 688 1973 745 ut
1999 682 2212 747 imber

535 794 805 860 decidat
823 843 838 871 ‚
862 791 1208 879 expediam
1231 843 1244 856 .
1265 794 1547 879 primum
1574 795 1705 858 iam
1735 797 1986 860 semina
2015 801 2211 882 aquai

530 911 736 975 multa
764 908 954 972 simul
983 909 1239 972 vincam
1271 930 1677 996 consurgere
1708 911 1995 980 nubibus
2025 914 2190 997 ipsis

533 1026 836 1091 omnibus
867 1045 951 1088 ex
977 1025 1181 1088 rebus
1201 1073 1215 1099 ‚
1239 1025 1624 1110 pariterque
1651 1026 1745 1090 ita
1776 1026 2078 1091 crescere
2108 1036 2497 1115 utrumque,

389 1160 490 1207 500
537 1152 604 1207 et
632 1140 828 1205 nubis
847 1189 861 1216 ‚
887 1147 953 1203 et
984 1160 1222 1224 aquam
1243 1189 1258 1215 ‚
1281 1161 1455 1225 quae
1486 1162 1766 1225 cumque
1794 1141 1863 1204 in
1893 1143 2179 1207 nubibus
2212 1153 2400 1209 extat
2419 1196 2433 1222 ‚

531 1267 608 1322 ut
635 1256 888 1343 pariter
917 1256 1110 1318 nobis
1141 1276 1388 1340 corpus
1420 1277 1567 1319 cum
1599 1256 1919 1341 sanguine
1949 1258 2221 1334 crescit,

533 1371 742 1436 sudor
769 1371 962 1446 item,
985 1372 1410 1454 atquc'umor
1444 1371 1555 1455 qui
1587 1392 1871 1456 cumque
1902 1381 2007 1438 est
2036 1371 2327 1459 dc'nique
2357 1378 2698 1442 membris,

533 1486 919 1571 concipiunt
948 1485 1142 1548 etiam
1171 1486 1447 1549 multum
1478 1507 1747 1570 quoque
1777 1508 1979 1572 saepe
2007 1491 2328 1554 marinum

532 1622 826 1666 umorem
846 1649 860 1676 ‚
883 1600 990 1663 vel
1018 1600 1116 1664 uti
1148 1599 1508 1686 pendentia
1535 1601 1782 1666 vellera
1809 1602 2033 1680 lanae,

390 1735 486 1782 505
534 1740 682 1782 cum
709 1736 953 1801 supera
981 1736 1285 1802 magnum
1316 1717 1499 1780 marc
1528 1716 1710 1780 venti
1740 1717 1967 1782 nubila
1986 1727 2286 1805 portant.

535 1830 854 1897 consimili
883 1830 1141 1894 ratione
1173 1851 1256 1893 ex
1285 1832 1588 1895 omnibus
1618 1833 1921 1897 amnibus
1949 1855 2139 1897 umor

533 1946 790 2012 tollitur
817 1947 887 2010 in
914 1946 1111 2010 nubis
1131 1995 1144 2009 .
1172 1948 1305 2030 quo
1338 1967 1487 2009 cum
1514 1947 1686 2010 bene
1716 1947 1968 2010 semina
1995 1970 2315 2032 aquarum
2397 1992 2407 2007 .

532 2063 738 2126 multa
762 2060 981 2125 modis
1009 2061 1230 2125 multis
1261 2082 1639 2125 convenere
1668 2060 1963 2146 undique
1992 2063 2308 2142 adaucta,

532 2178 873 2242 confertae
900 2177 1113 2241 nubes
1142 2176 1437 2240 umentia
1464 2176 1724 2241 mittere
1755 2185 2017 2242 certant

391 2311 488 2358 510
535 2293 918 2380 dupliciter:
941 2313 1093 2355 nam
1122 2293 1224 2355 vis
1254 2291 1438 2355 venti
1469 2292 1811 2364 contrudit
1829 2343 1843 2369 ‚
1870 2301 1936 2357 et
1963 2293 2110 2380 ipsa
2146 2314 2152 2356 ῑ

535 2410 729 2496 copia
754 2409 1126 2473 nimborum
1159 2407 1357 2470 turba
1383 2407 1633 2471 maiore
1664 2417 1899 2472 coacta

529 2535 726 2612 urget
743 2574 757 2600 ‚
782 2524 867 2587 (16
896 2544 1142 2610 supero
1173 2524 1414 2608 premit
1431 2570 1446 2598 ‚
1471 2545 1550 2587 ac
1576 2522 1739 2587 facit
1768 2523 2038 2587 effluere
2066 2525 2327 2590 imbris.

532 2649 883 2730 praeterea
911 2662 1059 2703 cum
1088 2643 1438 2702 rarescunt
1469 2660 1739 2723 quoque
1767 2639 1992 2703 nubila
2020 2642 2239 2705 ventis

534 2764 651 2821 aut
680 2755 1136 2836 dissolvuntur
1154 2802 1169 2829 ,
1194 2754 1353 2818 solis
1384 2774 1587 2838 super
1616 2753 1752 2818 icta
1780 2749 2030 2829 calore,

393 2891 488 2934 515
533 2873 801 2936 mittunt
829 2861 1126 2932 umorem
1154 2869 1449 2953 pluvium
1467 2916 1481 2941 ‚
1507 2869 1892 2953 stillantque
1911 2919 1927 2944 ‚
1951 2871 2142 2954 quasi
2171 2872 2306 2955 igni

535 3008 689 3050 cera
718 3006 919 3070 super
949 2983 1163 3047 calido
1195 2986 1551 3048 tabescens
1581 2984 1788 3049 multa
1815 2984 2168 3069 liquescat.

534 3100 659 3165 sed
686 3120 954 3164 vemens
981 3099 1190 3163 imber
1217 3099 1293 3163 fit
1311 3148 1325 3175 ,
1346 3099 1461 3163 ubi
1490 3107 1828 3163 vementer
1854 3106 2141 3184 utraque

532 3215 757 3281 nubila
787 3215 978 3299 aquis
1009 3215 1339 3280 cumulata
1366 3222 1757 3301 premuntur
1788 3221 1856 3278 et
1881 3215 2125 3301 impete
2152 3217 2364 3277 venti.

535 3329 736 3417 atque
766 3337 994 3394 tenere
1025 3329 1139 3394 diu
1168 3331 1432 3415 pluviae
1461 3325 1863 3415 longumque
1893 3315 2161 3394 morari.

391 3464 488 3511 520
534 3429 940 3512 consuerunt
958 3495 973 3523 ‚
996 3446 1108 3509 ubi
1140 3445 1343 3509 multa
1373 3445 1632 3509 cientur
1660 3445 1911 3508 semina
1938 3466 2256 3529 aquarum
2274 3494 2288 3520 ‚

535 3571 738 3649 atque
768 3561 908 3625 aliis
939 3561 1104 3624 aliae
1131 3560 1345 3624 nubes
1375 3561 1714 3645 nimbique
1740 3559 2038 3644 rigantes
2110 3582 2112 3584 ’

532 3680 804 3763 insuper
835 3665 1037 3762 atque
1069 3676 1245 3740 omni
1272 3676 1475 3762 vulgo
1509 3675 1594 3739 de
1625 3682 1816 3760 parte
1844 3673 2178 3751 feruntur,

534 3801 847 3878 terraque
879 3814 1026 3855 cum
1054 3791 1313 3856 fumans
1342 3813 1640 3855 umorem
1668 3798 1817 3854 tota
1842 3790 2177 3854 redhalat.

540 4143 640 4191 496
677 4136 928 4190 dimissus
985 4136 1006 4204 ΙΙ
1060 4141 1158 4188 498
1198 4137 1399 4189 vineam
1448 4136 1469 4204 ΙΙ
1525 4142 1622 4189 500
1658 4135 1732 4189 Et
1764 4136 1994 4188 nubibus
2033 4137 2052 4206 ΙΙ
2092 4142 2188 4189 502
2226 4135 2364 4187 idem
2403 4135 2422 4205 ΙΙ
2464 4141 2557 4188 503
2593 4130 2757 4186 Conci·

538 4207 693 4274 (11111113
725 4219 745 4289 ΙΙ
787 4225 884 4272 509
921 4220 1117 4271 viventi
1155 4219 1174 4286 ΙΙ
1214 4226 1306 4275 511
1349 4216 1551 4272 'rumore
1588 4219 1607 4287 ΙΙ
1646 4226 1742 4271 512
1783 4236 1812 4271 6
1846 4220 1866 4289 Η
1903 4220 2083 4290 primit
2116 4219 2136 4289 ΙΙ
2179 4227 2274 4272 514
2306 4218 2567 4271 calorem.
2616 4218 2635 4287 ss
2678 4218 2756 4266 515

540 4304 776 4357 stillante
828 4302 850 4372 ΙΙ
905 4308 1002 4355 516
1041 4300 1178 4353 Tela
1213 4304 1233 4372 ΙΙ
1272 4308 1368 4355 518
1406 4304 1458 4354 vi
1496 4302 1515 4372 11
1555 4308 1651 4354 519
1688 4303 1767 4355 At
1801 4304 2055 4356 retineret
2091 4304 2111 4373 ll
2150 4310 2248 4357 520
2284 4304 2476 4357 flentur
2515 4303 2535 4372 Η
2574 4307 2659 4353 521
2695 4297 2752 4349 ri-

539 4396 764 4456 gnante.
804 4386 823 4455 Η
863 4393 959 4437 522
999 4403 1133 4458 aque
1168 4386 1188 4453 ΙΙ
1227 4391 1322 4436 523
1359 4386 1633 4439 humorem
1672 4387 1693 4454 ΙΙ
1728 4384 1986 4440 redralat.
