2840 5008
491 377 630 445 222
1541 334 1646 445 ⁶lv

485 551 623 641 gilii
653 552 727 615 31
764 598 780 625 ‚
810 573 873 636 p.
888 549 1070 623 2020
1090 599 1104 614 .
1150 551 1344 615 Plane
1383 554 1610 616 trinam
1656 577 1777 617 esse
1805 556 2016 618 mundi
2054 558 2352 640 oriyinem
2391 567 2446 619 et
2475 557 2719 621 Luere-

483 655 601 715 tius
631 651 942 739 confitetur
978 650 1183 713 dicens
1209 651 1295 732 (V,
1313 649 1420 734 92)
1452 651 1771 737 Principio
1790 654 1997 718 maria
2026 677 2102 717 ac
2130 666 2331 718 terras
2358 657 2719 742 caelumque

483 761 687 830 tuere5
737 748 1007 828 Quorum
1035 759 1324 813 nahar-am
1350 750 1648 833 triplicem
1666 800 1682 829 ,
1725 754 1847 815 tria
1876 774 2140 836 coopora
2154 801 2171 831 ,
2218 754 2513 832 Memmi,
2570 755 2627 817 T
2619 778 2719 817 res

482 849 707 934 speeies
734 858 859 911 tam
887 848 1205 911 dissimiles
1221 895 1236 920 ‚
1265 848 1389 910 tria
1416 849 1569 912 talia
1598 860 1757 913 texta
1781 899 1794 912 .
1821 861 1875 913 et
1902 850 2025 913 alio
2052 851 2182 914 loeo
2220 849 2453 914 Omnia
2469 873 2597 936 per
2619 875 2713 915 eo-

484 950 643 1011 nitus
684 956 881 1023 arcet,
925 957 1153 1009 terram
1169 993 1186 1022 ,
1228 966 1401 1008 mare
1418 993 1436 1022 ,
1481 947 1717 1009 caelum
1735 996 1749 1010 .
1795 948 2031 1025 eadem
2069 948 2360 1011 Iacobus
2403 947 2712 1034 Bernay-

483 1050 621 1110 sius
662 1044 970 1109 Servium
1016 1043 1105 1107 ad
1132 1042 1475 1107 Aeneidos
1516 1044 1643 1118 1‚30
1681 1044 1904 1108 Ennio
1944 1044 2339 1110 adscribere
2383 1048 2711 1111 observa-

480 1144 581 1208 vit
599 1192 613 1207 .
633 1143 928 1216 Arcebat‚
947 1142 1166 1225 inquit
1181 1188 1198 1216 ‚
1207 1141 1576 1225 prohibebat
1591 1191 1605 1205 .
1638 1144 1939 1233 siynifieat
1957 1156 2158 1209 autem
2177 1156 2235 1208 et
2253 1148 2523 1209 continet
2536 1194 2552 1209 .
2579 1147 2708 1211 En·

481 1245 619 1307 niue
655 1242 776 1320 Qui
800 1241 1074 1327 stamine
1110 1240 1279 1304 claro
1315 1238 1541 1304 Omnia
1567 1263 1691 1325 per
1716 1244 1943 1306 sonitus
1970 1254 2141 1307 arcet
2159 1292 2172 1306 .
2217 1242 2343 1306 sed
2375 1250 2447 1306 et
2477 1243 2552 1307 in
2579 1245 2708 1306 Lu-

481 1341 796 1407 cretianis
826 1340 1103 1405 Servius
1133 1339 1527 1423 plerumque
1556 1349 1830 1422 peccat,
1868 1347 1938 1404 et
1965 1348 2199 1425 potest
2227 1341 2597 1405 Lucretius
2627 1343 2708 1405 ab

478 1439 698 1505 Ennio
719 1437 890 1502 haec
912 1438 1312 1523 sumpsisse,
1342 1444 1420 1501 ut
1449 1436 1602 1500 libri
1626 1461 1704 1500 111
1728 1460 1997 1503 versum
2028 1439 2183 1503 1025
2215 1447 2283 1503 et
2312 1440 2476 1522 1035
2499 1486 2515 1513 ‚
2549 1441 2707 1502 item

480 1561 548 1601 tv
577 1537 699 1600 409
729 1544 799 1598 et
826 1558 898 1597 vr
934 1535 1050 1597 195
1071 1583 1091 1596 .

649 1633 782 1697 129.
819 1634 977 1697 SED
1021 1656 1113 1696 NE
1156 1654 1416 1697 FORTE
1460 1657 1743 1698 rurus,
1787 1635 1865 1697 In
1895 1634 1999 1697 his
2038 1657 2156 1698 xw
2183 1635 2536 1724 versibus,
2593 1635 2706 1698 129

475 1732 681 1819 3442
699 1781 716 1807 ,
757 1732 1120 1797 Lambinus
1153 1752 1426 1815 operam
1462 1734 1766 1796 eximiam
1795 1733 2172 1818 praestitit:
2212 1731 2326 1796 11ἰο
2358 1735 2538 1797 enim
2568 1734 2703 1817 pri-

364 1910 378 1924 ·
474 1854 620 1896 mus
666 1852 784 1895 eos
825 1829 1212 1895 foedissime
1256 1829 1579 1895 confusos
1622 1833 1692 1894 in
1736 1852 1967 1895 verum
2014 1831 2319 1895 ordinem
2363 1833 2702 1904 restituit,

477 1951 675 2017 quem
717 1928 1083 2014 Forbiger‚
1142 1929 1246 1992 cui
1291 1929 1515 1991 omnia
1557 1930 1740 1993 bona
1782 1928 2103 2002 sordent,
2159 1928 2346 1992 nulla
2388 1929 2700 1994 Lambini

473 2030 810 2094 mentione
848 2025 1032 2090 facta
1058 2029 1370 2112 vulqarem
1408 2029 1708 2090 rationem
1739 2027 1904 2091 dicit
1929 2076 1942 2089 .
1990 2026 2114 2090 sed
2151 2028 2432 2113 insuper
2466 2029 2699 2091 obser-

474 2125 765 2191 vandum
797 2141 901 2189 est
932 2145 1172 2188 novem
1203 2123 1372 2186 alios
1403 2124 1777 2187 versiculos
1796 2173 1811 2198 ‚
1844 2124 1956 2209 qui
1978 2124 2196 2188 notati
2217 2138 2379 2189 sunt
2399 2127 2696 2190 numeris

475 2224 796 2290 168-175
829 2229 898 2286 et
933 2223 1080 2295 179,
1126 2242 1243 2284 eos
1266 2222 1455 2304 ipsos
1500 2242 1649 2284 cum
1690 2221 1797 2285 his
1828 2221 2370 2306 quattuordecim
2414 2224 2695 2287 coniun-

471 2324 731 2411 gendos
764 2342 913 2386 esse
932 2368 948 2385 .
991 2320 1212 2405 agitur
1242 2319 1412 2381 enim
1456 2320 1817 2403 utrobique
1846 2341 1957 2383 res
1988 2319 2258 2393 eadem,
2299 2320 2565 2384 scilicet
2594 2344 2692 2394 εγ-

470 2423 706 2486 cracem
751 2439 920 2506 quas
964 2417 1301 2501 Epicurus
1347 2416 1652 2491 dicebat,
1701 2424 1769 2480 et
1811 2417 2079 2501 quidem
2109 2439 2248 2481 non·
2287 2426 2428 2481 tam
2460 2440 2690 2483 earum

468 2523 723 2606 originis
751 2521 1027 2583 celeritas
1056 2536 1253 2601 quam
1285 2515 1516 2600 potius
1545 2518 1801 2579 tenuitas
1817 2542 1838 2578 .·
1866 2537 2021 2579 nam
2044 2517 2288 2601 quibus
2318 2519 2549 2581 verbis
2583 2541 2687 2581 ea-

468 2641 615 2681 rum
660 2615 1025 2700 descriptio
1069 2614 1296 2677 finitur
1337 2613 1455 2675 174
1479 2660 1494 2685 ,
1568 2613 1844 2692 Qaeaorum
1885 2615 2310 2699 (nimborum)
2362 2616 2690 2699 quantula

433 2740 612 2801 ,pars
639 2717 716 2777 sit
740 2717 944 2798 imayo
973 2715 1173 2776 dicere
1193 2722 1423 2776 nemost
1449 2711 1571 2789 Qui
1589 2713 1813 2796 possit,
1841 2735 2034 2799 neque
2062 2736 2196 2776 eam
2222 2714 2524 2777 rationem
2551 2717 2684 2778 red-

463 2817 605 2878 dere
634 2813 807 2874 dictis
821 2859 839 2889 ‚
862 2811 940 2873 In
973 2832 1171 2894 quem
1201 2817 1511 2894 quaeque
1541 2809 1765 2872 locum
1793 2812 2025 2875 diverso
2046 2812 2307 2874 momine
2335 2813 2573 2891 tendat,
2608 2835 2682 2876 ea

465 2916 779 2975 accurate
802 2907 1224 2992 respondent
1241 2906 1349 2969 his
1374 2928 1549 2991 quae
1572 2916 2091 2991 praecesserunt
2106 2957 2122 2983 ‚
2151 2910 2268 2974 110
2290 2932 2482 2995 quam
2502 2912 2683 2975 tenui

462 3020 690 3074 natura
717 3017 937 3070 constet
960 3006 1162 3090 imaqo
1177 3053 1195 3083 ‚
1240 3012 1307 3068 et
1334 3028 1544 3068 rerum
1581 3008 1917 3071 simulacra
1956 3008 2187 3093 vagari
2217 3008 2437 3072 Multa
2464 3009 2680 3073 modis

462 3107 687 3172 multis
709 3153 725 3180 ‚
768 3105 942 3168 nulla
969 3104 1062 3178 vi,
1106 3126 1396 3190 cassaque
1422 3127 1600 3167 semu
1617 3152 1632 3167 .
1668 3125 1793 3168 nec
1823 3113 2048 3169 tamen
2074 3106 2217 3170 fieri
2246 3115 2480 3190 potest
2510 3117 2586 3172 ut
2614 3108 2677 3171 hi

461 3229 634 3269 xxm
664 3225 904 3268 versus
936 3209 1092 3266 ante
1128 3201 1244 3265 143
1274 3209 1651 3287 ponantur,
1683 3205 1872 3269 Nunc
1901 3226 1981 3268 ea
2010 3227 2198 3290 quam
2206 3205 2399 3291 facili
2426 3217 2486 3269 et
2504 3208 2680 3269 celeri

459 3305 694 3366 ratione
717 3313 1057 3386 yenantur:
1084 3301 1143 3365 is
1174 3301 1348 3364 enim
1377 3299 1468 3364 ad
1496 3303 1832 3366 simulacra
1859 3303 2154 3387 pertinet
2175 3350 2191 3377 ‚
2230 3324 2522 3387 quorum
2552 3306 2675 3388 sig·

459 3398 754 3463 nificatio
794 3398 980 3462 facta
1024 3407 1172 3462 erat
1212 3421 1416 3462 versu
1461 3399 1577 3463 127
1602 3447 1618 3474 ‚
1663 3421 1812 3464 cum
1865 3422 1901 3465 e
1948 3401 2290 3465 contrario
2331 3401 2403 3463 in
2441 3401 2551 3465 his
2593 3402 2673 3465 de

460 3497 766 3572 εγετᾶεεει
798 3496 1042 3561 fuisset
1079 3498 1282 3582 imaqo
1316 3498 1434 3561 174
1454 3547 1468 3572 ‚
1511 3520 1731 3584 neque
1760 3500 1851 3563 ibi
1883 3500 1969 3564 de
1995 3498 2104 3563 his
2136 3499 2393 3585 agitur,
2439 3500 2563 3563 sed
2590 3498 2670 3563 de

459 3599 673 3662 altero
707 3595 1001 3661 εἰΔώλωΝ
1031 3616 1310 3680 genere,
1342 3618 1516 3681 quae
1549 3596 1863 3662 dicuntur
1896 3598 2209 3682 ἇπόρροιαι
2236 3648 2249 3661 .
2280 3598 2513 3683 itaque
2541 3620 2669 3662 ma-

454 3694 771 3761 nifestum
802 3702 908 3760 est
934 3695 1317 3759 Lucretium
1349 3744 1364 3770 ,
1406 3717 1554 3758 cum
1599 3696 1882 3759 alterum
1921 3717 2134 3784 genus
2181 3717 2222 3759 a
2262 3717 2334 3759 se
2374 3705 2668 3780 praeter-

453 3795 728 3858 missum
759 3815 908 3858 esse
936 3793 1360 3878 intellegeret
1388 3796 1484 3876 (et
1504 3801 1861 3879 utrumque
1883 3792 2060 3857 infra
2082 3801 2434 3857 enumerat
2453 3794 2523 3858 in
2544 3795 2670 3858 hoc

453 3890 626 3955 libro
668 3890 793 3954 736
823 3892 968 3974 737)
1000 3939 1014 3967 ,
1068 3890 1241 3954 haec
1279 3892 1351 3954 in
1396 3891 1671 3956 chartas
1709 3894 1805 3956 ita
1849 3892 2218 3956 coniecisse
2258 3899 2337 3955 ut
2368 3914 2450 3955 ea
2490 3894 2666 3956 nullo

454 3996 641 4053 certo
682 3988 834 4053 loco
875 3997 1240 4075 reponeret
1263 4038 1278 4065 ‚
1337 4000 1792 4055 correctorem
1835 3998 2059 4055 autem
2105 3991 2435 4076 poematis
2479 4012 2563 4055 ne
2600 3991 2667 4055 id

452 4086 726 4171 quidem
756 4107 1029 4152 curasse
1061 4094 1136 4149 ut
1166 4095 1399 4172 partes
1418 4087 1780 4173 >dispersae
1812 4088 2412 4174 coniungerentur.

624 4183 756 4248 132.
802 4208 1085 4248 1N·noc
1134 4206 1391 4248 CAELo
1417 4234 1433 4260 ‚
1493 4207 1628 4261 Qm
1673 4209 2015 4250 mom-nn
2059 4209 2244 4250 AER.
2301 4186 2428 4259 His
2459 4188 2665 4251 utitur

450 4282 726 4346 Servius
758 4283 848 4347 ad
877 4283 1244 4367 georgicon
1288 4284 1422 4358 1‚51
1450 4331 1466 4358 ‚
1513 4284 1602 4348 ad
1644 4287 1808 4348 Aen.
1823 4306 1874 4358 1,
1891 4284 1972 4348 58
2002 4307 2061 4358 v,
2095 4284 2168 4348 18
2211 4284 2396 4358 1x,20
2431 4306 2496 4358 x,
2515 4284 2662 4354 899,

446 4380 606 4441 item
634 4380 902 4443 Probus
934 4379 1022 4442 ad
1053 4378 1172 4443 ecl.
1205 4382 1377 4456 v1,31
1418 4403 1478 4462 p.
1510 4382 1601 4455 16,
1634 4383 1754 4445 16:
1776 4391 1846 4444 at
1875 4382 2179 4445 Isidorus
2212 4382 2374 4466 orig.
2390 4403 2537 4457 xm,
2555 4381 2659 4456 433
