2840 5008
484 350 618 418 106
1556 353 1650 420 ΙΙΙ

478 533 546 587 et
572 525 681 587 vel
708 533 782 586 ut
811 533 966 586 ante
996 532 1148 587 acto
1179 523 1271 586 nil
1298 533 1603 610 tempore
1633 528 1955 591 sensimus
1988 531 2199 615 aegri,

476 638 563 703 ad
595 637 1081 722 confligendum
1112 639 1529 704 venientibus
1557 640 1857 726 undique
1887 641 2163 716 Poenis,

479 755 697 818 omnia
727 775 874 816 cum
902 753 1057 816 belli
1083 754 1350 839 trepido
1383 777 1711 819 concussa
1740 757 2027 821 tumultu

330 886 428 931 835
472 868 750 932 horrida
779 876 1239 932 contremuere
1268 871 1392 935 sub
1424 870 1574 933 altis
1604 871 1894 935 aetheris
1927 872 2094 946 oriS‚

474 986 540 1046 in
572 982 911 1067 dubioque
938 983 1126 1046 fuere
1154 993 1457 1047 utrorum
1486 984 1577 1048 ad
1605 1006 1812 1070 regna
1841 985 2212 1050 cadendum

475 1099 777 1162 omnibus
804 1099 1111 1162 humanis
1142 1109 1319 1161 esset
1347 1108 1665 1184 terraque
1693 1101 2023 1185 marique,

471 1215 565 1277 sic
583 1263 598 1290 ,
621 1213 734 1277 ubi
762 1235 901 1277 non
932 1213 1170 1276 erimus
1190 1262 1205 1288 ‚
1231 1235 1379 1276 cum
1410 1215 1712 1300 corporis
1744 1225 1947 1300 atque
1978 1217 2213 1279 animai

473 1327 819 1393 discidium
848 1328 1050 1392 fuerit
1067 1378 1082 1404 ‚
1108 1329 1348 1412 quibus
1380 1349 1414 1390 e
1447 1351 1672 1393 sumus
1701 1331 1918 1394 uniter
1948 1332 2120 1417 apti,

327 1463 428 1509 840
474 1446 756 1518 scilicet,
777 1442 962 1506 haud
990 1443 1182 1509 nobis
1215 1443 1566 1529 quicquam
1587 1493 1602 1520 ,
1627 1445 1738 1529 qui
1766 1468 1904 1510 non
1935 1446 2173 1509 erimus
2206 1455 2345 1511 tum
2363 1495 2377 1514 .

473 1559 778 1623 accidere
808 1559 1071 1622 omnino
1103 1559 1352 1643 poterit
1379 1581 1779 1644 sensumque
1806 1582 2105 1637 movere,

471 1697 608 1739 non
637 1675 693 1738 si
720 1683 899 1737 terra
925 1674 1089 1737 mari
1116 1674 1500 1737 miscebitur
1531 1686 1599 1739 et
1626 1696 1808 1738 mare
1839 1676 2052 1741 caelo,

473 1798 539 1853 et
567 1791 623 1852 si
651 1791 776 1852 iam
808 1796 1041 1852 nostro
1073 1789 1275 1852 sentit
1307 1787 1391 1851 de
1424 1811 1710 1874 corpore
1730 1839 1744 1865 ‚
1767 1798 1928 1874 post
1959 1812 2156 1874 quam

474 1904 859 1969 distractast
877 1952 892 1978 ‚
915 1904 1112 1966 animi
1140 1916 1379 1967 natura
1409 1906 1797 1989 animaeque
1827 1912 2159 1990 potestaS‚

326 2038 423 2082 845
466 2019 560 2082 nil
585 2027 808 2083 tamen
839 2026 941 2081 est
969 2016 1057 2081 ad
1085 2040 1209 2081 nos
1228 2066 1243 2093 ,
1268 2019 1382 2103 qui
1411 2027 1684 2104 comptu
1713 2020 2155 2105 coniugioque

473 2135 772 2220 corporis
802 2142 1003 2217 atque
1034 2133 1286 2197 animae
1317 2134 1736 2198 consistimus
1768 2136 1984 2198 uniter
2014 2136 2182 2220 apti.

470 2272 594 2313 nec
613 2299 628 2326 ,
651 2250 707 2313 si
734 2250 1074 2312 materiem
1102 2256 1401 2313 nostram
1433 2249 1775 2333 collegerit
1805 2259 1988 2314 aetas

469 2373 629 2451 post
657 2365 908 2428 obitum
937 2384 1332 2448 rursumque
1360 2363 1698 2449 redegerit
1726 2371 1802 2428 ut
1830 2365 1960 2428 sita
1989 2386 2164 2427 nunc
2195 2374 2324 2439 est,

469 2490 670 2568 atque
699 2481 935 2545 iterum
964 2478 1158 2543 nobis
1186 2477 1433 2542 fuerint
1462 2477 1621 2543 data
1647 2478 1894 2544 lumina
1921 2479 2127 2556 vitae,

326 2615 424 2659 850
467 2597 802 2683 pertineat
833 2597 1189 2681 quicquam
1217 2601 1441 2658 tamen
1472 2593 1560 2658 ad
1587 2617 1711 2658 nos
1740 2594 1810 2658 id
1842 2617 2112 2680 quoque
2139 2596 2422 2669 factum,

468 2712 847 2795 interrupta
876 2711 1081 2774 semel
1108 2731 1260 2773 cum
1289 2710 1374 2773 sit
1400 2710 1758 2774 retinentia
1785 2712 2027 2774 nostri.

472 2834 540 2889 et
566 2847 746 2889 nunc
772 2825 866 2888 nil
895 2824 983 2889 ad
1012 2847 1138 2889 nos
1169 2823 1256 2888 de
1284 2826 1477 2890 nobis
1507 2825 1747 2888 attinet
1764 2873 1779 2900 ‚
1803 2833 1957 2889 ante

471 2942 586 3026 qui
611 2939 853 3004 fuimus
873 2989 887 3016 ‚
908 2962 1128 3025 neque
1154 2940 1286 3003 iam
1318 2939 1401 3002 de
1430 2939 1557 3002 illis
1587 2961 1711 3002 nos
1744 2938 1971 3004 adficit
2000 2961 2236 3025 angor.

471 3078 623 3120 nam
654 3076 800 3118 cum
828 3055 1145 3141 respicias
1173 3054 1452 3116 inmensi
1482 3054 1803 3139 temporis
1834 3075 2029 3117 omne

326 3188 423 3232 855
466 3171 898 3258 praeteritum
928 3170 1217 3255 spatium
1235 3217 1250 3244 ‚
1274 3177 1415 3232 tum
1441 3176 1662 3232 motus
1690 3169 1990 3232 materiai

468 3286 870 3350 multimodis
903 3306 1102 3372 quam
1130 3284 1296 3360 sint,
1316 3285 1511 3349 facile
1538 3284 1670 3347 hoc
1701 3282 2068 3347 adcredere
2097 3285 2347 3369 possiS‚

384 3457 388 3461 ⁴
470 3401 719 3465 semina
747 3421 950 3486 saepe
977 3400 1045 3463 in
1077 3398 1314 3463 eodem
1333 3447 1348 3471 ,
1370 3407 1448 3463 ut
1475 3420 1652 3462 nunc
1683 3407 1839 3462 sunt
1857 3446 1872 3473 ‚
1896 3397 2131 3462 ordine
2161 3406 2362 3485 posta

323 3534 421 3580 865
456 3517 632 3587 haec
663 3513 897 3580 eadem
915 3563 930 3590 ,
956 3514 1196 3599 quibus
1227 3534 1263 3576 e
1289 3501 1468 3578 nunc
1496 3536 1621 3578 nos
1653 3535 1877 3577 sumus
1894 3562 1912 3588 ‚
1936 3523 2090 3579 ante
2118 3513 2355 3577 fuisse:

322 3649 420 3695 858
449 3654 587 3726 'nec
614 3629 889 3695 memori
914 3637 1137 3693 tamen
1164 3627 1237 3693 id
1266 3628 1526 3713 quimus
1553 3628 2095 3714 repraehendere
2124 3636 2371 3692 mente:

464 3748 638 3810 inter
671 3747 843 3809 enim
870 3745 1109 3809 iectast
1136 3743 1295 3809 vitai
1322 3765 1536 3830 pausa
1553 3793 1569 3819 ‚
1592 3764 1897 3829 vageque

323 3879 424 3925 860
470 3859 866 3925 deerrarunt
892 3860 1140 3947 passim
1165 3867 1387 3924 motus
1417 3861 1502 3924 ab
1534 3860 1839 3924 sensibus
1870 3876 2100 3921 omnes
2122 3907 2135 3921 .

470 3975 673 4041 debet
702 3976 871 4039 enim
891 4023 906 4050 ,
928 3976 1166 4040 misere
1195 3975 1252 4037 si
1279 3973 1456 4038 forte
1487 3994 1819 4059 aegreque
1847 3972 2238 4047 futurumst,

475 4264 571 4311 835
612 4258 778 4314 auris.
828 4257 847 4327 ΙΙ
895 4262 993 4307 844
1031 4254 1330 4307 Distractas
1368 4251 1389 4321 ΙΙ
1427 4258 1520 4305 851
1560 4253 1797 4322 repentia
1831 4253 2055 4306 nostris.
2095 4253 2115 4323 ΙΙ
2154 4259 2250 4305 853
2288 4253 2467 4306 sumus
2508 4255 2528 4323 Η
2567 4271 2741 4324 neque

471 4350 737 4396 omissum.
776 4340 795 4409 ΙΙ
833 4337 1017 4408 adfigit
1054 4337 1074 4407 ΙΙ
1113 4341 1210 4388 856
1247 4334 1609 4404 ΜυΙῐίηιοᾱί-ΙΙ
1645 4341 1737 4387 861
1779 4336 2020 4388 miserest
