2840 5008
1171 369 1265 437 III

29 569 43 615 J
82 545 232 636 quid
259 548 315 611 si
346 555 600 633 posset
629 545 798 610 enim
816 544 848 606 P
869 545 1079 609 multo
1109 544 1292 629 prius
1310 546 1470 630 ipsa
1489 545 1693 609 animi
1722 547 1823 610 vis

82 667 141 727 in
167 663 384 751 capite
415 671 542 726 aut
571 661 813 725 umeris
844 667 962 724 aut
987 660 1130 723 imis
1162 659 1453 722 calcibus
1485 680 1631 723 esse

82 788 304 863 posset
321 827 338 854 ‚
364 785 436 841 et
462 775 729 841 innasci
757 774 991 860 quavis
1018 774 1086 836 in
1114 782 1309 859 parte
1337 774 1587 838 soleret

83 892 339 958 tandem
370 892 445 955 in
480 890 726 955 eodem
753 889 1017 953 homine
1047 895 1252 974 atque
1278 889 1347 952 in
1379 888 1624 952 eodem.
1643 910 1802 955 vase
1831 891 2125 960 manere.

82 1007 255 1093 quod
287 1007 619 1092 quoniam
646 1011 879 1069 nostro
912 1025 1180 1089 quoque
1211 1011 1479 1069 constat
1507 1026 1793 1091 corpore
1824 1017 2075 1074 certum
2094 1063 2109 1088 ‚

29 1141 44 1186 5
80 1122 617 1210 dispositumque
646 1120 914 1185 videtur
942 1119 1057 1184 ubi
1086 1105 1231 1183 esse
1263 1127 1331 1184 et
1359 1141 1662 1184 crescere
1691 1124 1908 1209 possit

82 1258 331 1300 sorsum
362 1237 596 1300 anima
626 1242 828 1319 atque
859 1234 1112 1298 animus
1131 1282 1147 1310 ‚
1168 1243 1356 1299 tanto
1386 1236 1593 1321 magis
1622 1237 2032 1305 infitiandum

86 1359 286 1430 totum
315 1372 536 1437 posse
567 1358 759 1414 extra
788 1371 1034 1434 corpus
1066 1347 1308 1413 durare
1338 1351 1652 1435 genique.

86 1487 280 1550 quare
301 1515 317 1542 ‚
345 1487 609 1552 corpus
638 1465 753 1530 ubi
779 1464 1057 1538 interiit,
1080 1465 1354 1549 periisse
1382 1476 1728 1532 necessest

83 1581 438 1645 confiteare
474 1580 761 1643 animam
790 1577 1180 1643 distractam
1207 1580 1273 1642 in
1305 1602 1592 1667 corpore
1621 1591 1768 1649 toto
1788 1635 1801 1647 .

29 1713 47 1757 ο
83 1696 320 1782 quippe
354 1694 610 1758 etenim
639 1695 916 1757 mortale
945 1702 1217 1758 aeterno
1246 1693 1521 1780 iungere
1553 1705 1622 1760 et
1648 1720 1783 1762 una

85 1810 459 1873 consentire
493 1815 733 1895 putare
764 1817 830 1872 et
856 1808 1043 1894 fungi
1070 1816 1299 1872 mutua
1325 1830 1528 1893 posse

86 1923 490 2010 desiperest:
518 1922 682 2007 quid
712 1922 882 1987 enim
912 1922 1239 1987 diversius
1271 1944 1416 1987 esse
1444 1926 1885 2009 putandumst

86 2047 190 2102 aut
215 2040 430 2124 magis
462 2039 641 2101 inter
670 2058 744 2100 se
774 2036 1174 2112 disiunctum
1205 2035 1782 2126 discrepitansque
1798 2094 1813 2120 ,

90 2175 274 2238 quam
301 2152 596 2218 mortale
627 2149 813 2236 quod
843 2160 946 2215 est
970 2151 1304 2216 inmortali
1334 2160 1539 2238 atque
1568 2159 1845 2240 perenni

31 2284 50 2328 5
84 2269 369 2333 iunctum
397 2269 472 2332 in
505 2266 783 2331 concilio
813 2287 1048 2330 saevas
1079 2268 1364 2331 tolerare
1392 2270 1772 2353 procellas?

32 2398 52 2443 9
89 2384 258 2468 quod
286 2384 344 2447 si
372 2384 559 2447 forte
587 2380 740 2444 ideo
771 2381 977 2465 magis
1005 2380 1392 2445 immortalis
1422 2383 1829 2461 habendast‚

91 2497 260 2583 quod
288 2498 605 2563 letalibus
638 2496 723 2561 ab
752 2496 952 2561 rebus
982 2497 1236 2561 munita
1264 2504 1560 2575 tenetur,

92 2622 193 2676 aut
220 2614 377 2699 quia
405 2634 547 2677 non
571 2611 853 2695 ‚veniunt
882 2612 1149 2675 omnino
1182 2613 1396 2678 aliena
1423 2614 1681 2691 salutm,

94 2735 198 2791 aut
223 2728 378 2813 quia
408 2721 585 2813 quae
615 2727 893 2791 veniunt
921 2728 1142 2811 aliqua
1166 2728 1428 2791 ratione
1457 2728 1786 2795 recedunt

95 2842 268 2925 pulsa
296 2843 486 2927 prius
519 2861 719 2925 quam
750 2841 913 2925 quid
941 2851 1231 2907 noceant
1259 2843 1506 2908 sentire
1539 2865 1884 2929 queamuS‚

99 3001 1840 3025 oooooooooooooooooooooooooooooo

97 3080 343 3155 praeter
376 3071 554 3135 enim
584 3090 782 3156 quam
813 3070 998 3155 quod
1027 3073 1276 3137 morbis
1307 3093 1454 3136 cum
1486 3075 1788 3160 corporis
1817 3088 2077 3164 aeg-ret,

31 3198 61 3240 :5
98 3182 351 3251 advenit
381 3185 456 3249 id
486 3184 675 3270 quod
704 3206 848 3248 eam
878 3183 963 3248 de
991 3188 1192 3250 rebus
1223 3209 1425 3273 saepe
1453 3188 1693 3252 futuris

100 3310 368 3365 macerat
399 3301 602 3385 inque
631 3308 811 3363 metu
839 3301 1007 3364 male
1034 3301 1243 3365 habet
1272 3302 1583 3386 curisque
1613 3305 1879 3392 fatigat,

103 3415 594 3499 praeteritisque
624 3414 794 3477 male
824 3413 1128 3478 admissis
1156 3426 1439 3503 peccata
1464 3420 1881 3486 remordent.

102 3525 257 3592 adde
283 3530 584 3593 furorem
614 3529 809 3593 animi
836 3531 1180 3614 proprium
1210 3538 1411 3618 atque
1442 3533 1687 3599 oblivia
1713 3556 1962 3613 rerum,

101 3639 255 3706 adde
283 3643 475 3731 quod
503 3645 571 3707 in
600 3646 823 3729 nigras
851 3643 1136 3730 lethargi
1163 3647 1481 3732 mergitur
1509 3648 1727 3712 undas
1744 3698 1758 3713 .

31 3763 66 3809 ³0
169 3755 269 3822 Nil
294 3760 499 3846 igitur
529 3780 708 3822 mors
740 3767 841 3822 est
871 3759 958 3822 ad
986 3781 1113 3823 nos
1142 3782 1360 3846 neque
1388 3763 1682 3847 pertinet
1708 3763 1943 3840 hilum,

104 3872 629 3959 quandoquidem
658 3881 900 3938 natura
928 3874 1122 3938 animi
1151 3875 1448 3940 mortalis
1476 3876 1790 3941 habetur.

2207 371 2341 439 105

112 4183 192 4231 790
227 4183 382 4247 Quod
439 4185 460 4255 ΙΙ
517 4192 615 4238 798
653 4188 857 4256 perisse
907 4187 926 4259 ΙΙ
978 4196 1075 4242 800
1114 4190 1385 4243 mortalem
1435 4191 1453 4259 ΙΙ
1494 4199 1591 4245 804
1628 4195 1877 4262 peranni.
1916 4195 1935 4264 ΙΙ
1975 4202 2071 4249 805
2110 4198 2282 4249 salvas
2321 4196 2340 4264 ΙΙ

109 4266 504 4333 806—818=v‚
527 4275 686 4321 351-
697 4275 822 4323 363.
863 4272 881 4340 ΙΙ
919 4278 1017 4325 820
1055 4273 1298 4326 vitalibus
1357 4272 1377 4342 ΙΙ
1434 4281 1531 4327 824
1569 4277 1792 4330 morbist
1843 4275 1864 4345 ΙΙ
1919 4280 2111 4347 aegrit.
2167 4278 2187 4349 ΙΙ
2243 4283 2341 4329 826
2430 4277 2452 4290 “

110 4341 321 4403 Maceret
357 4350 378 4420 ΙΙ
418 4357 518 4405 829
556 4351 703 4404 Addi
