2840 5008
1161 391 1289 459 1111

15 583 55 632 15
94 567 199 652 qui
225 567 491 651 possit,
516 587 732 651 neque
763 585 904 628 eam
934 565 1258 629 rationem
1285 563 1576 629 reddere
1606 564 1837 642 dictis,

15 698 55 747 19
90 683 151 744 in
178 701 385 766 quem
417 701 729 765 quaeque
758 680 979 744 locum
1009 678 1277 744 diverso
1307 680 1595 744 momine
1623 679 1924 767 tendat.]

15 813 58 860 16
166 795 371 860 Nunc
401 816 529 881 age
549 844 564 871 ‚
587 816 785 881 quam
816 795 1015 859 celeri
1040 802 1227 859 motu
1257 795 1611 860 simulacra
1636 796 1965 873 ferantur,

97 919 158 974 et
183 931 364 994 quae
393 910 731 975 mobilitas
761 910 908 973 ollis
937 909 1357 974 tranantibus
1386 931 1585 974 auras
1879 999 1888 1005 .

96 1023 364 1090 reddita
393 1025 482 1090 sit
501 1074 516 1101 ‚
539 1024 742 1110 longo
773 1025 992 1109 spatio
1022 1032 1096 1088 ut
1123 1024 1349 1088 brevis
1379 1023 1551 1089 hora
1576 1034 1869 1103 teratur,

15 1156 56 1204 ⁸0
94 1139 449 1205 suavidicis
480 1140 706 1225 potius
736 1160 934 1224 quam
962 1139 1185 1203 multis
1214 1140 1520 1205 versibus
1550 1139 1773 1219 edam3

97 1277 346 1341 parvus
377 1265 456 1319 ut
486 1262 591 1319 est
621 1254 814 1341 cycni
842 1254 1073 1318 melior
1103 1276 1308 1319 canor
1329 1304 1342 1330 ,
1364 1255 1474 1319 ille
1503 1276 1739 1342 gruum
1770 1279 1969 1342 quam

98 1371 344 1434 clamor
370 1370 444 1433 in
472 1368 785 1433 aetheriis
816 1367 1158 1454 dispersus
1186 1369 1474 1434 nubibus
1504 1372 1739 1435 austri.

100 1485 423 1570 principio
456 1505 783 1569 persaepe
811 1483 977 1550 levis
1006 1506 1114 1548 res
1144 1494 1349 1570 atque
1376 1485 1644 1549 minutis

80 1582 496 1686 'corporibus
524 1597 739 1662 factas
769 1599 1000 1663 celeris
1029 1600 1187 1664 licet
1216 1621 1362 1663 esse
1389 1597 1647 1664 videre.

16 1731 62 1777 85
100 1717 161 1778 in
188 1738 323 1801 quo
349 1716 484 1779 iam
512 1734 756 1799 genere
787 1727 890 1778 est
918 1715 1078 1792 solis
1108 1715 1225 1778 lux
1254 1723 1323 1780 et
1349 1736 1568 1801 vapor
1596 1717 1734 1779 eius

104 1840 459 1917 propterea
489 1830 646 1914 quia
674 1836 832 1892 sunt
859 1850 893 1891 e
924 1829 1150 1914 primis
1179 1829 1361 1893 facta
1386 1830 1657 1895 minutis
1674 1880 1689 1907 ‚

108 1967 270 2030 quae
303 1945 496 2031 quasi
525 1943 859 2008 cuduntur
888 1965 1144 2031 perque
1175 1945 1346 2008 aeris
1373 1945 1797 2011 intervallum

106 2081 234 2124 non
265 2059 579 2143 dubitant
607 2059 893 2122 transire
923 2060 1228 2143 sequenti
1259 2061 1522 2124 concita
1549 2060 1778 2147 plaga:
1817 2043 1836 2054 ’

107 2174 569 2261 suppeditatur
599 2174 771 2237 enim
800 2172 1150 2237 confestim
1177 2175 1417 2238 lumine
1446 2174 1697 2251 lumen,

15 2301 72 2350 190
109 2298 170 2353 et
195 2289 387 2374 quasi
413 2288 681 2374 protelo
711 2289 1085 2352 stimulatur
1113 2288 1367 2375 fulgere
1394 2288 1646 2375 fulgur.

114 2426 236 2489 qua
264 2412 547 2491 propter
575 2402 925 2466 simulacra
953 2405 1099 2489 pari
1128 2404 1385 2469 ratione
1414 2426 1690 2469 necesse
1721 2415 1827 2471 est

112 2519 594 2584 inmemorabile
625 2541 746 2606 per
765 2521 1060 2605 ‚spatium
1090 2529 1547 2585 transcurrere
1577 2543 1779 2607 posse

113 2635 420 2722 temporis
449 2635 517 2698 in
547 2641 797 2720 puncto
818 2683 833 2710 ‚
855 2635 1135 2719 primum
1169 2634 1354 2720 quod
1380 2637 1661 2722 parvola
1691 2659 1893 2701 causa

116 2758 212 2814 est
237 2742 541 2835 procul'a
568 2756 760 2834 tergo
794 2770 964 2833 quae
994 2750 1327 2837 provehat
1354 2758 1560 2836 atque
1590 2753 1951 2838 propellat,

18 2875 79 2923 196
116 2862 346 2929 deinde
375 2862 565 2950 quod
592 2884 805 2948 usque
834 2863 1006 2927 adeo
1037 2873 1308 2929 textura
1335 2864 1646 2951 praedita
1672 2888 1828 2932 rara

118 2980 454 3044 mittuntur
472 3029 487 3056 ‚
509 2973 702 3043 facile
732 2987 809 3043 ut
838 2979 1109 3064 quasvis
1143 2988 1495 3066 penetrare
1526 2990 1775 3071 queant
1801 3004 1911 3046 res

22 3102 27 3107 ’
121 3104 178 3156 et
205 3096 391 3179 quasi
418 3115 811 3180 permanare
837 3116 959 3179 per
988 3095 1158 3158 aeris
1186 3094 1607 3160 intervallum
1624 3143 1638 3159 .

122 3219 456 3293 praetereo
484 3209 540 3272 si
569 3230 744 3294 quae
774 3210 1036 3295 penitus
1068 3210 1468 3295 corpuscula
1495 3231 1718 3274 rerum

17 3332 84 3380 200
122 3342 194 3385 ex
226 3324 489 3410 altoque
517 3323 700 3387 foras
729 3306 1083 3389 mittuntur
1102 3372 1117 3398 ‚
1141 3325 1300 3387 solis
1327 3324 1429 3388 uti
1457 3324 1573 3387 lux

124 3457 192 3500 ac
221 3460 425 3525 vapor
443 3488 459 3513 ‚
481 3439 650 3503 haec
677 3448 931 3527 puncto
964 3447 1326 3503 cernuntur
1354 3440 1547 3525 lapsa
1576 3439 1706 3504 diei

122 3573 234 3638 per
258 3561 472 3618 totum
503 3554 665 3617 caeli
696 3555 983 3640 spatium
1014 3553 1385 3619 diffundere
1412 3576 1563 3618 sese

126 3688 364 3752 perque
391 3670 627 3746 volare
659 3690 836 3732 mare
866 3690 945 3733 ac
977 3683 1193 3735 terras
1223 3671 1604 3755 circumque
1632 3672 1878 3756 rigare.

128 3782 273 3865 quid
303 3806 473 3869 quae
505 3791 662 3847 sunt
686 3784 888 3870 igitur
915 3785 1042 3849 iam
1071 3785 1284 3870 prima
1309 3784 1531 3849 fronte
1562 3785 1845 3868 parata?

22 3905 90 3953 205
127 3917 259 3961 cum
285 3899 615 3965 iaciuntur
646 3906 713 3963 et
743 3898 1052 3964 emissum
1080 3921 1187 3964 res
1219 3900 1402 3964 nulla
1429 3904 1763 3975 moratur,

29 4020 93 4068 195
131 4013 295 4096 quod
324 4035 528 4101 super
560 4020 665 4079 est
682 4063 697 4090 ‚
719 4014 830 4078 ubi
863 4023 997 4100 tam
1025 4015 1280 4080 volucri
1309 4015 1582 4079 levitate
1610 4014 1937 4089 ferantur,

24 4134 94 4183 206
130 4147 332 4211 quone
362 4129 556 4194 vides
587 4129 782 4194 citius
814 4128 1060 4195 debere
1091 4137 1158 4193 et
1185 4130 1451 4216 longius
1478 4130 1575 4194 ire

140 4379 221 4425 175
257 4377 455 4431 ratione
492 4379 512 4446 Η
557 4384 651 4431 179
689 4378 900 4431 numine
935 4378 1141 4432 tendit*
1172 4379 1191 4447 ΙΙ
1235 4383 1329 4431 178
1365 4377 1589 4432 feratur.
1628 4380 1649 4448 ΙΙ
1687 4386 1784 4433 203
1822 4377 2128 4447 caelumque

2216 392 2345 458 121
