2840 5008
504 368 646 437 230
1568 367 1665 433 IV

504 551 790 626 uterque
821 589 836 616 ‚
885 548 1232 605 corrector
1283 540 1559 625 oblongi
1590 543 1893 626 pertinqet
1921 591 1933 604 .
1977 562 2215 605 verum
2247 540 2558 605 ordinem
2582 564 2708 606 ver-

506 663 699 705 suum
728 639 1058 705 Marullus
1087 641 1492 703 monstravit
1522 648 1591 703 et
1618 639 1730 703 hic
1763 648 1830 703 et
1857 640 2058 724 paulo
2091 648 2256 725 post
2280 687 2296 714 ‚
2329 640 2452 703 261
2478 689 2491 702 .

672 737 811 802 253.
843 761 994 802 miv
1011 762 1049 803 o
1066 760 1161 802 TA
1208 761 1398 802 vnn:
1416 761 1457 800 1
1473 761 1571 801 un
1595 787 1608 802 .
1639 738 1750 802 Ita’
1766 737 2140 823 quadratus
2165 761 2179 800 z
2214 738 2365 800 eius
2390 747 2717 802 corrector

506 860 595 900 m:
613 859 831 901 morA
856 886 869 899 .
901 836 1036 901 hoc
1062 838 1284 921 ipsum
1313 837 1650 922 oblongus
1680 838 1888 902 habet
1905 884 1921 911 ‚
1945 836 2066 901 sed
2097 843 2241 900 tres
2271 837 2538 920 primas
2565 836 2720 900 litte·
2803 884 2804 929 ¹

506 957 619 999 ras
649 955 847 999 manu
879 935 1215 999 Saxonica
1247 935 1314 998 in
1345 934 1578 998 litura.

671 1031 811 1096 261.
842 1056 1005 1097 non
1052 1055 1368 1096 Prummu
1415 1054 1802 1110 QUAMQUE
1827 1081 1840 1097 .
1872 1031 2081 1096 Recte
2109 1030 2428 1096 Gifanius
2464 1033 2632 1117 (sed
2660 1033 2727 1096 de

504 1143 696 1195 vetere
739 1133 941 1196 codice
978 1131 1125 1216 ipse
1168 1129 1454 1215 viderit)
1501 1153 1811 1193 8111111111
1844 1179 1857 1193 .
1900 1129 2034 1193 1166
2079 1131 2254 1192 6111111
2298 1129 2542 1215 agitur
2571 1179 2587 1206 ‚
2628 1134 2728 1193 sin·

501 1231 654 1314 qula
682 1228 807 1292 258
831 1278 843 1291 .

673 1326 814 1390 262.
860 1328 1020 1392 SED
1065 1349 1316 1390 MAo1s
1360 1349 1784 1390 uuonsum.
1828 1325 1990 1388 Pius
2027 1318 2223 1389 ‘Sunt
2273 1326 2397 1410 qui
2438 1327 2737 1391 scribunt

506 1449 827 1490 unversum
854 1447 981 1510 pro
1011 1427 1398 1490 universum
1415 1426 1447 1489 .’
1491 1425 1669 1488 idem
1698 1424 2150 1488 Pacuvianum
2180 1447 2374 1488 unose
2405 1425 2645 1487 attulit
2671 1446 2740 1487 ex

507 1523 570 1587 N
576 1524 730 1586 onio
761 1545 824 1608 p.
849 1524 986 1599 183,
1004 1524 1085 1588 20
1109 1573 1122 1587 .
1152 1523 1325 1587 11866
1344 1522 1806 1587 Wakefieldus
1835 1544 2159 1585 unvorsum
2191 1528 2260 1584 et
2288 1545 2565 1586 unvorse
2595 1523 2740 1585 scri·

507 1619 735 1685 benda
762 1619 1121 1696 iudicavit3
1147 1622 1261 1705 qui
1291 1621 1590 1685 debebat
1619 1619 1873 1684 addere
1902 1621 1970 1683 in
1999 1626 2276 1683 senatus
2307 1621 2643 1684 consulto
2672 1621 2741 1683 de

505 1717 1045 1783 Bacchanalibus
1075 1719 1257 1793 facto
1288 1741 1363 1784 re
1392 1742 1558 1784 vera
1599 1720 1699 1784 ita
1728 1720 2058 1805 scriptum
2089 1739 2238 1782 esse
2267 1718 2557 1784 homines
2573 1722 2743 1806 plotas
2805 1784 2806 1787 ,

507 1839 553 1879 v
583 1817 879 1880 oinvorsei
897 1868 910 1881 .
939 1840 1023 1881 cx
1054 1841 1188 1904 quo
1218 1818 1514 1904 intellegi
1539 1826 1767 1904 potest
1792 1839 1992 1901 quam
2017 1818 2246 1901 inepte
2269 1825 2580 1901 propter
2609 1839 2742 1882 ver-

510 1936 656 1978 sum
685 1917 710 1978 i
735 1916 993 1980 vocalis
1025 1917 1272 1980 extrita
1314 1937 1463 1980 esse
1509 1924 1844 1979 statuatur
1876 1964 1891 1991 ‚
1938 1936 2087 1978 cum
2126 1916 2196 1978 in
2234 1916 2537 1979 undecim
2583 1922 2655 1980 et
2686 1917 2744 1979 in

508 2015 669 2078 unde
699 2016 996 2100 octoqinta
1025 2037 1218 2078 nemo
1248 2036 1567 2099 umquam
1598 2035 1744 2077 eam
1775 2014 2062 2077 litteram
2103 2013 2438 2096 scriptam
2468 2014 2742 2085 viderit,

511 2119 579 2175 et
607 2115 975 2177 unanimitas
997 2120 1201 2198 atque
1222 2114 1519 2176 vinoculus
1542 2111 2042 2196 antiquissimos
2066 2119 2386 2175 auctores
2410 2113 2742 2183 habeant,

509 2211 673 2274 item
699 2214 1025 2276 unanimus
1054 2212 1220 2275 satis
1252 2211 1570 2294 antiquos
1595 2259 1608 2272 .
1642 2230 2046 2294 quamquam
2068 2231 2203 2273 non
2225 2230 2407 2295 nego
2434 2211 2742 2275 Plautum

510 2330 778 2394 semper
806 2313 1125 2374 univorsus
1153 2316 1478 2394 quattuor
1509 2308 1788 2394 syllabis
1820 2307 2072 2372 dixisse
2096 2357 2111 2384 ‚
2141 2329 2362 2392 neque
2390 2308 2742 2373 Claudium

524 2409 892 2472 Unimanum
920 2410 1161 2495 ignoro
1181 2454 1197 2481 ‚
1219 2428 1440 2491 neque
1470 2409 1796 2492 uniqmam
1820 2406 2096 2471 Catulli.
2119 2406 2325 2471 nihilo
2349 2409 2586 2471 minus
2610 2431 2741 2472 cum

515 2506 783 2572 duobus
823 2508 1073 2572 saeculi
1114 2509 1198 2571 ab
1244 2507 1413 2569 urbe
1458 2503 1734 2568 condita
1778 2506 2040 2590 septimi
2073 2506 2538 2592 scriptoribus
2570 2531 2740 2570 unor-
2807 2509 2808 2542 ¹

511 2629 644 2668 sum
676 2613 745 2669 et
772 2631 990 2670 unorse
1010 2656 1027 2687 ,
1058 2606 1168 2669 vel
1198 2604 1382 2690 quod
1411 2603 1593 2667 idem
1624 2610 1728 2666 est
1757 2627 1971 2678 unose‚
2001 2604 2207 2666 tribui
2229 2604 2544 2679 videam,
2579 2605 2739 2669 malo
2807 2649 2808 2662 ,

516 2725 634 2767 eos
672 2705 769 2766 ita
810 2703 1063 2768 dixisse
1106 2702 1384 2767 credere
1415 2750 1432 2776 ‚
1474 2726 1510 2765 o
1540 2701 1879 2788 producto
1925 2708 2002 2764 ut
2041 2703 2106 2763 in
2134 2725 2437 2786 prorsum
2467 2705 2738 2769 deorsum

511 2825 780 2865 seorsum
809 2851 826 2880 ,
872 2824 1073 2887 quam
1117 2802 1369 2865 formas
1410 2802 1540 2864 illis
1582 2800 1874 2863 fortasse
1905 2800 2214 2863 duriores
2244 2800 2434 2864 visas
2462 2802 2736 2866 inferre.

515 2906 808 2962 ceterum
836 2909 1185 2964 corrector
1208 2900 1526 2985 quadrati
1548 2900 1680 2964 iam
1692 2899 2067 2985 ‘adscripsit
2093 2900 2190 2963 vel
2212 2923 2588 2964 unvorsum:
2607 2901 2737 2965 Ma·

513 2997 725 3061 rullus
756 2999 1080 3062 introrsum
1102 3046 1119 3077 ,
1150 2999 1483 3061 Avantius
1511 3001 1814 3062 invorsum
1837 3047 1854 3076 ,
1882 2997 2249 3060 Lambinus
2273 3021 2615 3088 unversum
2633 3047 2647 3061 .

679 3095 819 3158 267.
853 3119 873 3158 ι
893 3119 930 3159 P
947 3119 979 3160 s
996 3119 1040 3159 A
1084 3097 1145 3159 D
1164 3119 1205 3160 u
1221 3120 1506 3160 RITIEM
1537 3145 1551 3160 .
1589 3096 1981 3176 Quadratus
1997 3097 2329 3178 ,Durio-iem
2354 3105 2426 3160 et
2449 3089 2580 3163 294
2604 3099 2736 3162 Pla-

513 3197 730 3259 niciem
763 3242 776 3257 .
824 3196 965 3259 eius
997 3203 1346 3259 corrector
1377 3206 1448 3259 et
1477 3196 1684 3259 ceteri
1714 3217 1959 3258 1PsAM
1985 3243 1997 3255 .

678 3291 817 3355 270.
851 3316 1200 3357 1181111118
1231 3315 1560 3356 REMOTA
1590 3291 1986 3355 V1n13'run.
2020 3290 2416 3370 Quadratus
2435 3305 2738 3359 remmota.

515 3389 639 3453 sed
669 3411 871 3452 versu
893 3389 1016 3454 288
1037 3399 1400 3474 utrumque
1432 3391 1774 3475 exemplar
1804 3413 1836 3454 s
1853 3413 1890 3452 Ε
1907 3413 1954 3452 M
1972 3413 2011 3454 o
2028 3413 2067 3452 1
2084 3412 2127 3451 A
2145 3436 2160 3463 ‚
2187 3390 2541 3474 quomodo
2567 3400 2740 3456 recte

512 3487 625 3550 hic
650 3509 919 3572 quoque
942 3489 1217 3573 scripsit
1237 3488 1569 3552 Marullus
1589 3538 1601 3551 .
1625 3488 1833 3574 idque
1857 3509 1936 3551 eo
1957 3488 2169 3572 magis
2191 3485 2589 3553 faciendum
2616 3500 2739 3562 est,

517 3585 703 3670 quod
731 3608 970 3651 versus
1002 3588 1086 3651 ab
1116 3586 1252 3650 hoc
1281 3587 1685 3650 vicensimus
1713 3587 1849 3650 huc
1879 3586 2139 3650 retrahi
2169 3585 2414 3660 debet,

679 3684 1069 3750 290.11,1,1s
1096 3708 1249 3763 Qus
1274 3708 1655 3749 REDDUNT
1682 3706 2216 3748 sescunonum
2239 3706 2338 3746 Ex
2361 3705 2739 3761 Anonom:

514 3804 641 3845 V1s
658 3806 759 3847 UM
789 3808 806 3860 3
852 3785 966 3869 qui
995 3785 1130 3849 illic
1160 3784 1563 3848 sententiam
1590 3784 1686 3846 ita
1714 3782 2048 3866 pervertit
2076 3829 2092 3855 ‚
2134 3788 2212 3844 ut
2240 3780 2740 3856 Wakefieldus‚

516 3880 630 3961 qui
662 3901 810 3944 eum
840 3883 1024 3946 solus
1053 3884 1491 3968 interpretari
1522 3902 1880 3967 aggressus
1913 3887 2016 3943 est
2039 3928 2055 3952 ‚
2085 3879 2249 3943 nihil
2272 3880 2405 3943 nisi
2430 3882 2626 3966 quod
2653 3885 2740 3947 in-

515 3979 809 4043 sanienti
850 3982 1244 4044 conveniret
1285 3981 1551 4044 efficere
1591 3980 1893 4066 potuerit
1923 4026 1937 4041 .
1978 3973 2147 4056 'Qua
2184 3999 2258 4040 re
2305 3979 2514 4042 etiam
2548 3989 2742 4067 atque

516 4077 717 4141 etiam
745 4076 1010 4140 minime
1041 4086 1146 4141 est
1173 4101 1300 4164 par
1328 4080 1458 4143 illis
1486 4079 1791 4142 mirarier
1815 4079 1943 4162 (ea)
1963 4126 1977 4152 ‚
2004 4098 2174 4162 quae
2204 4076 2513 4143 reddunt
2534 4081 2741 4144 visum

516 4198 599 4240 ex
644 4195 939 4258 aequore
980 4177 1404 4261 speculorum
1450 4177 1623 4241 binis
1671 4176 1940 4239 aiiribus
1971 4200 1984 4237 ε
2028 4176 2065 4240 i.
2102 4196 2156 4238 6.
2198 4174 2302 4237 Illi
2329 4176 2546 4261 igitur
2575 4226 2589 4251 ‚
2638 4179 2740 4263 qui

512 4274 1031 4358 phaenomenon
1059 4274 1366 4359 imaginis
1397 4276 1466 4337 in
1497 4274 1774 4359 speculo
1799 4295 1920 4358 per
1940 4272 2232 4337 medium
2257 4271 2555 4356 duplicis
2579 4275 2740 4339 aeris

514 4371 853 4456 explicant
874 4421 888 4447 ‚
906 4372 1168 4435 minime
1192 4373 1419 4435 mirari
1445 4372 1698 4436 debent
1714 4373 2010 4436 rationes
2030 4380 2299 4436 nostras
2319 4418 2335 4446 ,
2356 4393 2537 4456 quae
2557 4373 2736 4439 simili
