2840 5008
505 373 640 441 100
1576 370 1671 438 III

576 547 668 612 Et
699 547 1010 632 quoniam
1041 555 1185 611 toto
1217 547 1538 611 sentimus
1570 569 1857 634 corpore
1886 539 2104 613 inesse

350 681 446 726 635
494 662 761 726 vitalem
793 683 1058 725 sensum
1089 668 1155 725 et
1180 669 1396 725 totum
1423 683 1571 726 esse
1602 663 1880 726 animale
1909 663 2211 728 videmus
2235 715 2249 741 ‚

495 779 552 842 si
582 777 806 842 subito
834 776 1120 839 medium
1151 776 1347 840 celeri
1376 776 1778 862 praeciderit
1805 778 1940 841 ictu

492 892 595 955 ris
626 891 846 975 aliqua
864 939 879 966 ‚
901 899 976 954 ut
1006 913 1265 955 sorsum
1295 900 1554 977 partem
1583 900 1891 956 secernat
1918 900 2270 978 utramque
2289 945 2302 968 ‚

495 1006 846 1093 dispertita
874 1005 1109 1090 procul
1142 1006 1345 1070 dubio
1379 1028 1650 1091 quoque
1680 1008 1782 1070 vis
1813 1007 2049 1070 animai

493 1130 561 1186 et
589 1119 873 1184 discissa
900 1120 1093 1183 simul
1120 1142 1267 1183 cum
1298 1142 1584 1204 corpore
1616 1095 1990 1186 dissicietur
2007 1171 2020 1184 .

346 1255 446 1301 640
490 1245 559 1301 at
589 1234 775 1321 quod
805 1233 1132 1297 scinditur
1163 1242 1231 1297 et
1260 1235 1472 1319 partis
1504 1234 1791 1299 discedit
1818 1236 1886 1299 in
1915 1237 2111 1309 ullas,

487 1350 772 1424 scilicet,
797 1356 1130 1412 aeternam
1162 1348 1283 1411 sibi
1315 1356 1628 1412 naturam·
1651 1348 1882 1412 abnuit
1913 1371 2089 1413 esse.

482 1465 817 1530 falciferos
848 1470 1216 1526 memorant
1245 1484 1480 1526 currus
1510 1462 1855 1527 abscidere
1884 1465 2177 1527 membra

485 1601 687 1664 saepe
715 1579 809 1643 ita
840 1577 926 1641 de
956 1578 1177 1641 subito
1208 1577 1538 1661 permixta
1568 1576 1775 1640 caede
1807 1577 2115 1651 calentis,

483 1702 562 1759 ut
587 1702 871 1758 tremere
899 1693 969 1756 in
997 1700 1179 1756 terra
1206 1690 1518 1755 videatur
1547 1693 1630 1755 ab
1662 1692 1940 1755 artubus
1969 1691 2039 1754 id
2070 1693 2256 1778 quod

340 1826 437 1871 645
485 1807 736 1872 decidit
765 1807 1094 1892 abscisum
1114 1856 1130 1882 ‚
1151 1828 1299 1869 cum
1327 1827 1514 1869 mens
1543 1814 1766 1870 tamen
1795 1814 1999 1889 atque
2027 1807 2313 1872 hominis
2341 1811 2443 1873 vis

483 1923 848 1987 mobilitate
875 1922 1027 1985 mali
1058 1942 1194 1983 non
1225 1921 1368 2005 quit
1399 1921 1647 1985 sentire
1679 1920 2013 1984 dolorem:

487 2046 555 2102 et
582 2036 786 2102 semel
812 2037 878 2099 in
910 2056 1171 2122 pugnae
1203 2034 1428 2099 studio
1461 2035 1646 2121 quod
1678 2034 1906 2098 dedita
1935 2057 2122 2099 mens
2154 2046 2286 2111 est,

484 2172 765 2238 corpore
794 2151 1054 2236 reliqiio
1085 2171 1374 2236 pugnam
1406 2148 1784 2234 caedesque
1813 2151 2123 2236 petessit‚

481 2288 606 2331 nec
636 2273 821 2328 tenet
849 2265 1154 2329 amissam
1182 2265 1442 2329 laevam
1471 2286 1618 2328 cum
1651 2266 1933 2349 tegmine
1965 2285 2167 2349 saepe

337 2399 436 2446 650
479 2383 653 2445 inter
685 2402 897 2465 equos
927 2380 1241 2444 abstraxe
1272 2385 1458 2443 rotas
1488 2378 1829 2463 falcesque
1857 2400 2165 2464 rapaces,

479 2519 604 2561 nec
634 2495 955 2561 cecidisse
986 2495 1151 2560 alius
1183 2494 1484 2560 dextram
1502 2545 1517 2571 ‚
1540 2517 1688 2559 cum
1720 2493 1982 2559 scandit
2010 2502 2078 2558 et
2106 2494 2343 2558 instat.

479 2611 635 2675 inde
665 2612 829 2675 alius
860 2620 1141 2675 conatur
1170 2610 1488 2697 adempto
1520 2632 1793 2696 surgere
1825 2631 2047 2685 crure,

479 2748 628 2791 cum
658 2725 903 2811 digitos
932 2727 1140 2810 agitat
1169 2735 1449 2812 propter
1478 2724 1912 2789 moribundus
1941 2725 2123 2788 humi
2151 2745 2271 2808 pes

482 2850 551 2905 et
580 2849 784 2926 caput
817 2839 1149 2902 abscisum
1178 2839 1394 2903 calido
1424 2841 1826 2925 viventeque
1855 2849 2096 2904 trunco

335 2972 433 3019 655
477 2962 704 3020 servat
730 2953 913 3016 humi
940 2953 1194 3016 voltum
1225 2953 1488 3015 vitalem
1521 2956 1886 3040 oculosque
1915 2955 2233 3039 patenti&

480 3068 697 3133 donec
726 3066 1039 3152 reliquias
1070 3066 1302 3129 animai
1332 3065 1629 3132 reddidit
1659 3091 1920 3143 omnes.

479 3184 640 3270 quin
670 3181 865 3245 etiam
895 3181 1010 3245 tibi
1043 3181 1132 3257 si,
1155 3181 1379 3266 lingua
1408 3181 1711 3247 vibrante
1729 3235 1744 3260 ‚
1765 3185 2032 3248 micanti

460 3280 853 3385 'serpentem
884 3294 1131 3372 cauda,
1156 3317 1190 3358 e
1219 3317 1505 3381 procero
1537 3320 1818 3384 corpore
1846 3299 2178 3383 utrimque
2196 3348 2210 3373 ‚

476 3415 564 3479 sit
589 3413 843 3477 libitum
871 3413 937 3477 in
968 3412 1210 3475 multas
1240 3412 1450 3496 partis
1484 3411 1811 3476 discidere
1841 3413 2019 3478 ferro
2039 3463 2054 3489 ‚

330 3546 431 3595 660
477 3529 695 3594 omnia
720 3528 849 3591 iam
880 3548 1140 3591 sorsum
1174 3547 1407 3590 cernes
1438 3529 1665 3591 ancisa
1691 3530 1940 3591 recenti

471 3645 747 3710 volnere
776 3642 1015 3706 tortari
1045 3649 1112 3704 et
1141 3649 1387 3705 terram
1418 3663 1865 3728 conspargere
1892 3645 2079 3717 tabo,

468 3760 678 3843 ipsam
710 3779 916 3843 seque
944 3765 1128 3821 retro
1159 3764 1415 3842 partem
1448 3766 1677 3843 petere
1709 3779 1825 3820 ore
1855 3758 2172 3842 priorem,

470 3873 759 3937 volneris
790 3872 1054 3936 ardenti
1082 3882 1160 3936 ut
1188 3895 1410 3936 morsu
1443 3880 1701 3959 premat
1729 3874 1862 3936 icta
1891 3871 2186 3939 dolorem
2208 3923 2221 3936 .

467 4195 567 4241 644
604 4188 672 4240 ad
708 4190 929 4240 artubus
984 4188 1003 4256 ΙΙ
1059 4194 1155 4239 645
1194 4189 1395 4240 Dicidit
1443 4190 1462 4258 ΙΙ
1510 4194 1607 4241 647
1646 4188 1800 4241 simul
1838 4188 1858 4257 Η
1896 4194 1994 4240 650
2031 4197 2148 4240 rote
2187 4190 2206 4258 ΙΙ
2242 4194 2336 4240 651
2376 4190 2527 4242 istat.
2567 4194 2587 4261 ΙΙ
2623 4198 2713 4243 657

467 4273 708 4325 minanti.
763 4271 784 4339 Η
838 4277 939 4322 658
977 4271 1253 4340 Serpentis
1292 4271 1457 4324 caude
1491 4288 1717 4341 procero
1771 4273 1790 4341 Η
1846 4280 2147 4341 utriunque.
2222 4274 2242 4341 Η
2313 4277 2409 4322 662
2448 4283 2653 4327 rerctro
2696 4274 2713 4341 Η

466 4361 562 4405 663
603 4354 815 4406 dolore.
