2840 5008
527 387 665 456 306
845 385 860 396 ⁸
1606 389 1669 456 V

525 563 675 627 litas
707 562 891 647 apud
916 562 1292 626 Charisium
1321 584 1386 648 p.
1414 564 1487 626 17
1491 564 1528 627 7
1559 573 1847 650 apparet
1872 567 1942 630 in
1968 568 2198 632 verbis
2220 569 2460 654 Aspri.
2488 573 2547 635 is
2579 575 2731 638 enim

522 662 609 727 de
640 661 1052 726 Sallustiano
1078 706 1094 735 ,
1139 660 1328 745 quod
1370 668 1477 724 est
1511 662 1784 726 Cetemm
1819 664 2133 728 consilium
2164 678 2251 730 est
2289 670 2578 754 Tiqram's
2597 719 2615 752 ,
2652 673 2734 736 ita

523 759 935 848 quaesivisse
976 758 1261 832 dicitur,
1312 758 1585 823 Ceterum
1626 761 1923 845 quomodo
1952 764 2219 846 positum
2260 766 2400 831 est?
2432 791 2559 853 pro
2601 771 2732 834 alio-

519 859 720 948 quin?
762 858 1036 943 alioquin
1076 855 1247 940 (hoc
1278 857 1452 920 enim
1483 858 1589 921 bis
1619 858 2047 924 scribendum
2081 864 2222 947 est)
2266 866 2597 929 consilium
2636 879 2733 932 est.

521 985 601 1024 au
620 983 743 1046 pro
771 958 1066 1022 relicuum
1082 1004 1099 1034 ,
1129 965 1198 1018 ut
1220 956 1299 1019 sit
1322 953 1587 1019 nomeu?
1614 957 1869 1020 relicum
1898 960 2214 1023 consilium
2241 973 2330 1024 est
2346 1008 2363 1023 .
2395 982 2581 1045 quae
2602 965 2734 1028 Lin-

521 1060 891 1124 demannus
911 1055 1010 1118 ita
1031 1054 1341 1118 distinxit
1360 1063 1439 1117 ut
1457 1054 1756 1141 intellegi
1773 1077 1909 1120 non
1926 1057 2194 1140 possint
2208 1107 2221 1120 .
2247 1068 2356 1124 est
2375 1066 2611 1125 autem
2628 1061 2735 1126 Os-

520 1179 750 1223 corum
779 1180 822 1220 u
851 1159 1336 1219 consonantem
1364 1151 1592 1217 facere
1621 1175 1749 1239 pro
1781 1155 1995 1219 vocali
2020 1202 2035 1231 ,
2081 1157 2198 1241 qui
2227 1155 2565 1224 dixerunt
2598 1162 2735 1246 Cap-
2804 1223 2805 1230 ,

516 1281 650 1321 υαιη
697 1268 752 1320 et
791 1255 1129 1334 Pae-vium3
1175 1249 1360 1336 quod
1390 1251 1803 1316 Theodorus
1832 1253 2315 1319 Mommsenius
2358 1278 2593 1342 nuper
2636 1259 2736 1322 do·
2804 1267 2805 1326 1

519 1355 692 1419 cuit.
736 1354 968 1438 itaque
998 1351 1222 1414 Varro
1256 1350 1551 1413 Pae-vium
1589 1351 1656 1414 in
1700 1352 1839 1415 suis
1885 1349 1969 1416 de
2009 1353 2238 1438 lingua
2267 1353 2531 1419 Latina
2572 1357 2739 1421 libris
2804 1343 2805 1422 l

518 1453 651 1539 (sic
684 1451 824 1516 fere
857 1469 1123 1534 semper
1151 1447 1620 1533 Florentinus)
1662 1455 1731 1512 et
1769 1450 1838 1513 in
1887 1451 2367 1537 epigrammate
2415 1454 2617 1538 quod
2657 1466 2737 1518 est
2804 1503 2805 1530 ;

517 1549 702 1634 apud
731 1549 1024 1613 Nonium
1051 1569 1115 1630 p.
1133 1546 1233 1621 88,
1251 1546 1292 1609 4
1323 1594 1338 1619 ,
1383 1546 1574 1610 Pac-vi
1603 1546 1792 1630 (libri
1820 1548 2159 1633 Pacuvius)
2192 1550 2543 1636 discipulus
2570 1554 2735 1629 dicor,
2804 1545 2806 1554 '

505 1670 699 1732 porro
729 1646 926 1733 isfuit
951 1645 1123 1709 Enni
1137 1692 1155 1722 ,
1188 1643 1416 1707 Enniu’
1444 1667 1763 1708 musarum
1783 1672 1804 1708 .·
1847 1647 2184 1732 Pompilius
2211 1649 2425 1713 clueor
2450 1699 2463 1712 .
2517 1650 2734 1715 eodem
2804 1659 2805 1698 ἰ

516 1745 812 1829 pertinet
844 1744 1084 1806 Vesvius
1104 1762 1297 1805 mons
1315 1790 1333 1821 ,
1366 1742 1482 1826 qui
1514 1763 1554 1804 a
1582 1742 1766 1806 nullo
1785 1750 2140 1827 poetarum
2164 1744 2394 1811 dictus
2426 1754 2543 1811 est
2575 1749 2732 1811 Vesu-
2802 1789 2803 1794 κ

513 1845 684 1921 υἰαε,
731 1840 918 1926 quod
961 1860 1203 1903 nomen
1245 1838 1375 1902 fuit
1417 1861 1504 1903 ex
1535 1841 1841 1904 omnibus
1870 1843 2191 1906 brevibus
2215 1890 2229 1906 .
2276 1864 2358 1907 ac
2402 1847 2731 1929 posterior
2798 1805 2803 2044 1

518 1949 709 2005 aetas
739 1940 940 2003 etiam
966 1960 1356 2022 supervaqua
1375 1945 1444 1999 et
1471 1960 1868 2021 super-vacum
1893 1937 2063 2002 dixit
2080 1988 2094 2002 .
2122 1941 2249 2004 iam
2282 1944 2528 2007 relicuo
2557 1944 2730 2008 simil-

516 2039 741 2102 limum
787 2044 891 2101 est
934 2036 1238 2099 delicuum
1259 2083 1275 2112 ‚
1321 2034 1510 2118 quod
1551 2033 1825 2120 legebat
1866 2036 1938 2099 in
1969 2035 2210 2101 Casina
2238 2038 2476 2105 Plauti
2511 2065 2582 2116 11,
2598 2042 2651 2116 2,
2666 2042 2728 2105 33

515 2138 740 2202 Varro
775 2135 860 2200 de
889 2135 1115 2219 lingua
1143 2133 1388 2196 Latina
1415 2154 1515 2195 vu
1545 2154 1610 2216 p.
1629 2134 1752 2197 384
1783 2141 1852 2198 et
1879 2134 2087 2198 habet
2114 2144 2313 2200 vetus
2345 2139 2580 2203 codex
2598 2188 2614 2215 ‚
2642 2142 2727 2203 alii

515 2236 733 2299 minus
776 2232 962 2297 boni'
981 2232 1351 2316 deliquium,
1393 2229 1647 2295 Paulus
1693 2231 2019 2296 diaconus
2048 2255 2109 2317 p.
2130 2234 2212 2297 56
2250 2237 2574 2323 deliquum
2612 2240 2727 2302 sive

516 2334 884 2420 deliquium.
928 2330 1035 2393 his
1064 2329 1270 2414 igitur
1301 2349 1382 2392 ea
1413 2350 1589 2413 quae
1618 2330 1837 2393 eidem
1865 2332 2138 2417 regulae
2168 2335 2534 2400 subiacent
2561 2339 2726 2422 paria

516 2442 710 2508 sunt,
753 2433 1047 2517 inqenuus
1082 2438 1447 2514 perpetuu-5,
1491 2429 1784 2492 adsiduus
1823 2431 2101 2493 residam-
2138 2433 2400 2519 exiquus
2430 2437 2726 2522 ambiyuus
2792 2237 2801 2619 ἐ

504 2535 882 2618 praecipuus
908 2528 1230 2592 succiduus
1244 2529 1610 2612 perspicuus
1640 2531 1954 2592 continuus
1977 2532 2316 2615 coutiyuus.
2347 2533 2725 2620 discrepant

515 2632 802 2714 primum
835 2626 1079 2712 quibus
1097 2625 1268 2710 prod
1295 2632 1365 2687 et
1389 2624 1542 2687 indu
1570 2633 2113 2724 praeponuntur,
2138 2630 2497 2714 prodiyusz
2472 2634 2724 2717 indiyw,

518 2728 607 2791 ad
639 2746 924 2811 quorum
956 2724 1330 2806 exemplum
1359 2723 1774 2787 recentiores
1804 2712 2109 2788 fecerunt
2151 2727 2502 2813 disqreyus,
2550 2754 2723 2815 seqre-

510 2848 664 2910 9²2⁸>
710 2846 858 2887 cum
903 2822 1350 2906 antiquissimi
1380 2822 1722 2906 prodiyuas
1747 2822 1970 2887 hostias
2001 2822 2369 2901 dixissent,
2421 2828 2625 2912 quod·
2642 2837 2725 2891 est

514 2921 699 3008 apud
727 2920 1000 2985 Festum
1029 2940 1093 3003 p.
1112 2918 1253 2998 250,
1272 2919 1350 2982 9·
1335 2967 1350 2994 ,
1397 2918 1688 2983 deinde
1670 2942 1741 2983 1n
1770 2920 2013 3004 quibus
2041 2922 2456 3008 incorrupta
2475 2931 2722 2990 est'me-

519 3022 630 3086 dia
661 3018 978 3104 simplicis
1009 3016 1272 3102 syllaba
1313 3038 1462 3080 cum
1506 3019 1727 3081 vocali
1769 3039 1893 3082 sua
1932 3028 2206 3103 praeter
2248 3045 2280 3084 e
2303 3069 2319 3095 ‚
2364 3026 2723 3109 conyradus,

514 3122 752 3185 invidus
773 3118 1066 3205 providus
1094 3116 1330 3180 dividus
1360 3116 1485 3199 (sic
1510 3124 1694 3179 recte
1719 3138 1759 3179 a
1779 3117 2098 3181 dividendo
2118 3118 2366 3182 Accius
2392 3122 2584 3205 apud
2606 3121 2724 3185 No·

514 3222 695 3284 nium
750 3242 816 3305 p.
840 3219 939 3294 95,
963 3218 1078 3302 25)
1126 3217 1399 3305 perfidus
1452 3216 1656 3280 obvius
1675 3264 1693 3295 ,
1750 3217 2024 3280 dissonus
2075 3218 2411 3301 interpolus
2460 3221 2726 3284 subdolus

515 3318 860 3382 commodus
878 3317 1169 3401 reprobus
1177 3337 1529 3400 praecoque
1547 3315 1790 3400 reloqus
1810 3312 1977 3398 (hoc
1996 3315 2168 3379 enim
2189 3314 2426 3379 lexicis
2448 3316 2723 3381 inferen—

516 3415 675 3479 dum
709 3422 814 3478 est
844 3435 929 3478 ex
958 3412 1268 3477 Varrone
1300 3410 1386 3475 de
1414 3413 1644 3498 lingua
1669 3413 1914 3476 Latina
1941 3435 2011 3476 v¹
2040 3434 2104 3497 p.
2123 3412 2245 3476 233
2267 3459 2284 3486 ‚
2328 3413 2505 3478 Hinc
2535 3417 2724 3479 dicun-

512 3525 612 3578 tur
632 3515 935 3601 eloquium
960 3535 1035 3577 ac
1052 3512 1290 3597 reloqui
1317 3509 1579 3595 insanis
1600 3511 1846 3575 Sabinis
1875 3535 1908 3576 e
1936 3513 2090 3576 cella
2111 3512 2210 3575 dei
2230 3514 2371 3597 quei
2393 3514 2725 3600 loquuntur,

512 3614 630 3679 ubi
669 3611 1099 3678 Florentinus
1145 3633 1221 3673 ac
1260 3610 1483 3694 reliqui
1525 3616 1592 3672 et
1632 3611 1740 3695 qui
1779 3610 2213 3696 eloquuntur),
2245 3611 2563 3696 profiaqus
2603 3635 2725 3676 eon-

506 3736 700 3797 9ruus
718 3711 1060 3801 superfluus
1080 3711 1522 3794 (quamquam
1536 3708 1875 3798 profluvius
1896 3730 2165 3793 quoque
2190 3716 2295 3773 est
2313 3756 2330 3783 ‚
2361 3716 2442 3773 ut
2465 3712 2730 3774 adluvius

515 3817 585 3873 et
626 3812 875 3874 oblivius
896 3859 912 3885 ‚
956 3809 1041 3874 de
1084 3830 1221 3894 quo
1267 3807 1407 3872 dixi
1449 3807 1519 3870 in
1561 3828 1792 3871 museo
1830 3807 2159 3871 Rhenano
2201 3829 2383 3872 novo
2410 3856 2425 3884 ‚
2473 3829 2533 3872 a.
2584 3806 2728 3872 1845

513 3906 792 3992 p.611):
837 3906 961 3970 sed
1004 3907 1332 3993 confraqus
1371 3927 1412 3969 a
1437 3905 1794 3992 frauqendo
1835 3927 2055 3991 neque
2102 3907 2400 3971 anticum
2445 3916 2555 3971 est
2583 3928 2727 3979 nec,

512 4012 680 4090 puto
701 4054 716 4079 ‚
738 4012 922 4068 recte
944 4003 1196 4067 factum
1213 4052 1228 4069 .
1249 4025 1389 4068 non
1404 4004 1748 4088 pertinent
1770 4011 1994 4068 autem
2014 4005 2149 4069 huc
2174 4026 2348 4090 quae
2373 4007 2519 4070 sine
2544 4025 2727 4090 prae-

510 4103 849 4188 positione
877 4123 1016 4165 non
1043 4102 1262 4165 minus
1288 4103 1555 4186 integra
1581 4109 1854 4165 manent
1871 4148 1886 4176 ‚
1914 4103 2204 4167 subeamne
2218 4126 2539 4188 pavaque
2566 4125 2723 4168 cons-

513 4204 644 4266 cius
663 4251 681 4281 ,
723 4223 1132 4287 supervacuus
1173 4203 1496 4285 iuriyuus;
1558 4221 1693 4284 quo
1737 4201 2018 4264 dividuus
2058 4200 2488 4265 referendum
2534 4207 2724 4285 puto,

512 4299 698 4384 quod
728 4300 1031 4384 plerique
1061 4299 1157 4363 ita
1187 4297 1538 4373 dixerunt,
1578 4298 1839 4363 scilicet
1868 4321 1906 4363 a
1933 4300 2112 4363 viduo
2141 4298 2449 4363 similiter
2481 4298 2721 4363 deduc·
