2840 5008
535 379 670 445 158
1591 386 1686 452 111

524 552 702 618 fieldi
722 554 1344 639 interpretationem
1364 558 1718 644 intellego,
1741 560 1972 645 itaque
1995 560 2156 624 mihi
2174 563 2349 627 haec
2364 564 2535 629 ferri
2550 587 2731 650 posse

523 675 658 717 non
692 652 1057 727 videntur,
1104 657 1232 719 nisi
1262 665 1420 743 post
1449 678 1717 721 versum
1762 660 2136 742 proximum
2178 662 2453 745 posita,
2487 665 2599 774 qui
2641 674 2730 728 est

526 752 790 837 bulyida
808 756 1178 838 praesertim
1205 777 1343 817 cum
1372 778 1619 819 cernere
1648 780 1828 841 saepe
1856 759 2213 843 nequimm.
2251 759 2350 822 ita
2395 761 2616 835 enim,
2647 763 2729 825 in·

524 853 699 937 quit,
725 875 931 916 sen-sm
951 853 1137 916 trahit
1155 854 1435 932 lumina,
1469 853 1600 918 hoc
1625 863 1730 919 est
1753 855 1952 919 dolor
1972 865 2262 920 tremere
2282 856 2454 922 facit
2478 859 2729 932 oculos

522 973 775 1036 eosque
804 973 844 1015 a
872 950 1145 1036 fulgidis
1173 951 1487 1016 videndis
1516 959 1855 1017 retractos
1883 955 2148 1016 detrudit
2174 956 2312 1018 ad
2286 979 2462 1040 upsas
2491 959 2650 1020 acies
2675 966 2729 1020 et
2797 944 2804 1005 ³

522 1050 810 1137 pupulas
827 1098 844 1123 ‚
868 1071 1038 1134 quas
1065 1051 1193 1113 iam
1229 1050 1409 1114 solas
1430 1050 1669 1115 vident
1685 1100 1700 1125 ‚
1724 1053 2048 1115 luminibus
2075 1073 2301 1116 rerum
2330 1052 2728 1142 fulgidarum

520 1151 669 1235 quia
685 1150 1172 1234 praepediuntur
1190 1199 1203 1212 .

685 1247 824 1311 365.
858 1269 1123 1323 NEQUE
1153 1270 1349 1310 ENIM
1373 1295 1388 1322 ,
1414 1269 1569 1323 QUA
1602 1271 2006 1314 (malumus
2039 1273 2201 1314 11>s1
2226 1298 2242 1325 ‚
2269 1249 2540 1314 OSTIA
2570 1237 2727 1315 susss

521 1369 862 1409 clrnm‘r
892 1368 1160 1408 ULLUM
1189 1368 1551 1409 RECLUSA
1581 1368 1740 1408 LAB
1762 1370 2008 1411 onam.
2029 1347 2459 1411 Nullamvim
2490 1349 2729 1413 habent

522 1445 737 1516 haec
772 1466 895 1529 qua
925 1446 1224 1506 cernimus
1251 1445 1417 1529 ipsi.
1443 1443 1649 1509 debet
1675 1466 1826 1509 esse
1854 1469 2046 1532 neque
2075 1447 2236 1509 enim
2263 1494 2282 1524 ,
2320 1469 2518 1522 QmA
2552 1451 2727 1511 cerni-

518 1548 652 1605 mus
679 1544 798 1626 ipsi
812 1591 829 1620 ,
861 1542 1033 1603 Ostia
1055 1578 1125 1588 —

685 1638 825 1702 372.
859 1638 1261 1702 CORPORIS
1290 1661 1554 1715 ATQUE
1586 1663 1826 1703 Arum
1868 1663 2332 1704 PantomnA
2376 1665 2730 1707 SINGULA

517 1764 556 1801 P
571 1762 613 1802 n
629 1762 651 1801 1
666 1762 714 1800 M
727 1761 750 1800 1
770 1760 802 1801 s
830 1738 938 1801 An
954 1760 992 1799 Ρ
1011 1759 1050 1800 o
1069 1759 1101 1800 s
1114 1761 1137 1799 1
1153 1760 1243 1800 TA
1260 1786 1275 1801 .
1297 1738 1697 1802 Rectissime
1727 1738 2073 1803 Bentleius
2105 1739 2195 1802 ad
2222 1739 2501 1811 Horatii
2531 1749 2726 1805 artem

515 1835 849 1922 poeticam
889 1835 969 1899 60
1000 1836 1242 1920 sinyula
1285 1858 1566 1905 PR1V1s
1606 1837 1906 1920 Adposita
1944 1885 1957 1899 .
2009 1836 2093 1900 de
2123 1840 2465 1901 sententia
2499 1841 2728 1904 Demo-

515 1936 669 2000 criti
710 1954 1114 2020 quamquam
1159 1932 1427 1997 aliunde
1468 1955 1607 1996 non
1649 1941 1922 1998 constat
1966 1935 2189 2019 (certe
2217 1935 2635 2002 Mullachius
2669 1935 2733 2002 in'

509 2033 899 2099 Democrito
930 2056 993 2118 p.
1012 2032 1132 2096 397
1162 2032 1329 2096 nihil
1355 2032 1567 2096 habet
1593 2029 1723 2095 nisi
1752 2033 2055 2097 Lucretii
2082 2036 2399 2119 versus),
2439 2043 2670 2099 tamen
2699 2058 2728 2098 e

512 2133 836 2219 proximis
866 2140 1154 2217 apparet
1183 2152 1330 2194 eum
1361 2130 1624 2216 singula
1655 2131 1853 2193 animi
1878 2131 2251 2215 primordia
2273 2132 2563 2218 singulis
2590 2156 2728 2198 cor·

511 2233 697 2318 poris
739 2230 1123 2316 primordiis
1161 2230 1543 2293 alternatim
1586 2230 1902 2313 apposita
1940 2230 2213 2293 finxisse
2247 2252 2263 2294 2
2309 2240 2526 2317 negat
2566 2234 2727 2297 enim

511 2331 869 2396 Lucretius
902 2329 1162 2391 animae
1191 2327 1563 2413 primordia
1592 2335 1729 2391 tam
1756 2327 1985 2412 parvis
2026 2328 2398 2392 intervallis
2441 2331 2622 2394 inter
2662 2352 2727 2394 se

512 2430 771 2494 distare
792 2475 806 2490 .

675 2528 816 2591 374.
875 2525 1056 2588 Nm
1117 2547 1271 2589 cum
1331 2544 1599 2587 MULTo
1659 2545 1867 2586 ‘SUNT
1927 2544 2245 2587 AN1MAE
2302 2548 2725 2591 ELEMENTA

509 2646 824 2690 MINORA
860 2669 875 2685 .
922 2623 1313 2702 Quadratus
1344 2622 1546 2685 anime
1577 2668 1594 2699 ‚
1635 2619 1787 2684 Itali
1818 2628 1886 2684 et
1913 2621 2240 2685 Marullus
2271 2625 2514 2688 animai
2544 2673 2559 2689 .
2603 2627 2724 2689 hoc

508 2726 678 2809 Aug.
695 2720 892 2786 Ferd.
913 2721 1169 2785 Nakius
1193 2770 1208 2796 ,
1237 2720 1442 2783 homo
1473 2720 1544 2783 in
1571 2719 1800 2802 primis
1831 2727 2069 2784 acutus
2088 2768 2103 2794 ‚
2124 2721 2193 2784 in
2223 2722 2454 2786 libello
2488 2724 2721 2788 acade-

505 2821 681 2884 mico
717 2867 733 2894 ‚
778 2819 892 2902 qui
945 2819 1029 2881 in
1059 2818 1537 2903 opusculorum
1583 2818 1724 2880 eius
1769 2823 1953 2880 tomo
1995 2820 2214 2903 primo
2259 2841 2548 2884 recusus
2595 2829 2719 2894 est,

414 2961 417 2964 ι
513 2942 579 3005 p.
603 2916 718 2980 183
738 2916 1118 3000 speciosum
1140 2935 1290 2979 esse
1310 2913 1476 2978 dicit
1498 2914 1587 2978 ad
1612 2915 2210 2979 commendandam
2234 2916 2583 2998 elisionem
2600 2920 2718 2983 La·-

506 3017 665 3082 tinis
688 3013 982 3098 alioquin
1002 3013 1348 3076 insuavem
1375 3062 1387 3075 .
1411 3012 1652 3077 videor
1674 3013 1836 3077 mihi
1857 3012 1945 3077 de
1967 3014 2097 3078 hac
2117 3036 2193 3078 re
2214 3018 2430 3100 magis
2458 3016 2717 3081 definite

510 3114 899 3202 praecipere
926 3133 1170 3196 posse:
1218 3111 1343 3175 sed
1370 3111 1615 3174 horum
1643 3113 2451 3177 vocabulorumomnium
2492 3163 2507 3190 ,
2557 3136 2715 3200 quae

501 3217 571 3279 in
593 3212 896 3277 vocalem
916 3211 1157 3295 longae
1175 3211 1393 3274 vocali
1410 3210 1523 3275 vel
1541 3209 1970 3296 diphthongo
1994 3212 2364 3277 subiectam
2388 3211 2713 3288 desinunt,

505 3318 826 3398 quattuor
855 3330 1106 3394 genera
1136 3315 1452 3372 accurate
1484 3308 1961 3394 distinguenda
1991 3316 2149 3372 sunt
2185 3357 2199 3383 ‚
2239 3316 2317 3372 ut
2344 3310 2415 3372 in
2444 3311 2711 3396 singulis

502 3409 589 3474 de
636 3407 910 3472 elisione
954 3413 1321 3491 quaeratur
1351 3454 1364 3469 .
1396 3428 1535 3469 non
1567 3412 1671 3469 est
1704 3403 1875 3469 e'nim
1917 3407 2152 3470 eadem
2196 3407 2322 3471 sed
2363 3430 2614 3495 magna
2649 3410 2712 3471 in

502 3507 810 3572 omnibus
834 3503 1198 3570 difficultas
1218 3553 1232 3579 ‚
1257 3526 1406 3568 cum
1430 3505 1559 3568 sibi
1580 3504 1852 3567 vocales
1875 3512 2018 3569 tres
2045 3513 2453 3590 quattuorve
2471 3556 2489 3587 ,
2519 3515 2712 3592 atque

497 3606 835 3671 interdum
866 3596 1163 3689 quinque
1192 3652 1208 3680 ‚
1245 3603 1615 3668 succedant
1647 3650 1663 3677 ‚
1704 3602 1837 3665 hoc
1871 3610 1978 3667 est
2002 3625 2232 3667 morae
2264 3612 2593 3687 quattuor
2613 3603 2713 3668 vel

500 3707 796 3789 quinque
819 3704 928 3769 vel
951 3724 1072 3767 sex
1089 3751 1105 3779 ‚
1127 3704 1195 3766 in
1227 3701 1397 3766 duas
1423 3701 1723 3787 syllabas
1746 3701 1843 3763 ita
1865 3700 2278 3765 coartandae
2296 3748 2312 3776 ‚
2335 3707 2414 3763 ut
2435 3701 2513 3766 id
2537 3699 2712 3786 quod

495 3802 566 3863 in
593 3802 814 3865 medio
848 3809 953 3866 est
982 3801 1274 3886 aliquam
1304 3799 1408 3863 sui
1438 3798 1763 3882 ponderis
1793 3803 2055 3881 partem
2087 3800 2352 3862 amittat
2381 3848 2396 3862 .
2429 3801 2712 3883 primum

496 3919 710 3984 genus
732 3906 835 3962 est
853 3947 867 3972 ‚
893 3920 1042 3961 cum
1063 3900 1131 3960 in
1155 3898 1283 3962 fine
1304 3897 1622 3960 vocabuli
1646 3903 1750 3959 est
1770 3896 1974 3981 longa
1993 3896 2428 3960 vocalisante
2446 3897 2711 3984 longam

496 3995 795 4059 vocalem
827 3997 970 4059 sive
998 3994 1497 4082 diphthongum
1521 4043 1537 4070 ‚
1570 3996 1811 4080 quibus
1829 3995 1898 4057 in
1927 3995 2238 4079 proxima
2268 3994 2570 4059 dictione
2599 4017 2710 4059 vo-

498 4094 659 4159 calis
691 4093 1016 4158 subicitur
1046 4141 1059 4156 .
1102 4094 1169 4157 in
1197 4094 1332 4158 hoc
1358 4115 1608 4179 genere
1636 4093 1796 4156 mihi
1827 4100 2085 4157 certum
2112 4092 2384 4157 videtur
2414 4094 2710 4179 syllabas

493 4193 974 4257 vocabulorum
1020 4193 1368 4278 contiguas
1411 4213 1775 4275 numquam
1821 4190 2232 4255 commisceri
2262 4238 2275 4252 .
2316 4211 2540 4275 neque
2584 4191 2710 4254 hoc

495 4290 581 4353 de
610 4292 852 4356 Plauto
883 4291 1097 4354 minus
1128 4291 1309 4354 valet
1337 4311 1535 4376 quam
1568 4289 1654 4351 de
1683 4290 1965 4353 ceteris.
1998 4288 2181 4374 apud
2209 4288 2390 4351 hunc
2422 4289 2573 4352 sine
2605 4289 2708 4351 eli·

492 4388 680 4451 sione
707 4391 927 4455 inveni
959 4389 1127 4462 haec
1151 4436 1166 4462 ‚
1202 4390 1466 4473 Illa-quai
1492 4388 1585 4449 rei
1601 4388 1881 4471 publicai
1904 4388 2112 4471 qratia
2130 4434 2144 4458 ,
2170 4392 2311 4449 tum
2341 4388 2706 4464 comoediai,
