2840 5008
1221 421 1289 489 V
2223 421 2360 488 323

239 590 246 597 ’
300 599 444 664 975.
466 599 973 663 M1ss1nxnns
1018 618 1256 661 sAxls
1297 616 1701 658 ETMAGNO
1744 616 2124 659 PONDERE
2167 617 2360 659 CLA-

117 723 167 764 v
183 721 291 763 An
316 747 335 774 ‚
379 718 555 783 quae
583 696 909 761 Marullus
939 695 1169 779 posuit
1209 700 1370 779 post
1408 693 1593 757 illum
1636 714 1904 757 versum
1925 742 1941 768 ‚
1986 693 2212 779 Sponte
2251 718 2363 760 saa
2409 721 2419 729 ·

113 799 249 861 sibi
292 798 551 884 quisque
589 797 791 860 valere
831 805 887 858 et
926 794 1122 857 vivere
1163 793 1370 856 doctus
1396 791 1515 855 961
1545 838 1561 866 ‚
1590 792 1918 855 Avantius
1945 791 2150 876 paulo
2183 815 2362 857 com-

114 894 409 958 modius
430 901 592 978 post
610 892 724 957 illa
739 941 756 971 ,
782 892 1289 957 Consectabantur
1307 891 1606 953 silvestria
1624 892 1827 954 saecla
1831 890 2126 977 ferarum
2144 939 2157 953 .
2181 913 2361 955 nunc

112 1013 299 1057 vera
342 991 651 1055 defectus
692 989 857 1054 sede
896 989 1239 1053 intellecta
1276 988 1374 1051 ita
1412 987 1641 1072 potius
1685 986 2023 1063 dicemus,
2068 996 2137 1053 et
2177 990 2361 1054 hunc

112 1112 409 1157 versum
427 1090 793 1170 Missilibus,
823 1110 1042 1174 eoque
1064 1089 1358 1153 fortasse
1379 1087 1643 1172 plures,
1669 1092 1738 1150 et
1761 1095 1944 1151 certe
1969 1086 2143 1151 duos
2164 1109 2360 1173 prae-

112 1199 328 1254 terea
351 1187 775 1262 dimidiatos,
807 1209 957 1251 cum
980 1208 1143 1251 casu
1169 1185 1616 1261 excidissent,
1644 1185 1712 1248 in
1734 1184 2050 1250 inferiore
2073 1187 2360 1274 paginae

114 1287 439 1373 margine
468 1285 854 1371 adscriptos
883 1307 1034 1350 eum
1065 1307 1105 1349 a
1136 1306 1268 1370 quo
1301 1284 1610 1348 codicum
1631 1291 2016 1349 nostrorum
2049 1284 2361 1373 archety-

113 1408 274 1472 pon
316 1384 573 1450 factum
616 1393 721 1448 est
764 1406 849 1448 ex
887 1392 1084 1468 parte
1123 1382 1444 1447 fefellisse
1468 1432 1483 1457 ‚
1526 1389 1603 1446 ut
1640 1381 1755 1446 illa
1795 1402 2112 1448 versuum
2138 1383 2362 1448 frusta

115 1483 514 1557 omitteret,
545 1482 726 1546 hunc
755 1489 1009 1556 autem,
1043 1482 1156 1566 qui
1184 1482 1448 1567 integer
1470 1487 1685 1555 esset,
1688 1502 1853 1544 non
1875 1502 1999 1545 suo
2022 1479 2173 1546 loco
2198 1483 2361 1546 scri-

114 1584 366 1647 beret.
393 1581 625 1665 itaque
647 1580 816 1644 haec
839 1601 950 1643 res
973 1588 1048 1643 ut
1076 1580 1378 1664 apertior
1397 1580 1550 1653 fiat,
1580 1600 1718 1643 non
1739 1588 1817 1644 ut
1839 1602 1988 1644 cum
2006 1579 2325 1651 Lucretio
2344 1629 2359 1657 ,
2387 1613 2397 1624 ·

118 1699 399 1744 summo
430 1699 745 1742 versuum
775 1677 1068 1753 artifice,
1106 1677 1192 1741 de
1220 1677 1515 1742 victoria
1539 1678 1980 1754 contendam,
2026 1679 2364 1744 defectum

113 1777 455 1863 supplere
479 1778 812 1841 conabor.
845 1777 1014 1841 haec
1035 1777 1275 1863 igitur,
1298 1778 1358 1842 si
1379 1799 1517 1842 non
1539 1779 1918 1862 aptissima,
1950 1779 2188 1843 saltem
2208 1780 2360 1845 bre-

117 1876 413 1942 vissima
456 1883 525 1940 et
567 1874 658 1940 ad
700 1898 841 1940 rem
883 1877 1169 1940 maxime
1196 1878 1584 1942 necessaria
1613 1899 1762 1942 esse
1790 1889 1958 1965 puto
1983 1926 1997 1941 .
2043 1879 2364 1966 Mdtaque

118 1976 489 2050 vincebant,
525 1975 796 2039 vitabant
807 1999 1023 2061 pauca
1049 1976 1329 2050 latebris,
1362 1976 1808 2062 Saetiyerisqne
1822 2001 2016 2062 ,pares
2040 1979 2224 2041 sabas
2255 1999 2363 2042 ar-

116 2076 427 2159 dorique
450 2073 716 2138 leonum
740 2075 1077 2140 Missilibus
1103 2076 1273 2138 saxis
1302 2085 1359 2138 et
1381 2096 1604 2159 ‘mayno
1620 2075 1915 2162 pondere
1925 2076 2163 2139 clavae.
2193 2075 2361 2140 Inde

120 2174 327 2240 cavis
382 2178 635 2236 temere
680 2173 925 2238 abiecti
966 2173 1264 2238 silvestria
1305 2171 1576 2234 membra
1620 2173 1818 2236 Nuda
1859 2172 2090 2236 dabant
2127 2184 2328 2237 terrae
2343 2223 2360 2253 ,

114 2284 431 2337 nocturno
460 2281 723 2355 tempore
746 2274 946 2357 capti,
978 2272 1224 2336 Circum
1250 2293 1313 2332 se
1324 2268 1506 2355 foliis
1536 2293 1611 2333 ac
1621 2269 1952 2356 frondibus
1977 2271 2331 2335 involventes
2344 2321 2361 2351 ,

301 2368 446 2432 973.
492 2366 550 2447 Q
566 2390 664 2432 UA
678 2391 717 2432 E
730 2392 820 2433 RE
835 2392 874 2432 13
889 2392 934 2433 A
950 2392 995 2432 N
1008 2392 1049 2432 ‘r
1092 2391 1131 2432 P
1147 2392 1188 2431 A
1206 2390 1303 2431 nv
1318 2389 1340 2430 1
1357 2389 1400 2429 n
1417 2389 1438 2430 1
1466 2416 1479 2429 .
1524 2367 1989 2454 Antiquissimi
2020 2377 2361 2434 correcto-

118 2489 246 2535 res
279 2490 319 2531 P
332 2489 380 2531 A
393 2488 440 2532 v
455 2487 477 2529 1
493 2488 535 2529 D
553 2488 576 2530 1
600 2514 614 2529 .

303 2565 446 2629 975.
500 2565 681 2629 Dum
755 2587 960 2630 noi-n
977 2587 1020 2628 A
1087 2587 1331 2628 FAcn.
1398 2565 1551 2628 Itali
1606 2572 1676 2629 et
1716 2564 2085 2631 Brixiensis
2142 2568 2365 2633 editor

120 2685 440 2731 nosnA.
1091 2720 1096 2723 ,

301 2761 445 2824 977.
473 2763 533 2825 Α
546 2784 585 2824 P
598 2784 636 2824 Ε
652 2784 751 2825 nv
765 2784 788 2824 1
805 2782 838 2825 s
884 2784 924 2837 Q
940 2782 983 2824 U
999 2782 1041 2824 o
1054 2783 1097 2823 D
1143 2783 1182 2824 E
1198 2785 1244 2825 N
1259 2784 1281 2824 1
1297 2785 1384 2824 Μ.
1432 2760 1795 2826 Corrector
1824 2762 2175 2847 quadrati,
2204 2765 2363 2829 item

120 2861 292 2926 Itali
325 2857 438 2922 et
421 2858 765 2942 lmpressi‚
794 2860 852 2924 A
892 2881 929 2922 P
947 2882 988 2921 A
1003 2882 1046 2921 n
1061 2881 1107 2924 v
1121 2882 1144 2922 1
1159 2881 1231 2923 s.
1974 2907 2006 2925 Ι

299 2942 442 3022 984.
498 2956 556 3019 Ε
573 2980 611 3020 L
625 2979 665 3019 n
681 2980 717 3021 c
735 2980 775 3019 ‘r
791 2980 814 3020 1
828 2980 869 3033 Q
884 2979 927 3020 u
940 2979 978 3018 E
1045 2980 1087 3019 D
1106 2978 1146 3019 o
1165 2979 1210 3020 Μ
1228 2980 1316 3021 ο.
1374 2957 1773 3043 Oblongus
1789 2981 1939 3023 cum
1983 2961 2365 3028 Veronensi

124 3056 442 3122 editione
472 3054 561 3119 Et
586 3055 836 3141 lectique
852 3102 870 3133 ‚
899 3054 1051 3118 Itali
1082 3062 1152 3119 et
1179 3054 1550 3121 Brixiensis
1580 3056 1639 3120 E
1654 3080 1677 3119 1
1689 3080 1727 3120 E
1743 3080 1777 3122 c
1794 3083 1835 3122 ’1-
1849 3083 1871 3122 1
1888 3082 1928 3135 Q
1945 3083 1986 3123 u
2000 3083 2077 3123 E.

303 3152 447 3217 985.
492 3152 968 3216 spumeum
1013 3175 1184 3217 stus
1230 3176 1503 3217 AnvnN
1524 3177 1622 3218 Tu
1665 3178 2123 3233 vnum-Qun
2170 3182 2362 3225 LEO-

120 3279 170 3319 N
191 3276 216 3317 1
232 3274 268 3316 s
293 3300 310 3314 .
351 3251 561 3314 Immo
607 3252 800 3315 validi
816 3274 914 3316 vn
958 3253 1145 3315 leonis
1166 3299 1179 3314 .
1225 3251 1292 3314 in
1316 3274 1405 3326 ιν,
1429 3252 1587 3316 1016
1617 3254 1957 3338 pantherae
1997 3278 2205 3321 morsa
2230 3282 2362 3323 sae-

116 3354 262 3417 vive
292 3351 482 3414 leonis
499 3397 513 3412 .
615 3366 618 3369 ’

306 3446 446 3511 989.
471 3446 795 3521 Dunc1A
837 3470 875 3510 L
899 3469 1388 3524 1NQUEBANT
1431 3470 1852 3514 LAMENms
1895 3474 2212 3517 LunnNA
2242 3477 2363 3519 vl-

118 3572 165 3612 ⁶1:
181 3569 230 3611 A
248 3569 289 3609 E
312 3593 326 3607 .
351 3545 839 3610 Alienissimum
864 3554 969 3611 est
990 3549 1300 3627 lamentis,
1326 3569 1476 3611 cum
1499 3546 1586 3611 de
1607 3550 1921 3612 mortium
1942 3551 2364 3616 multitudine

117 3643 475 3731 agendum
485 3634 588 3708 „Sit
605 3693 618 3708 .
648 3645 960 3710 Muretus
986 3646 1253 3731 egregie
1284 3669 1322 3708 1,
1339 3669 1384 3708 A
1402 3670 1443 3708 B
1459 3669 1497 3709 Ε
1513 3669 1557 3708 N
1572 3670 1611 3708 T
1627 3668 1651 3708 1
1668 3668 1700 3709 s
1730 3644 1966 3710 himina
1984 3650 2140 3712 vitae
2159 3697 2171 3711 .
2191 3649 2363 3713 Ver-

117 3743 275 3831 gilii
303 3742 419 3805 illa
447 3751 613 3806 nota
643 3752 801 3808 sunt
818 3791 834 3818 ‚
858 3756 941 3809 tot
965 3747 1092 3809 iam
1121 3745 1452 3808 labentibus
1481 3744 1690 3816 annis,
1712 3745 1904 3806 veniet
1929 3745 2131 3807 lustris
2158 3746 2362 3810 laben-

118 3842 289 3907 tibus
333 3850 501 3905 aetas
524 3887 538 3902 .
581 3840 896 3905 Manilius
926 3865 996 3918 11,
1013 3842 1137 3906 885
1167 3842 1618 3926 Labentemque
1646 3841 1805 3904 diem
1831 3843 1988 3906 vitae
2014 3847 2362 3910 tremulam-

120 3963 249 4027 que
275 3949 609 4003 senectam.

302 4036 443 4101 992.
477 4059 834 4102 summus
858 4085 872 4100 .
921 4037 1287 4102 Corrector
1318 4038 1592 4124 oblongi
1625 4060 1816 4102 enm
1833 4062 1965 4104 TU.

302 4135 444 4198 993.
468 4133 681 4199 V1vA
711 4156 1015 4200 VIDENS
1045 4157 1244 4200 leo
1277 4157 1656 4200 snrnmm
1689 4159 2038 4204 v1scERA
2070 4163 2362 4205 Bus‘ro.

119 4233 289 4299 Itali
320 4240 390 4296 et
416 4233 729 4316 impressi
770 4255 852 4296 vl
869 4254 966 4297 vo
1009 4233 1175 4297 busto
1200 4279 1214 4295 .
1257 4235 1493 4297 viscera
1536 4241 1761 4298 autem
1789 4235 1900 4301 hic
1928 4260 2065 4301 non
2095 4226 2363 4303 carnem

71 4322 80 4329 ’
124 4333 304 4398 dicit
325 4380 340 4406 ‚
372 4329 497 4394 sed
524 4331 795 4395 intimas
827 4333 1134 4415 corporis
1161 4352 1301 4396 non
1328 4332 1534 4396 modo
1565 4333 1634 4397 in
1662 4356 1798 4398 uno
1830 4336 2129 4400 alterove
2159 4359 2360 4402 mem-

119 4434 257 4496 bro
292 4429 485 4493 adesi
508 4437 771 4513 partes.
802 4429 1142 4527 simillimo·
1159 4430 1363 4495 modo
1393 4433 1628 4495 viscera
1655 4433 1725 4496 in
1747 4432 1807 4497 T
1811 4435 2015 4498 uscul.
2043 4458 2109 4511 11,
2123 4435 2207 4499 34
2230 4436 2362 4500 dici

1839 4531 1914 4594 21
1936 4536 1959 4559 ⁹
