2840 5008
1170 346 1238 413 V
1416 414 1434 427 ,
1659 364 1674 373 ’
2194 352 2328 419 195

147 522 339 585 Ν11110
373 542 553 606 quae
584 541 789 584 causa
819 519 1017 584 deum
1043 541 1167 605 per
1195 541 1470 605 magnas
1500 521 1769 585 numina
1797 523 2015 608 gentis

75 637 484 723 pervulgarit
515 644 581 699 et
611 657 875 699 ararum
905 635 1337 719 compleverit
1365 636 1549 699 urbis

76 750 632 836 suscipiendaque
664 750 913 814 curarit
942 750 1286 813 sollemnia
1316 771 1539 825 sacra,

75 888 225 951 quae
255 888 441 929 nunc
472 867 541 929 in
570 865 827 961 magnis
855 864 1100 929 florent
1128 886 1319 928 sacra
1346 867 1530 929 rebu’
1556 866 1887 952 locisque,

41 981 233 1045 v‚unde
265 982 475 1045 etiam
505 1003 684 1044 nunc
715 987 821 1044 est
846 979 1237 1044 mortalibus
1266 981 1508 1045 insitus
1538 980 1782 1046 horror
1800 1032 1814 1058 ‚

75 1098 175 1181 qui
204 1096 496 1161 delubra
526 1095 724 1159 deum
752 1116 928 1159 nova
955 1102 1102 1158 toto
1135 1096 1413 1159 suscitat
1444 1095 1592 1159 orbi

74 1219 394 1276 terrarum
426 1219 500 1274 et
526 1211 718 1274 festis
751 1210 930 1295 cogit
959 1210 1297 1274 celebrare
1329 1209 1568 1275 diebus
1587 1259 1602 1285 ‚

74 1348 194 1389 non
222 1328 318 1390 ita
350 1326 695 1390 difficilest
722 1325 1047 1389 rationem
1073 1324 1361 1388 reddere
1390 1325 1613 1389 verbis
1630 1374 1644 1388 .

78 1442 309 1529 quippe
343 1442 599 1506 etenim
626 1442 755 1504 iam
784 1446 922 1502 tum
953 1437 1178 1503 divom
1206 1440 1513 1503 mortalia
1543 1441 1763 1504 saecla

45 1572 58 1617 >
84 1557 369 1641 egregias
404 1557 626 1621 animo
656 1555 860 1618 facies
890 1554 1205 1639 vigilante
1233 1553 1583 1629 videbant,

82 1680 140 1734 et
162 1673 373 1757 magis
407 1673 479 1735 in
509 1668 759 1733 somnis
788 1668 1090 1732 mirando
1123 1670 1430 1756 corporis
1460 1677 1689 1733 auctu.

82 1785 172 1848 his
199 1787 403 1873 igitur
435 1807 706 1849 sensum
736 1784 1117 1848 tribuebant
1145 1791 1510 1871 propterea
1548 1785 1735 1870 quod

85 1902 366 1965 membra
394 1920 675 1964 movere
703 1897 1104 1963 videbantur
1134 1919 1474 1983 vocesque
1504 1903 1828 1985 superbas

86 2016 330 2079 mittere
360 2038 492 2102 pro
523 2016 693 2079 facie
723 2014 1068 2100 praeclara
1098 2022 1166 2078 et
1196 2014 1446 2078 viribus
1477 2015 1710 2100 amplis
1728 2062 1743 2078 .

49 2144 63 2188 ‘a
87 2139 546 2216 aeternamque
578 2128 831 2194 dabant
857 2128 1062 2193 vitam
1083 2178 1097 2205 ‚
1124 2129 1278 2213 quia
1309 2149 1570 2214 semper
1603 2151 1832 2194 eorum

89 2245 632 2330 subpeditabatur
659 2243 862 2308 facies
895 2252 962 2307 et
988 2243 1203 2307 forma
1230 2244 1573 2320 manebat,

94 2365 392 2423 ettamen
424 2360 693 2424 omnino
726 2358 911 2444 quod
939 2359 1144 2422 tantis
1174 2360 1426 2423 viribus
1458 2366 1694 2422 auctos

89 2494 207 2537 non
237 2484 492 2540 temere
521 2475 658 2539 ulla
686 2474 753 2539 vi
784 2474 1089 2540 convinci
1121 2496 1323 2561 posse
1353 2474 1712 2561 putabant.

92 2586 499 2677 fortunisque
528 2590 683 2654 ideo
714 2591 911 2676 longe
942 2597 1287 2675 praestare
1315 2591 1678 2676 putabant,

53 2704 255 2786 iquod
281 2707 523 2770 mortis
553 2707 750 2770 timor
778 2705 944 2770 haut
975 2727 1375 2791 quemquam
1401 2713 1683 2769 vexaret
1713 2726 1937 2770 eorum
1956 2756 1971 2782 ,

95 2829 152 2880 et
178 2821 364 2885 simul
391 2823 465 2885 in
495 2821 742 2885 somnis
775 2821 930 2905 quia
959 2822 1167 2885 multa
1199 2828 1265 2884 et
1292 2820 1459 2883 mira
1486 2820 1807 2886 videbant

94 2931 333 2999 efficere
365 2946 436 3001 et
465 2936 717 3000 nullum
748 2956 987 3021 capere
1015 2937 1202 3021 ipsos
1231 2934 1387 2999 inde
1416 2934 1745 3000 laborem.
2194 2997 2278 3035 ,Ἡ

92 3058 427 3129 praeterea
457 3052 620 3116 caeli
649 3051 946 3116 rationes
980 3050 1216 3114 ordine
1248 3059 1432 3114 certo

96 3170 152 3224 et
176 3167 354 3230 varia
388 3188 713 3230 annorum
744 3166 1109 3231 cernebant
1135 3174 1444 3252 tempora
1471 3166 1670 3240 verti,

55 3289 198 3340 §nec
226 3289 549 3365 poterant
579 3282 821 3366 quibus
852 3279 923 3344 id
952 3280 1143 3344 fieret
1173 3301 1583 3366 cognoscere
1615 3281 1862 3344 causis:

95 3411 236 3477 ergo
264 3395 646 3482 perfugium
677 3396 801 3459 sibi
829 3395 1172 3460 habebant
1202 3395 1420 3459 omnia
1451 3393 1622 3458 divis

97 3507 342 3574 tradere
379 3519 446 3575 et
471 3510 736 3574 illorum
762 3519 930 3575 nutu
956 3510 1180 3574 facere
1212 3509 1433 3573 omnia
1459 3509 1673 3573 flecti.

95 3619 153 3682 111
179 3619 498 3711 caeloque
531 3624 727 3688 deum
758 3625 954 3689 sedes
986 3633 1055 3689 et
1081 3625 1330 3710 templa
1356 3624 1695 3700 locarunt,

99 3757 204 3819 per
233 3739 486 3804 caelum
515 3740 697 3804 volvi
726 3743 880 3827 quia
904 3741 1020 3804 lux
1050 3748 1119 3804 et
1143 3740 1304 3803 luna
1333 3740 1632 3815 videtur,

59 3859 73 3906 3
96 3847 262 3929 luna,
286 3854 428 3920 dies
449 3904 465 3932 ‚
493 3864 561 3918 et
587 3877 728 3918 nox
747 3905 761 3931 ‚
786 3863 852 3920 et
879 3856 1096 3920 noctis
1128 3856 1318 3941 signa
1345 3876 1611 3931 serena,

103 3969 609 4057 noctivagaeque
637 3970 821 4035 faces
853 3971 1015 4035 caeli
1036 4020 1050 4047 ‚
1072 3969 1508 4056 flammaeque
1538 3970 1845 4035 volantes
1862 4020 1876 4046 ‚

116 4251 222 4299 1172
256 4261 509 4323 proptere
549 4252 569 4320 ΙΙ
613 4258 741 4304 1178
780 4252 867 4304 1116
903 4250 924 4320 ΙΙ
968 4258 1095 4304 1184
1133 4252 1305 4305 varias
1346 4250 1366 4320 ΙΙ
1409 4256 1536 4304 1185
1565 4251 1752 4304 fierent
1790 4251 1810 4318 ΙΙ
1850 4255 1980 4302 1189
2006 4268 2114 4303 nox
2151 4250 2171 4319 Η
2215 4253 2343 4300 1190

116 4342 139 4374 e
167 4336 321 4388 noctis
346 4336 377 4414 ⁴ss
417 4352 634 4391 severa.

1821 4433 1938 4494 13·
