2840 5008
505 394 544 459 4
1443 414 1786 459 Rffl'ENSIO

649 566 840 630 Haec
864 567 1086 629 omnia
1107 567 1203 629 ita
1220 573 1297 629 ut
1315 564 1452 629 dixi
1473 564 1682 631 fuisse
1698 566 2043 652 intelleget
2062 567 2462 652 quicumque
2478 569 2719 633 horum

499 666 1128 733 commentariorum
1147 665 1434 750 aliquam
1456 672 1717 749 partem
1736 666 2292 752 pertractaverit.
2317 688 2599 751 quarum
2615 689 2719 732 re-

499 791 642 831 rum
686 767 973 830 maxima
1012 787 1174 852 pars
1214 786 1251 828 e
1294 764 1507 850 copiis
1549 766 1633 829 ab
1663 764 2137 851 Havercampo
2182 772 2251 827 et
2291 767 2536 829 ceteris
2572 788 2720 829 cum

496 888 751 930 summa
763 863 989 929 iudicii
1009 862 1467 928 imbecillitate
1486 861 1747 926 collatis
1765 883 1915 925 cum
1930 861 2090 925 mihi
2106 884 2226 925 sex
2239 862 2381 926 fere
2394 864 2717 927 mensium

494 989 619 1031 usu
643 964 1061 1029 constitisset
1078 1010 1094 1038 ‚
1118 968 1345 1025 cetera
1367 962 1675 1044 (praeter
1696 982 2043 1024 numerum
2065 961 2460 1047 paginarum
2480 1010 2495 1037 ‚
2523 984 2718 1046 quem

493 1086 708 1151 nuper
763 1061 1096 1143 subduxi)
1157 1081 1237 1124 eo
1293 1059 1445 1144 ipso
1503 1080 1719 1144 paene
1775 1065 2114 1122 momento
2166 1066 2534 1143 patuerunt
2584 1081 2713 1144 quo

492 1164 917 1228 membranae
960 1159 1339 1224 Vossianae
1387 1178 1428 1219 a
1472 1179 1579 1220 me
1628 1156 1853 1220 excuti
1899 1163 2184 1241 coeptae
2230 1164 2439 1232 sunt,
2490 1179 2715 1221 mense

492 1262 705 1348 Aprili
745 1260 901 1323 anni
940 1277 1553 1329 Muccchv1‚cum
1593 1255 1839 1340 insigni
1867 1255 2340 1320 benevolentia
2371 1277 2452 1318 ac
2483 1254 2714 1319 favore

487 1360 843 1425 illustrium
860 1354 1308 1421 academiaeL
1316 1347 1606 1417 eidensis
1622 1360 2038 1429 curatorum,
2057 1354 2473 1439 quosIacobi
2488 1353 2717 1428 Geelii‚

490 1458 776 1521 hominis
808 1454 1042 1541 optimi
1067 1453 1364 1537 mihique
1385 1474 1524 1515 non
1546 1460 1830 1538 propter
1852 1450 2296 1515 eruditionem
2320 1452 2534 1516 solam
2563 1453 2716 1525 cari,

490 1555 770 1619 consilio
800 1574 962 1616 usos
993 1573 1143 1615 esse
1173 1550 1500 1637 suspicor,
1530 1550 1600 1612 in
1626 1549 1805 1613 hanc
1832 1552 2066 1616 urbem
2092 1558 2319 1614 essent
2340 1552 2719 1615 tramissae.

490 1652 692 1738 paulo
752 1658 908 1714 ante
961 1649 1031 1714 id
1081 1656 1346 1735 tempus
1398 1648 1533 1712 duo
1587 1648 2055 1725 adulescentes
2107 1650 2359 1734 optime
2406 1649 2719 1723 instituti,

487 1753 691 1837 Hugo
733 1750 1155 1823 Burmannus
1198 1748 1475 1811 Silesius
1520 1753 1589 1810 et
1616 1747 1904 1813 Iacobus
1933 1747 2345 1833 Bernaysius
2375 1748 2714 1814 Hambur-

482 1850 751 1936 genem,
791 1849 902 1912 via
945 1869 1023 1912 ac
1065 1847 1330 1911 ratione
1371 1849 1456 1913 ab
1500 1846 1803 1910 Iohanne
1842 1845 2125 1910 Nicolao
2164 1845 2487 1910 Madvico
2512 1895 2529 1922 ‚
2566 1848 2716 1912 viro

489 1944 986 2022 eruditissimo,
1055 1953 1433 2010 monstrata
1504 1944 1605 2028 (is
1677 1945 1852 2009 enim
1914 1941 2335 2008 emendando
2390 1945 2716 2010 Lucretio

486 2048 740 2133 primus
781 2052 992 2109 artem
1024 2066 1256 2108 sanam
1288 2042 1601 2108 adhibuit
1630 2044 1698 2106 in
1729 2042 1954 2108 libello
1987 2041 2371 2106 academico
2402 2043 2720 2107 Hauniae

487 2167 663 2209 anno
700 2144 857 2209 1832
903 2151 971 2207 et
1009 2144 1252 2206 iterum
1290 2140 1564 2207 biennio
1607 2147 1768 2226 post
1807 2141 1985 2204 inter
2020 2140 2345 2224 opuscula
2374 2140 2606 2226 edito)
2645 2143 2722 2205 in

487 2242 952 2329 expendendis
996 2241 1197 2304 huius
1240 2239 1574 2324 poematis
1622 2237 2023 2303 emendandi
2067 2237 2424 2322 praesidiis
2465 2261 2716 2326 magno

485 2342 712 2407 studio
756 2361 977 2425 neque
1016 2339 1373 2402 infeliciter
1419 2338 1975 2403 elaboraverunt.
2015 2337 2256 2400 horum
2286 2337 2719 2403 Purmannus

483 2441 1038 2507 Lucretianarum
1085 2436 1554 2523 quaestionum
1601 2435 1941 2521 specimen
1981 2434 2435 2500 Vratislaviae
2482 2458 2719 2501 mense

477 2540 731 2604 -Martio
764 2537 1063 2603 eiusdem
1092 2536 1248 2599 anni
1277 2534 1437 2598 1846
1462 2533 1677 2599 edidit
1696 2583 1713 2614 ,
1742 2535 2158 2620 Bernaysius
2189 2556 2349 2599 suae
2376 2535 2466 2599 de
2490 2557 2715 2600 emen-

484 2638 759 2702 datione
797 2636 1096 2700 Lucretii
1135 2633 1682 2698 commentationi
1705 2680 1720 2708 ‚
1754 2655 1954 2717 quam
1981 2631 2365 2697 Fridericus
2396 2633 2716 2698 Bitsche-

478 2737 609 2799 lius
651 2736 722 2798 in
759 2733 1160 2798 Rhenanum
1199 2752 1502 2795 museum
1541 2730 1950 2817 philologiae
1992 2753 2168 2795 anno
2214 2732 2372 2795 1847
2414 2733 2715 2818 recepit,

483 2833 886 2917 subscripsit
903 2830 1185 2895 eundem
1200 2830 1384 2893 illum
1395 2828 1696 2916 Aprilem
1711 2830 1868 2893 anni
1887 2830 2044 2894 1846
2056 2878 2072 2893 .
2092 2829 2216 2894 sed
2232 2851 2465 2894 eorum
2480 2852 2712 2918 opera,

482 2938 559 2993 ut
592 2930 720 2994 fuit
746 2930 817 2993 in
846 2929 981 2992 hoc
1008 2929 1281 3014 negotio
1314 2949 1479 2991 sane
1504 2926 1936 2993 laudabiliter
1963 2928 2188 3014 posita
2209 2976 2224 3004 ‚
2262 2929 2361 2992 ita
2385 2929 2552 2993 mihi
2574 2978 2591 3005 ‚
2630 2935 2711 2993 ut

480 3050 713 3092 verum
735 3027 961 3091 'dicam
979 3074 994 3102 ‚
1026 3025 1115 3090 ad
1150 3047 1473 3090 summam
1496 3024 1593 3089 rei
1616 3046 1752 3088 non
1774 3024 2034 3110 profuit
2050 3072 2066 3101 ,
2098 3027 2412 3110 quoniam
2433 3027 2531 3090 illi
2549 3049 2708 3112 par-

475 3127 601 3190 tim
632 3147 714 3189 ea
741 3146 914 3208 quae
938 3124 1102 3188 mihi
1123 3123 1474 3187 notissima
1498 3131 1690 3187 erant
1712 3123 2116 3199 attulerunt,
2148 3124 2277 3188 alia
2295 3173 2310 3200 ‚
2338 3133 2417 3189 ut
2439 3124 2709 3190 adules-

483 3231 714 3288 centes
748 3243 968 3305 neque
997 3224 1173 3286 satis,
1189 3222 1260 3285 in
1287 3222 1586 3285 Lucretii
1614 3221 1882 3307 ingenio
1917 3222 2392 3307 cognoscendo
2422 3215 2708 3298 versati,

469 3328 598 3386 ‚aut
626 3319 1224 3405 praetermiserunt
1253 3329 1370 3383 aut
1397 3320 1586 3384 falsis
1617 3319 1935 3384 admixtis
1967 3320 2509 3385 contaminarunt
2531 3371 2546 3385 .
2575 3321 2706 3418 hos

477 3420 691 3506 igitur
727 3416 813 3481 de
859 3417 1266 3502 quibusnam·
1295 3420 1500 3493 rebus
1541 3426 1728 3483 recte
1769 3418 2062 3483 sensisse
2101 3418 2391 3484 iudicem
2429 3441 2514 3484 ex
2544 3442 2706 3483 con·

481 3539 684 3583 sensu
706 3515 902 3580 facile
925 3513 1384 3600 intellegetur.
1409 3516 1630 3579 omnia
1652 3516 2037 3626 singillatim
2057 3539 2443 3628 recensere,
2464 3539 2552 3581 ne
2569 3518 2708 3583 lec·

479 3617 757 3681 toribus
769 3614 1079 3679 molestia
1105 3618 1411 3699 paretur,
1441 3612 1629 3676 nolo.

501 3726 507 3732 “
629 3717 734 3780 De
760 3705 893 3779 illis
925 3721 1149 3779 autem
1180 3712 1396 3776 tribus
1430 3712 1875 3798 apographis,
1908 3715 2149 3799 quibus
2177 3713 2337 3778 inde
2368 3735 2409 3776 a
2429 3715 2705 3778 saeculo

477 3834 657 3875 nono
708 3814 1094 3877 memoriam
1137 3810 1526 3874 Lucretiani
1575 3811 1885 3875 carminis
1931 3812 2020 3875 ad
2061 3819 2366 3876 nostram
2410 3818 2708 3877 aetatem

464 3917 923 3996 propagatam
967 3931 1117 3974 esse
1155 3909 1329 3984 dixi,
1360 3915 1518 3972 ante
1560 3909 1780 3972 omnia
1819 3910 2164 3972 sciendum
2208 3916 2314 3973 est
2342 3930 2548 3973 unum
2579 3910 2706 3974 ho-

476 4029 624 4070 rum
667 4028 745 4070 eo
787 4008 937 4091 ipso
980 4007 1249 4070 saeculo
1283 4028 1367 4070 ex
1397 4007 1774 4093 archetypo
1805 4007 2058 4071 factum
2088 4028 2478 4093 superesse.
2505 4009 2567 4071 is
2599 4017 2710 4074 est

478 4103 787 4168 codicum
824 4102 1251 4168 Leidensium
1294 4103 1498 4180 alter,
1540 4126 1818 4169 numero
1860 4105 2275 4191 trigesimuS‚
2319 4127 2518 4190 quem
2561 4129 2706 4169 on-

473 4211 804 4266 LoNGUM
846 4200 998 4265 dico
1018 4249 1034 4276 ‚
1068 4203 1222 4286 quia
1253 4224 1333 4266 ea
1360 4201 1579 4265 forma
1610 4210 1716 4266 est
1746 4223 1948 4286 quam
1978 4202 2179 4287 vulgo
2209 4203 2448 4289 infolio
2476 4206 2708 4269 minori

475 4301 709 4368 dicunt
733 4351 746 4364 .
785 4298 896 4363 hic
926 4298 1108 4364 unde
1139 4299 1228 4363 ad
1255 4299 1564 4364 Isaacum
1598 4299 1912 4364 Vossium
1941 4301 2328 4386 pervenerit
2357 4301 2549 4386 (nam
2578 4324 2702 4389 pa-

476 4405 578 4462 ter
607 4398 958 4493 eius-hunc
987 4419 1123 4462 non
1152 4397 1426 4473 habuit,
1458 4398 1582 4463 sed
1613 4399 1936 4485 alterum)
1967 4399 2193 4464 dicere
2222 4420 2359 4463 non
2387 4420 2699 4485 possum,
2728 4452 2734 4458 .
