2840 5008
123 1710 336 1832 Ante
361 1769 490 1834 1108
519 1767 697 1831 1111116
724 1788 937 1830 annos
962 1768 1027 1829 111
1052 1766 1343 1852 quadam
1366 1769 1556 1854 regni
1577 1767 1886 1833 Francici
1907 1776 2103 1854 parte
2123 1790 2328 1833 unum

124 1875 452 1952 supererat
467 1866 858 1931 Lucretiani
886 1866 1198 1929 carminis
1223 1868 1566 1952 exemplar
1589 1867 1938 1952 antiquum
1955 1915 1970 1942 ,
1998 1889 2033 1931 6
2059 1890 2193 1953 quo
2222 1888 2329 1933 ce—

124 1972 287 2042 tera,
317 1988 600 2051 quorum
629 1968 789 2050 post
814 1963 928 2027 illa
956 1972 1265 2050 tempora
1285 1966 1608 2029 memoria
1628 1966 1756 2028 fuit
1773 2013 1788 2040 ,
1821 1964 2118 2029 deducta
2143 1976 2338 2050 sunt,

123 2064 236 2127 nisi
275 2063 449 2128 forte
496 2084 648 2127 eum
692 2065 914 2128 librum
956 2063 1234 2127 Lucretii
1276 2060 1468 2126 unum
1514 2085 1713 2147 quem
1756 2064 2024 2127 saeculo
2068 2063 2329 2128 decimo

122 2161 471 2227 Bobionses
503 2183 577 2226 se
604 2161 861 2226 habere
891 2162 1310 2248 scripserunt
1339 2162 1408 2224 in
1440 2162 1751 2247 catalogo
1783 2183 1822 2224 a
1849 2161 2231 2225 Muratorio
2261 2164 2332 2226 in

126 2261 637 2346 Antiquitatibus
676 2260 927 2324 Italicis
969 2259 1151 2323 edito
1177 2307 1192 2334 ,
1232 2267 1417 2322 tomo
1451 2283 1527 2323 111
1558 2283 1621 2346 p.
1644 2258 1768 2323 820
1793 2307 1808 2334 ,
1851 2265 1920 2322 et
1954 2259 2173 2345 ipsum
2201 2261 2329 2323 iam

127 2365 268 2422 tunc
296 2360 641 2443 antiquum
671 2358 882 2423 fuisse
913 2358 1241 2443 suspicari
1271 2357 1579 2422 volumus
1597 2407 1611 2422 .
1644 2365 1829 2422 certe
1855 2358 2055 2423 huius
2078 2358 2331 2422 nullum
2418 2432 2422 2439 Ι

126 2476 384 2542 usquam
430 2464 621 2521 extat
662 2457 1068 2543 vestigium:
1115 2478 1200 2521 ex
1243 2457 1357 2521 illo
1401 2479 1600 2542 quem
1639 2457 1710 2520 in
1750 2477 1960 2543 regno
2003 2456 2331 2522 Francico

126 2552 314 2621 fuisse
363 2555 670 2620 dicebam
719 2555 909 2618 multi
954 2556 1174 2619 tribus
1197 2602 1213 2629 ,
1261 2562 1587 2640 quantum
1633 2575 2046 2640 cognoscere
2089 2577 2331 2640 possu-
2389 2577 2396 2582 “

126 2674 284 2729 111118,
321 2654 641 2740 exemplis
684 2654 1007 2741 descripti
1050 2665 1241 2718 sunt.
1276 2654 1349 2718 id
1393 2654 1734 2738 exemplar
1773 2660 2151 2718 ceterorum
2193 2677 2333 2719 AR·-

128 2753 529 2815 cimrrron
587 2751 722 2836 (ita
777 2750 1118 2837 appellare
1171 2751 1399 2837 soleo)
1460 2752 1766 2815 constitit
1813 2753 2076 2838 paginis
2129 2776 2336 2828 00011,

128 2869 389 2933 quarum
409 2871 548 2914 non
572 2857 835 2913 tantum
851 2850 1068 2936 prima
1093 2857 1163 2913 et
1176 2850 1411 2914 ultima
1425 2897 1440 2927 ,
1460 2849 1585 2914 sed
1601 2858 1957 2938 praeterea
1976 2854 2339 2917 centesima

126 2949 572 3035 nonagesima,
605 2969 777 3033 quae
821 2955 968 3013 erat
1006 2954 1168 3035 post
1203 2949 1403 3012 finem
1432 2949 1588 3014 libri
1620 2950 1878 3034 quarti,
1911 2952 2337 3037 conscriptae

127 3066 246 3110 non
265 3047 571 3112 fuerunt:
600 3047 759 3110 item
782 3069 917 3110 una
938 3047 1009 3110 in
1031 3048 1204 3112 libro
1228 3049 1445 3135 primo
1466 3095 1481 3125 ,
1513 3056 1591 3112 ut
1613 3048 1830 3113 dicam
1854 3049 1945 3114 ad
1967 3050 2165 3113 huius
2188 3070 2339 3112 ver-

129 3165 256 3208 sum
284 3147 439 3211 1093
454 3194 471 3221 ,
495 3167 711 3209 vacua
732 3145 863 3209 fuit
883 3145 1155 3211 relicta:
1178 3147 1248 3210 in
1268 3148 1548 3232 reliquis
1567 3144 1845 3211 fuerunt
1860 3168 2100 3210 versus
2117 3148 2341 3232 vigeni

129 3246 288 3319 seni,
315 3246 384 3308 in
420 3245 657 3308 ultima
697 3244 851 3309 libri
892 3245 1215 3329 cuiusque
1248 3247 1604 3330 pauciores
1629 3295 1642 3309 .
1672 3265 1880 3329 porro
1913 3245 2055 3307 eius
2086 3245 2354 3314 codicis,

128 3342 511 3427 scripturam
541 3342 786 3407 litteris
817 3344 1217 3428 capitalibus
1240 3343 1709 3429 gracilioribus
1728 3388 1743 3416 ‚
1775 3362 1914 3403 non
1934 3343 2342 3420 uncialibus,

128 3435 317 3504 fuisse
337 3441 563 3505 multis
580 3439 843 3506 indiciis
863 3443 1182 3529 cognosci
1199 3448 1466 3528 potest:
1490 3440 1976 3505 vocabulorum
1995 3441 2342 3507 distinctio
2385 3434 2390 3440 ’

128 3538 292 3601 nulla
307 3539 432 3603 fuit
444 3586 460 3613 ,
480 3540 967 3605 sententiarum
988 3538 1533 3623 constantissima
1550 3538 1619 3601 in
1636 3537 1875 3602 mediis
1893 3541 2203 3605 versibus
2219 3588 2235 3605 .
2260 3563 2344 3605 ex

131 3638 356 3717 quibus
385 3639 591 3701 rebus
620 3637 1033 3723 intellegitur
1066 3658 1212 3700 611111
1245 3635 1517 3698 saeculo
1549 3643 1709 3720 post
1740 3634 2082 3699 Christum
2111 3646 2344 3700 natum

130 3743 354 3814 quarto
387 3736 714 3820 quintove
746 3736 1204 3819 conscriptum
1234 3733 1444 3797 fuisse
1464 3782 1479 3809 ,
1508 3733 1916 3818 Vergilianis
1949 3734 2344 3820 exemplari-

129 3827 271 3909 bus,
302 3856 478 3918 quae
521 3855 607 3899 ex
649 3856 728 3898 60
777 3854 1022 3919 genere
1053 3840 1454 3916 supersunt,
1487 3830 1917 3895 simillimum.
1958 3830 2093 3894 hoc
2121 3840 2347 3897 tamen

131 3932 570 3997 confitendum
619 3939 756 4007 est,
785 3951 1007 4014 neque
1049 3929 1394 3995 librarium
1434 3951 1580 3993 rem
1621 3951 1809 3993 su-am
1846 3929 2011 3993 satis
2042 3931 2348 3998 studiose

134 4030 364 4112 egisse,
394 4051 620 4116 neque
663 4038 1086 4094 correctores
1106 4077 1122 4106 ,
1154 4051 1327 4114 quos
1367 4030 1438 4093 in
1474 4029 1648 4122 libro
1682 4029 2087 4115 expoliendo
2121 4053 2350 4095 curam

134 4126 487 4193 collocasse
530 4136 849 4213 apparet,
882 4128 1093 4192 multa
1125 4130 1209 4193 ab
1239 4129 1355 4192 illo
1386 4137 1672 4215 peccata
1703 4128 2135 4192 emendasse:
2168 4137 2350 4192 certe

134 4240 205 4286 ne
230 4248 435 4291 unum
467 4224 739 4310 quidem
765 4247 850 4289 ex
878 4227 959 4290 iis
981 4227 1291 4290 versibus
1316 4248 1489 4312 quos
1515 4227 1852 4291 omisisset
1874 4227 2346 4301 restituerunt·;

133 4328 196 4383 ut
209 4324 567 4389 videantur
586 4323 746 4388 mihi
765 4325 1066 4389 codicem
1086 4347 1278 4389 suum
1297 4373 1312 4401 ,
1336 4333 1415 4388 ut
1433 4325 1577 4389 fere
1598 4325 1942 4400 dicebant,
1969 4325 2110 4388 81116
2131 4342 2351 4385 exem-

104 4458 111 4467 ·
136 4417 330 4499 plario
361 4422 609 4509 legisse
640 4429 708 4486 et
735 4430 812 4484 ut
841 4424 1189 4507 potuerint
1222 4423 1651 4508 emendasse,

164 4520 169 4526 .
1869 4522 1894 4581 1
1921 4522 1943 4546 .
