2840 5008
1206 393 1304 459 IV
1871 456 1874 461 .
2220 396 2359 463 245

85 567 547 633 sententia-m
563 615 577 641 ‚
607 588 693 629 ne
717 588 861 630 eam
885 568 1163 631 arbitrio
1187 567 1623 653 grammatico
1647 568 2021 632 tribuamus
2040 615 2056 640 ‚
2086 576 2362 634 senatus
2417 612 2425 625 ·

88 666 523 730 consultum
567 664 751 750 quod
793 673 900 729 est
942 665 1026 729 de
1070 665 1610 731 Bacchanalibus
1654 666 1819 730 mire
1864 666 2252 742 confirmat,
2294 667 2362 730 in

90 786 233 849 quo
269 765 472 828 recti
508 785 708 828 casus
738 763 809 828 hi
838 772 1029 844 sunt,
1060 767 1200 850 quei
1217 813 1231 840 ‚
1257 766 1598 853 soideratei
1614 813 1629 839 ‚
1670 766 1995 843 oinvorsei,
2024 767 2207 838 mirei,
2240 767 2359 831 ob-

87 863 263 948 liqui
291 869 550 927 autern
576 863 824 943 Latini,
851 863 1106 943 urbani,
1133 867 1333 940 sacri,
1364 864 1489 928 sed
1510 865 1722 928 maior
1746 864 2016 931 testium
2040 884 2201 947 pars
2222 886 2362 928 non

90 961 514 1025 consentit.
545 961 614 1024 in
643 961 791 1046 lege
809 960 1070 1025 Thoria
1085 964 1307 1048 populi
1331 964 1636 1027 Romami
1658 970 1727 1026 et
1741 963 1999 1047 populea*
2021 963 2327 1025 Romami
2341 1011 2359 1041 ,

90 1060 344 1145 quodve
378 1061 541 1144 aqri
567 1060 718 1123 locei
750 1060 1056 1144 publicei,
1100 1062 1227 1123 eius
1267 1062 1440 1146 ayrei
1468 1063 1653 1140 locei,
1699 1061 1880 1124 ceivis
1910 1061 2250 1139 Romanei,
2293 1062 2361 1124 in

94 1158 345 1221 cotonei
381 1180 693 1232 amnem,
736 1160 803 1221 in
833 1181 900 1221 eo
943 1182 1193 1223 numero
1234 1161 1443 1243 αφέἰ,
1486 1161 1644 1222 vinei
1683 1160 1905 1230 oleive‚
1947 1158 2192 1220 modum
2222 1160 2362 1242 ayri

93 1256 254 1318 locei
272 1303 287 1316 .
323 1256 402 1318 in
431 1254 730 1320 Servilia
745 1258 1103 1341 parenti-sva
1115 1260 1245 1321 suei
1261 1306 1276 1333 ‚
1306 1259 1467 1342 reyis
1481 1257 1805 1342 populeive
1828 1257 2074 1319 ceivisve
2099 1259 2232 1319 suei
2250 1279 2358 1319 no-

93 1353 265 1415 mine
296 1401 314 1431 ,
361 1354 601 1438 quoius
627 1355 788 1437 reqis
814 1355 1136 1439 populeive
1164 1356 1440 1429 nomine,
1482 1355 1815 1418 tribuendei
1842 1378 2030 1419 causa
2057 1403 2075 1434 ,
2106 1355 2361 1439 populei

80 1451 232 1537 fiet.
275 1451 357 1514 in
388 1451 554 1535 lege
582 1451 741 1536 pagi
769 1450 1177 1516 Herculanei
1204 1454 1514 1536 mayistrei
1542 1455 1733 1537 payei
1751 1500 1765 1515 .
1804 1453 1875 1515 in
1906 1453 2050 1538 lege
2081 1451 2167 1516 de
2190 1452 2357 1537 Ter<

100 1550 363 1613 mensis
409 1550 634 1614 leiberi
672 1551 888 1613 amicei
926 1552 1225 1636 socieique
1252 1551 1511 1635 populei
1538 1551 1809 1614 Romani
1848 1561 2019 1613 sunto
2041 1598 2055 1612 .
2099 1549 2169 1613 in
2208 1549 2358 1636 lege

102 1645 375 1710 Rubria
392 1647 829 1733 praefkctusve
857 1650 984 1711 eius
1004 1650 1333 1734 municipei
1347 1697 1365 1728 ,
1396 1649 1642 1712 dammi
1667 1650 1907 1737 infectei
1937 1656 2004 1712 et
2025 1650 2237 1712 damni
2263 1650 2357 1711 in-

91 1745 284 1830 sectei
307 1793 321 1808 .
371 1747 452 1808 in
500 1766 658 1808 aere
689 1744 1128 1809 Heracleensi
1168 1749 1436 1831 operisve
1466 1747 1715 1832 publice
1741 1747 2093 1835 faciumdei
2135 1770 2324 1810 causa
2342 1795 2357 1821 ‚

105 1845 401 1907 stercori-s·
435 1868 519 1908 ex
543 1845 875 1928 portandei
905 1867 1123 1908 caussa
1143 1894 1160 1923 ‚
1203 1845 1555 1909 lcabitandei
1595 1847 1835 1909 utendei
1865 1869 2080 1909 caussa
2099 1893 2116 1923 ,
2159 1847 2225 1908 in
2254 1846 2356 1908 de-

106 1942 376 2005 mortuei
405 1943 795 2005 damnateive
823 1943 1021 2005 locum
1036 1990 1053 2021 ,
1078 1942 1279 2029 ficrtei
1308 1950 1376 2006 et
1403 1944 1630 2006 iudicio
1658 1945 1968 2007 mandatei
1997 1943 2357 2006 condemna·-

109 2047 235 2117 tus,
281 2041 724 2125 depucnandei
752 2063 968 2104 caussa
1007 2052 1353 2104 auctoratus
1376 2089 1391 2105 .
1436 2049 1644 2125 atque
1678 2040 1763 2104 de
1795 2040 2004 2105 dandi
2034 2039 2355 2104 vocandi-

113 2157 245 2220 que
276 2160 453 2204 casu
487 2138 683 2202 aliter
712 2138 1037 2203 Lucilium
1077 2160 1157 2202 ac
1187 2139 1389 2224 vulgo
1439 2146 1716 2224 putatur
1745 2138 2175 2223 praecepisse
2205 2158 2355 2201 ver-

113 2235 307 2300 siculi
340 2238 496 2301 eius
528 2236 939 2315 ostendunt,
986 2238 1100 2321 qui
1129 2245 1288 2300 s'unt
1328 2235 1530 2300 huius
1559 2235 1780 2300 modi.
1824 2236 1964 2300 Hoc
1991 2236 2087 2299 illi
2110 2235 2358 2322 factum

117 2345 197 2396 est
223 2337 337 2398 uni
352 2384 373 2415 ,
420 2347 602 2399 tenue
630 2335 742 2397 hoc
754 2335 962 2422 facies
990 2337 1015 2397 i
1040 2382 1053 2397 .
1086 2335 1376 2400 Mendaci
1385 2336 1649 2423 furique
1667 2381 1683 2398 .
1725 2335 1911 2398 addes
1937 2359 1971 2398 e
1988 2383 2005 2413 ,
2038 2356 2176 2397 cum
2198 2327 2356 2397 “dato

119 2430 339 2496 Furei’
371 2434 646 2497 Iusseris
667 2481 680 2495 .
713 2433 810 2496 sic
841 2434 1012 2496 enim
1043 2433 1212 2496 haec
1243 2433 1604 2498 scribenda
1633 2441 1822 2497 sunt:
1855 2454 2010 2496 116111
2040 2454 2178 2497 cum
2206 2431 2355 2494 dare
2415 2439 2429 2445 “

104 2529 279 2614 jurei
302 2533 576 2596 Iussa-is
591 2580 608 2610 ,
641 2530 830 2615 quod
862 2538 967 2595 est
995 2532 1180 2617 apud
1204 2532 1681 2612 Quintilianum
1702 2580 1717 2607 ,
1744 2531 2042 2617 intellegi
2065 2551 2203 2593 non
2230 2551 2353 2615 po-

120 2632 285 2703 test,
328 2632 477 2694 dato
511 2637 735 2693 autem
764 2630 1046 2695 Plautus
1076 2631 1405 2716 corripuit
1441 2632 1511 2695 in
1538 2630 1898 2695 Bacchisin
1928 2655 1970 2705 1,
2005 2630 2153 2709 1,51
2188 2630 2354 2694 Dato

122 2729 226 2809 qui
253 2729 403 2793 bene
431 2730 516 2792 sit
538 2777 552 2789 .
597 2728 721 2792 sed
749 2730 818 2793 in
851 2730 1100 2795 dativis
1133 2751 1405 2816 quoquc
1437 2731 1579 2795 sive
1611 2729 1925 2795 ablativis
1948 2776 1964 2804 ‚
2010 2729 2067 2792 si
2098 2749 2147 2792 s.
2180 2749 2233 2791 c.
2266 2726 2353 2792 de

28 2885 29 2888 ,
119 2821 670 2891 Bacchanalibus
700 2825 953 2891 factum
989 2828 1355 2914 excipimus
1377 2878 1394 2908 ,
1438 2829 1507 2892 in
1540 2851 1674 2913 quo
1708 2835 1812 2891 est
1856 2830 1923 2891 in
1947 2827 2353 2900 'coveutionid‚

123 2922 577 2989 instrumenta
617 2926 889 3008 publica
918 2925 1222 2989 videmus
1253 2926 1454 2990 valde
1489 2928 1752 2990 variare
1776 2976 1789 2990 .
1837 2925 2250 3010 epitaphium
2278 2925 2352 2988 L.

128 3019 395 3086 Corneli
428 3023 550 3086 Cn.
580 3020 624 3085 f.
658 3022 773 3086 Cn.
804 3045 866 3086 n.
899 3022 1236 3109 Scipionis
1274 3026 1491 3104 Quoiei
1517 3027 1640 3089 vita
1679 3025 1931 3112 defecit,
1973 3047 2094 3088 non
2131 3024 2351 3100 Ιιοηοε,

126 3117 344 3184 honore
378 3120 562 3207 (·e·m)
584 3168 601 3199 ‚
637 3121 704 3184 Is
728 3121 829 3185 hio
855 3122 1003 3185 situs
1017 3171 1034 3200 ‚
1065 3125 1206 3208 quei
1230 3147 1549 3209 nunquam
1576 3126 1764 3186 victus
1791 3134 1877 3186 est
1901 3123 2140 3185 virtutei
2161 3169 2173 3182 .
2217 3123 2351 3185 An·

127 3239 231 3279 nos
252 3229 482 3302 qnatus
512 3241 607 3280 xx
633 3220 687 3281 is
714 3220 826 3283 leto
857 3230 942 3283 est
965 3222 1290 3283 mandatus
1306 3269 1323 3299 ,
1355 3223 1460 3284 Ne
1489 3222 1790 3306 quairatis
1817 3221 2040 3284 honore
2069 3220 2209 3305 quei
2235 3220 2351 3281 mi-

127 3336 236 3377 nus
262 3318 339 3379 sit
377 3327 651 3381 mactus.
696 3317 805 3381 lex
836 3316 1098 3380 Thoria
1141 3319 1459 3403 quoieique
1480 3366 1497 3396 ,
1543 3317 1665 3381 sed
1694 3319 1876 3404 quoi,
1924 3317 1998 3380 17
2038 3317 2114 3380 ab
2142 3339 2352 3380 eorum

128 3414 263 3495 quei
283 3461 301 3491 ,
349 3413 431 3476 62
464 3414 547 3478 68
587 3416 644 3477 α’
670 3415 979 3479 heredeive
1007 3416 1137 3478 eius
1163 3463 1181 3493 ,
1224 3414 1305 3478 98
1334 3416 1507 3501 eique
1549 3418 1755 3500 operei
1773 3465 1785 3478 .
1827 3416 1897 3478 in
1927 3414 2211 3480 Servilia
2238 3415 2353 3477 εἰεί

129 3529 193 3590 p.
223 3511 294 3574 15
329 3512 408 3575 18
431 3512 513 3575 72
544 3511 625 3575 80
647 3512 727 3575 93
758 3511 857 3591 97,
888 3514 943 3575 ei
971 3512 1052 3575 36
1076 3511 1154 3575 57
1185 3511 1301 3592 89,
1338 3513 1413 3575 14
1444 3514 1677 3598 quoiei,
1708 3513 1784 3576 91
1812 3515 2055 3592 etherei,
2086 3511 2165 3575 72
2189 3513 2350 3584 iudi,-

132 3608 251 3686 cei,
280 3607 361 3671 72
386 3610 470 3673 90
500 3611 758 3673 maiorei
772 3612 951 3693 parti
967 3658 980 3673 .
1011 3609 1081 3673 in
1107 3609 1258 3695 lege
1287 3612 1448 3695 pagi
1477 3610 1882 3673 Herculanei
1912 3610 2077 3674 Iovei
2106 3627 2348 3692 compa-

130 3707 224 3786 9ei
254 3753 267 3766 .
306 3708 391 3792 in·
409 3709 563 3793 lege
592 3706 905 3771 Cornelia
934 3708 1021 3772 de
1051 3732 1143 3771 xx
1175 3708 1654 3793 quaestoribus
1684 3730 1753 3782 11,
1777 3707 1856 3770 34
1875 3707 2208 3791 praeconei
2225 3754 2238 3768 .
2280 3706 2351 3769 in

136 3803 400 3868 tabulae
428 3804 759 3870 Bantinae
804 3814 998 3892 tergo
1029 3808 1199 3871 hoiee
1227 3809 1412 3892 leeyei
1431 3854 1446 3870 .
1489 3807 1558 3869 in
1588 3804 2024 3869 Heracleensi
2062 3802 2144 3866 25
2175 3801 2254 3878 27
2284 3805 2351 3868 in

129 3904 321 3979 parta·
343 3953 360 3982 ‚
404 3904 486 3968 49
527 3906 881 3969 redemtorei
929 3943 1000 3953 —
1045 3906 1353 3969 lteredeive
1393 3908 1523 3970 eius
1550 3953 1567 3984 ‚
1612 3904 1695 3967 64
1733 3903 1906 3966 urbez’
1950 3904 2185 3967 Romae
2205 3950 2223 3981 ,
2268 3901 2350 3966 98

140 3997 315 4063 alei-ve
345 4004 519 4088 quoi.
548 4002 618 4065 in
648 4003 795 4088 lege
824 4004 1081 4069 Rubria
1111 4029 1153 4079 1,
1173 4004 1254 4068 45
1288 4005 1586 4089 captionei
1601 4051 1621 4082 ,
1665 4025 1735 4077 11,
1752 4000 1835 4065 28
1865 4002 2062 4076 anei
2077 4048 2094 4078 ,
2124 3999 2205 4063 30
2234 4000 2350 4078 iei,

146 4096 321 4173 quod
350 4100 674 4183 scriptum
707 4108 811 4163 est
839 4104 887 4165 ii
915 4102 983 4165 iu
1014 4101 1245 4166 tabula
1267 4100 1706 4165 Heracleensi
1735 4099 1814 4163 43
1834 4148 1847 4161 .
1876 4100 1957 4163 iei
1986 4121 2069 4161 ex
2093 4097 2350 4161 Teren-

144 4187 231 4252 tio
261 4197 443 4278 apud
472 4198 762 4261 Nonium
792 4224 853 4285 p.
872 4200 950 4263 27
954 4201 1012 4273 8,
1030 4199 1111 4261 23
1135 4247 1150 4262 .
1191 4221 1227 4261 6
1247 4198 1559 4262 Varrone
1589 4197 1932 4261 Charisius
1961 4219 2024 4280 p.
2044 4196 2122 4258 97
2153 4209 2346 4258 anna-

146 4286 219 4349 ἰοὶ
251 4338 262 4351 .
300 4293 369 4355 111
400 4293 640 4361 Catulli
670 4295 1019 4361 'codicibus
1050 4318 1253 4359 unum
1282 4295 1560 4378 pluralis
1592 4294 1964 4377 exemplum
1994 4294 2349 4356 intemera-

148 4387 279 4450 tum
307 4394 623 4457 remansit
654 4393 752 4470 61,
771 4394 893 4457 213
926 4396 1098 4459 bone-i
1121 4395 1400 4478 coniuyes
1416 4442 1433 4472 ,
1465 4393 1759 4456 vocativi
1786 4393 1947 4457 item
1968 4410 2169 4454 unum
2194 4389 2293 4464 23,
2321 4391 2342 4452 l
