2840 5008
449 357 592 426 248
1506 317 1611 423 1v⁴

451 531 773 595 Claudius
805 531 1143 596 Sacerdos
1171 530 1241 594 in
1280 530 1454 595 libro
1485 531 1701 616 primo
1732 530 1930 615 p.44‚
1973 532 2092 597 ubi
2123 532 2210 597 de
2240 532 2691 619 synecdoche

451 632 591 718 agit
612 679 628 704 ‚
659 630 832 696 haec
860 631 1070 695 habet
1089 679 1103 705 ‚
1140 631 1266 694 Per
1290 632 1362 694 id
1385 631 1550 717 quod
1575 632 1800 693 dicitur
1826 633 1984 694 illud
2009 633 2174 718 quod
2197 633 2505 718 sequitur.
2541 634 2691 696 Rex

451 730 660 792 ambas
686 730 848 792 ultra
872 729 1118 815 fossam
1157 730 1415 792 retinere
1444 730 1637 813 coe'pit
1655 753 1676 791 .·
1718 729 2078 793 subauditur
2118 731 2279 792 enim
2304 753 2530 793 manus
2552 778 2569 793 .
2613 731 2688 793 in

450 826 585 891 hoc
615 848 817 891 versu
835 876 850 894 .
871 831 1087 910 'quem
1118 826 1317 889 Ennii
1348 847 1497 890 esse
1528 833 1696 910 puto
1715 876 1732 901 ,
1761 825 2335 891 Vindobonenses
2363 835 2559 891 recte
2587 829 2689 892 fe-

453 935 693 991 cerunt
733 928 980 1000 ambae,
1026 948 1173 989 cum
1212 927 1283 989 in
1314 925 1549 990 codice
1593 933 1775 990 esset
1804 950 2023 989 amus:
2065 925 2186 990 sed
2228 928 2490 989 retinere
2519 926 2687 989 mihi

453 1027 810 1090 obscurum
845 1034 950 1089 est
972 1073 987 1100 ‚
1034 1023 1221 1109 quod
1249 1025 1364 1088 vix
1393 1025 1619 1109 potuit
1649 1023 1831 1087 aliud
1863 1046 2011 1089 8888
2042 1046 2242 1109 quam
2270 1026 2649 1110 protendere
2669 1051 2691 1087 .·

451 1122 584 1186 1108
607 1130 828 1187 autem
854 1122 1151 1187 admisso
1177 1124 1520 1186 evanescit
1541 1123 1944 1209 trisyllabon
1963 1171 1976 1186 .
2005 1122 2322 1186 Plautina
2346 1121 2688 1206 quaedam

450 1220 652 1285 huius
675 1222 1013 1309 trisyllabi
1035 1243 1222 1285 exem
1231 1222 1339 1307 pla
1359 1221 1771 1286 Ritschelius
1796 1221 1888 1285 ad
1904 1221 2368 1285 Trinummum
2388 1243 2459 1305 p.
2476 1238 2712 1285 Lxxvi·
2741 1236 2744 1237 ’

453 1342 629 1383 vana
660 1320 886 1405 specie
916 1319 1149 1384 fallere
1180 1321 1420 1384 statuit
1442 1369 1457 1384 .
1499 1320 1680 1385 idem
1708 1328 1932 1384 tamen
1964 1319 2150 1405 quod
2186 1320 2367 1383 hanc
2395 1319 2688 1383 formam

453 1420 781 1481 rationem
804 1418 1058 1483 habere
1080 1425 1287 1503 negat
1304 1467 1320 1494 ‚
1349 1419 1511 1482 mihi
1531 1441 1669 1484 non
1692 1418 2093 1504 persuadet:
2122 1414 2278 1481 nam
2310 1420 2397 1482 ab
2424 1419 2693 1503 apiendo

453 1524 532 1579 ut
552 1517 628 1579 fit
651 1519 868 1600 copula
884 1565 901 1596 ,
931 1517 1028 1579 ita
1058 1527 1294 1601 co'ipere
1317 1519 1577 1602 coepisse
1600 1528 1869 1602 coeptum
1888 1565 1906 1596 ,
1939 1538 1975 1580 e
1999 1517 2243 1601 quibus
2263 1518 2531 1601 coepisse
2556 1537 2691 1578 non

453 1615 673 1676 minus
703 1622 889 1677 recte
920 1636 1120 1698 quam
1162 1623 1390 1679 cetera
1420 1615 1734 1679 contrahi
1773 1615 1999 1700 potuit
2038 1637 2117 1678 eo
2148 1614 2354 1678 modo
2388 1636 2597 1698 quem
2627 1615 2691 1676 in

456 1714 738 1776 coemisse
764 1714 1147 1777 notavimus
1175 1714 1351 1778 libro
1384 1738 1455 1790 11,
1484 1715 1681 1779 1061.
1729 1716 1812 1779 ab
1846 1735 1925 1777 eo
1958 1721 2179 1777 autem
2214 1712 2401 1811 quod
2436 1722 2550 1776 est
2581 1736 2692 1797 ap-

456 1822 587 1875 tare
615 1809 765 1873 Afri
793 1811 1101 1875 fecerunt
1131 1823 1452 1897 coaptare,
1482 1834 1620 1875 non
1653 1823 1952 1876 veteres·

598 1908 764 1972 622.
809 1932 1245 1974 ΜΛΝΑΝΤΕε
1292 1933 1666 1974 conronA
1713 1932 1930 1975 sucl.
1976 1909 2304 1975 Marullus
2352 1932 2689 1972 MANAN-

461 2031 585 2072 ‘r1s
611 2057 624 2071 .
654 2010 857 2092 paulo
891 2016 1049 2073 ante
1078 2033 1222 2073 rare
1253 2009 1586 2095 oblongus
1605 2057 1620 2084 ‚
1649 2033 1799 2073 raro
1830 2008 2205 2094 quadratus
2225 2057 2238 2070 .

625 2106 765 2170 624.
809 2108 1123 2189 Umxngu
1168 2130 1479 2171 L1NGUA
1525 2130 1559 2171 c
1582 2131 1832 2171 mcum
1876 2127 2293 2170 snnANrrA
2326 2127 2686 2168 TEMPLA.

458 2205 614 2269 Itali
657 2205 813 2270 Um
834 2230 936 2270 DA
982 2203 1329 2271 nuscum
1356 2255 1369 2269 .
1414 2207 1538 2270 sed
1578 2206 1713 2270 hoe
1756 2207 1919 2270 satis
1966 2214 2106 2270 est:
2160 2205 2375 2268 umida
2414 2204 2685 2289 linguae

460 2302 711 2387 templa
753 2303 988 2367 eadem
1028 2306 1314 2368 sudantia
1342 2304 1412 2366 in
1441 2325 1577 2367 uno
1623 2303 1995 2388 eodemque
2027 2303 2354 2367 orationis
2384 2304 2683 2367 membro

461 2403 654 2466 nimis
683 2403 965 2467 moleste
1004 2403 1319 2467 dicuntur
1342 2451 1355 2465 .
1400 2403 1601 2490 longe
1632 2405 1855 2490 aptius
1897 2403 2069 2467 haec
2098 2402 2190 2465 ad
2227 2402 2373 2465 suci
2405 2423 2684 2485 corpus-

464 2500 615 2565 cula
643 2500 1011 2567 referemus
1027 2521 1063 2583 ,’
1089 2503 1312 2567 Umida
1334 2504 1571 2588 linquai
1592 2506 1825 2567 circum
1854 2526 1922 2567 81
1939 2527 1979 2566 n
1996 2523 2244 2565 ENTIA
2274 2501 2502 2585 templa
2519 2550 2534 2563 .
2563 2501 2684 2564 Ar·-

464 2600 708 2664 nobius
737 2602 806 2664 in
836 2625 907 2680 11,
937 2601 1099 2684 p.46
1126 2602 1446 2665 radiorum
1475 2612 1532 2665 et
1556 2604 1711 2665 lucis
1736 2603 2057 2665 intentione
2084 2602 2397 2664 videamus
2415 2647 2433 2679 ,
2481 2623 2565 2663 an
2594 2623 2685 2661 re—

463 2721 604 2760 rum
631 2699 953 2784 imagines
985 2701 1260 2763 advolent
1285 2710 1342 2763 et
1365 2702 1585 2763 nostris
1613 2702 1680 2762 in
1695 2693 1953 2785 papulis
1975 2698 2237 2773 sidant3
2265 2710 2476 2761 utrum
2504 2720 2684 2782 sapor

465 2797 532 2858 in
559 2797 737 2859 rebus
776 2799 854 2859 sit
881 2822 963 2861 an
991 2800 1198 2882 palati
1227 2791 1690 2882 contayionibus‘
1700 2799 1829 2886 fiat
1847 2846 1861 2861 .
1904 2795 2083 2860 infra
2115 2796 2274 2860 1092
2316 2795 2407 2859 de
2437 2796 2592 2860 cibo
2623 2803 2684 2857 et

466 2916 699 2958 umore
750 2896 922 2974 Quae
962 2898 1251 2982 quoniam
1292 2907 1488 2960 certas
1515 2907 1773 2981 possunt
1812 2896 2079 2960 obsidere
2109 2896 2314 2980 partis
2336 2944 2350 2958 .
2395 2890 2684 2958 Lucilius

468 2994 651 3080 apud
679 2993 972 3058 Nonium
1000 3017 1064 3080 p.
1083 2994 1225 3073 458,
1243 2994 1285 3058 8
1335 2994 1516 3073 Quod
1539 2996 1594 3056 si
1620 2995 1794 3057 nulla
1815 3004 2014 3079 potest
2036 2995 2258 3057 'mulier
2283 3004 2409 3056 tam
2438 3011 2684 3077 corpore

467 3095 623 3158 duro
655 3093 808 3158 Esse
822 3143 840 3174 ,
881 3105 1080 3157 tamen
1109 3105 1309 3157 tenero
1335 3103 1583 3156 maneat
1609 3088 1757 3178 quin
1786 3092 1961 3177 (libri
1990 3092 2127 3178 que)
2157 3091 2320 3155 sucu'
2351 3092 2580 3155 lacerto
2608 3089 2687 3154 Et

466 3216 726 3256 manans
754 3194 902 3256 uber
932 3191 1124 3272 (libri
1152 3215 1369 3254 manus
1397 3191 1605 3275 uberi)
1637 3182 1887 3255 lactanti
1913 3193 1980 3253 in
2007 3192 2241 3253 sumine
2266 3190 2434 3253 sidat
2448 3237 2461 3249 .

635 3292 1120 3353 631.1›1n12m2
1166 3312 1494 3353 POSSES.
1537 3288 1691 3353 Itali
1722 3310 2027 3353 Poss1s.

635 3388 774 3451 632.
805 3411 898 3450 ET
929 3410 1345 3452 STOMAcnt
1370 3411 1686 3451 Uirunum
1719 3411 1959 3454 snnvA
1980 3411 2072 3451 RE
2104 3387 2682 3450 Tmonssmfflla-

470 3487 680 3551 rullus
710 3488 1048 3551 humectum
1067 3536 1082 3561 ‚
1114 3486 1280 3549 satis
1309 3487 1483 3550 bene
1501 3534 1515 3560 ‚
1547 3486 1674 3549 nisi
1706 3486 1936 3550 melius
1967 3492 2147 3549 esset
2176 3506 2602 3549 munuum
2621 3533 2635 3547 .

638 3587 777 3669 633.
824 3586 1057 3651 Nunc
1103 3606 1324 3648 Anus
1369 3606 1610 3648 Amos
1652 3608 1780 3661 om
1828 3608 1951 3649 811·
1998 3605 2228 3647 omns
2273 3589 2370 3645 UT
2415 3606 2682 3646 VIDEA-

470 3703 572 3750 Mu
589 3709 621 3750 s
641 3735 656 3761 ‚
685 3686 962 3750 Exrnn
979 3707 1156 3748 IAM.
1190 3683 1486 3747 Primum
1515 3684 1628 3746 hic
1660 3692 1778 3746 aut
1800 3683 2148 3768 Expediam
2174 3702 2379 3765 super
2411 3690 2519 3745 est
2536 3731 2550 3757 ,
2581 3690 2686 3746 aut

470 3797 539 3848 ut
575 3787 884 3849 videamus
905 3832 920 3858 ‚
968 3791 1037 3848 et
1075 3784 1373 3847 molestis
1420 3783 1814 3867 ambagibus
1859 3782 1974 3844 vix
2020 3780 2400 3865 explicatur
2444 3782 2655 3874 oratio
2672 3829 2686 3843 .

412 3883 417 3888 ’
476 3881 722 3945 deinde
753 3881 1121 3946 verendum
1154 3890 1259 3945 est
1280 3902 1364 3943 ne
1393 3880 1566 3944 haec
1595 3880 1787 3943 nimis
1815 3880 2116 3943 breviter
2148 3878 2498 3941 enuntiata
2528 3879 2686 3950 sint,

474 3982 580 4067 qui
610 3982 749 4043 aliis
778 3982 938 4043 alius
975 3982 1141 4044 cibus
1167 3982 1246 4043 sit
1265 4006 1285 4042 .·
1330 3987 1514 4044 certe
1544 3980 1613 4042 in
1641 4001 1732 4057 VI,
1751 3979 1872 4042 773
1896 4025 1912 4052 ,
1954 3977 2071 4042 ubi
2108 3998 2236 4040 nos
2267 3976 2359 4040 ad
2385 3976 2569 4053 hunc
2599 3977 2685 4039 lo-

475 4102 620 4143 cum
653 4079 935 4141 remittit
953 4127 967 4153 ‚
998 4078 1207 4141 multo
1237 4079 1503 4163 plenius
1529 4077 1702 4141 dixit
1726 4078 1811 4142 Et
1835 4078 2033 4162 mayis
2055 4099 2178 4139 esse
2206 4076 2349 4139 aliis
2371 4077 2531 4139 alias
2559 4076 2684 4138 ani—

476 4178 776 4241 mantibus
805 4187 977 4261 aptas
1008 4179 1133 4241 Res
1161 4178 1246 4241 ad
1269 4177 1416 4239 vitai
1443 4178 1738 4240 rationem
1777 4175 2139 4239 ostendimus
2167 4185 2303 4237 ante
2326 4219 2341 4235 .
2385 4171 2686 4235 manifes-

475 4286 615 4339 tum
646 4283 750 4339 est
777 4276 1046 4359 utrique
1077 4275 1238 4338 vitio
1270 4295 1471 4337 unam
1496 4272 1913 4357 eandemque
1942 4270 2338 4334 medicinam
2370 4269 2684 4334 adhiben-

476 4373 629 4436 dam
663 4395 848 4441 esse:
897 4395 1021 4436 nec
1051 4372 1207 4436 mihi
1238 4372 1511 4437 videtur
1543 4373 1899 4457 quicquam
1928 4369 2214 4443 inveniri
2242 4390 2482 4452 posse,
2515 4366 2684 4453 quod
