2840 5008
538 432 676 494 :386
1597 429 1690 496 VI

510 604 666 667 'talc
692 603 893 665 fuisse
922 602 1117 685 quale
1146 601 1346 664 modo
1372 603 1736 686 simplicius
1763 606 1959 687 posui
1981 652 1995 679 ‚
2027 613 2344 689 resorpta
2366 608 2564 670 maris
2583 656 2596 682 ‚
2625 610 2734 672 sed

534 704 757 789 potius
805 700 1170 764 calefactas
1210 702 1413 763 maris
1455 710 1687 785 partes
1711 750 1726 776 ‚
1773 703 2075 766 ostendit
2118 694 2458 767 adiectum
2474 709 2703 789 penitus
2722 737 2739 770 .-

534 804 664 865 hoc
696 799 866 864 enim
900 798 986 861 ad
1007 810 1331 883 penetrare
1361 801 1705 883 pertinere
1737 823 1872 864 non
1907 811 2010 865 est
2040 803 2180 866 veri
2215 802 2427 866 Simile
2450 852 2465 877 ‚
2507 827 2646 868 cum
2674 808 2734 869 in

533 904 660 966 fine
690 920 926 963 versus
956 919 1161 981 super
1192 900 1282 961 sit
1310 911 1519 983 aperto
1537 947 1551 976 ,
1596 898 1891 963 debeant
1923 907 2145 964 autem
2174 903 2241 963 in
2271 913 2554 985 apertum
2572 927 2734 987 pene-

532 1014 698 1065 trare
728 1018 899 1083 quae
932 995 1240 1059 efflatura
1270 1005 1460 1059 sunt.
1493 1017 1652 1081 ergo
1687 1007 1756 1060 et
1786 997 2030 1061 litteris
2061 1008 2131 1062 et
2160 1001 2545 1063 sententiae
2568 1023 2733 1084 pror-

535 1122 648 1164 sus
708 1096 1022 1159 convenit
1082 1096 1166 1159 Et
1207 1105 1536 1179 penetrare
1591 1120 1637 1157 M
1654 1119 1695 1157 A
1712 1120 1753 1159 R
1768 1120 1791 1158 1
1806 1119 1839 1160 s
1881 1100 2126 1181 penitus
2179 1120 2218 1159 P
2232 1120 2271 1158 Ε
2289 1120 2331 1159 R
2348 1121 2384 1160 c
2404 1120 2444 1160 o
2463 1120 2497 1160 c
2516 1121 2614 1160 ‘rA
2665 1123 2682 1160 1
2699 1123 2733 1161 N

536 1221 575 1259 A
594 1220 682 1259 ΡΕ
700 1217 936 1265 nrum,
970 1215 1091 1255 nec
1124 1202 1350 1277 potest
1378 1192 1689 1277 profecto
1721 1195 2078 1258 Lucretius
2110 1195 2308 1258 aliter
2339 1195 2713 1279 scripsisse.

700 1293 837 1355 701.
883 1292 963 1354 ΙΝ
1014 1314 1279 1353 summo
1325 1312 1529 1352 SUNT
1575 1293 2020 1355 νΕΕτῐὈΕΝι
2070 1314 2493 1356 CRATERES
2520 1341 2536 1356 .
2572 1295 2737 1358 Verti-

530 1396 669 1479 9em'
714 1389 1125 1475 quadratus.
1158 1387 1485 1450 Marullus
1526 1390 1742 1467 vertice
1769 1391 1908 1451 item
1933 1417 1952 1451 .·
1996 1389 2118 1453 sed
2144 1389 2518 1454 Turnebus
2549 1393 2617 1454 in
2642 1391 2740 1454 ad-

535 1491 849 1556 versariis
879 1510 1044 1562 xxu,
1069 1487 1141 1549 19
1171 1487 1420 1549 rectius
1451 1489 1669 1549 vertice
1698 1510 1792 1549 ΕΝ
1811 1510 1831 1548 1
1851 1511 1894 1549 M
1923 1535 1936 1549 .

700 1588 837 1652 705.
884 1610 905 1649 1
922 1609 963 1648 A
983 1608 1017 1647 c
1036 1609 1071 1647 E
1086 1608 1128 1647 R
1142 1608 1178 1647 Ε
1194 1608 1233 1647 r
1260 1633 1271 1645 .
1319 1583 1468 1647 Itali
1502 1592 1571 1647 et
1601 1584 1968 1649 Brixiensis
1999 1585 2205 1649 editio
2246 1611 2265 1649 1
2283 1609 2328 1649 A
2347 1610 2383 1650 c
2403 1610 2442 1648 Ε
2460 1610 2502 1649 R
2519 1610 2559 1648 E
2586 1636 2600 1648 .

704 1686 841 1748 708.
874 1684 1055 1745 ΝΛΜ
1103 1704 1251 1757 QUE
1298 1705 1454 1744 Eum
1482 1732 1494 1744 .
1539 1681 1690 1745 Itali
1721 1706 1982 1758 NEQUE
2007 1732 2020 1745 .

700 1783 839 1845 710.
870 1780 1143 1844 Unum
1191 1803 1503 1843 GENERE
1554 1804 1898 1857 A1.1Qu1n
1946 1804 2135 1845 ESSE
2181 1806 2283 1844 ΕΧ
2329 1805 2435 1846 no
2457 1805 2493 1846 c
2544 1805 2742 1858 ouon

536 1888 983 1946 οοΝτιοιτΕ
1004 1902 1041 1940 1.
1075 1927 1087 1939 .
1140 1878 1401 1940 Horum
1448 1879 1680 1942 ultima
1722 1880 1950 1943 littera
1994 1880 2374 1965 quadratus
2424 1889 2648 1954 caret,
2684 1880 2744 1942 in

535 1979 776 2044 ceteris
809 1999 958 2040 cum
991 1977 1285 2062 oblongo
1319 1979 1691 2041 consentit.
1724 1979 2051 2041 Marullus
2079 1979 2362 2042 VERUM
2385 2029 2398 2041 .
2432 1980 2743 2042 Avantius

536 2100 685 2143 cum
709 2077 1002 2140 Antonio
1025 2075 1224 2139 Marii
1253 2099 1297 2138 A
1313 2099 1350 2137 1.
1369 2098 1390 2137 1
1410 2099 1450 2151 Q
1468 2099 1506 2139 u
1523 2099 1545 2138 1
1561 2100 1601 2139 D
1644 2099 1685 2140 G
1698 2100 1736 2139 Ε
1752 2101 1793 2140 Ν
1811 2101 1848 2139 Ε
1864 2102 1904 2140 R
1917 2101 1952 2139 E
1977 2127 1988 2140 .
2019 2077 2292 2140 Isaacus
2318 2077 2615 2141 Vossius
2644 2099 2744 2161 op-

534 2178 691 2241 time
720 2176 883 2261 quod
910 2196 1302 2237 con-mon·
1342 2196 1459 2236 ΕΙ.

698 2273 837 2336 716.
885 2294 1234 2347 QumrES
1280 2294 1410 2334 ΙΕΕ
1460 2293 1644 2334 ESSE
1691 2294 2116 2335 FERUNTUR
2146 2319 2160 2335 .
2209 2274 2364 2352 ,Qui
2408 2295 2745 2337 ΕΤΕΕῙΑΕ

532 2374 682 2437 Itali
712 2379 781 2435 et
811 2378 1158 2434 corrector
1183 2367 1531 2454 quadrati.
1564 2368 1869 2432 Isidorus
1898 2370 2226 2454 originum
2248 2393 2395 2445 xm,
2421 2372 2495 2433 11
2526 2392 2609 2433 ex
2629 2370 2743 2432 Lu-

534 2472 746 2536 cretio
771 2469 1015 2535 Etesiae
1045 2479 1243 2532 autem
1253 2466 1470 2555 flabra
1497 2479 1639 2531 sunt
1657 2469 1994 2553 aquiloniS,
2024 2470 2241 2554 quibus
2259 2492 2481 2533 nomen
2503 2470 2744 2532 inditum

532 2583 617 2636 est
643 2571 806 2657 quod
831 2580 990 2633 certo
1020 2569 1167 2631 anni
1187 2578 1450 2652 tempore
1452 2566 1652 2652 flatus
1676 2589 1857 2650 ayere
1884 2569 2203 2652 incipiunt.
2239 2589 2324 2630 ex
2344 2566 2457 2631 his
2479 2567 2745 2637 Isidori,

530 2691 667 2732 non
712 2690 795 2731 ex
832 2668 984 2751 ipso
1014 2665 1330 2730 Lucretio
1361 2712 1375 2738 ‚
1419 2665 1486 2726 in
1518 2664 1739 2727 Taciti
1782 2663 2215 2728 historiarum
2256 2666 2435 2730 libro
2481 2666 2650 2739 11‚98
2687 2666 2744 2727 in

529 2767 817 2830 medium
861 2768 1178 2829 etesiarum
1219 2763 1622 2827 vocabulum
1664 2762 1850 2826 illata
1894 2784 2042 2827 esse
2066 2765 2281 2852 flabra
2311 2765 2621 2849 aquilonis
2651 2784 2744 2825 os-

530 2863 751 2927 tendit
779 2863 826 2925 1.
851 2863 923 2927 F.
949 2863 1332 2926 Gronovius
1360 2861 1432 2923 in
1464 2861 2013 2924 observationum
2044 2862 2213 2925 libro
2246 2885 2333 2937 iv,
2352 2863 2391 2924 2
2423 2887 2487 2948 p.
2508 2862 2589 2925 30
2609 2910 2623 2924 .

696 2961 835 3024 719.
882 2983 1196 3024 FLABRO
1244 2981 1671 3021 FERUNTUR
1693 3007 1706 3021 .
1737 2958 1889 3021 Itali
1935 2957 2004 3022 et
2044 2959 2356 3042 impressi
2402 2982 2738 3022 FLABRA.

527 3060 831 3123 Isidorus
863 3059 1037 3122 Haec
1067 3081 1309 3121 cursum
1336 3068 1566 3119 rectum
1595 3080 1636 3120 a
1666 3058 1845 3120 borea
1871 3059 1937 3119 in
1965 3061 2307 3145 Aeyyptum
2321 3057 2574 3143 ferunt,
2620 3058 2740 3143 qui-

528 3159 636 3222 bus
666 3170 868 3223 auster
897 3159 1236 3221 contrarius
1266 3167 1350 3218 est
1367 3204 1379 3217 .

692 3256 833 3318 723.
879 3255 1290 3318 ExomNS.
1338 3253 1777 3316 Correctores
1810 3261 2073 3314 veteres
2103 3252 2426 3316 Exoam
2446 3277 2576 3315 Ns.
2671 3255 2674 3258 ’

693 3352 834 3416 726.
879 3374 1013 3415 RUI
1057 3373 1334 3413 mirus,
1378 3349 1591 3413 Iidem
1621 3372 1845 3413 RUIT.

696 3449 834 3512 727.
879 3470 1115 3511 masa
1158 3468 1408 3509 mmus
1453 3470 1743 3511 Exrrus
1788 3470 2077 3512 AMNIS.
2123 3447 2456 3511 Marullus
2503 3469 2735 3510 ΛΕΜ.

492 3611 513 3641 ·.
594 3597 602 3612 .
693 3548 831 3612 729.
877 3571 978 3610 An
1027 3566 1286 3609 CAPUT
1329 3565 1443 3606 EI.
1488 3544 1639 3607 Itali
1672 3551 1740 3608 et
1761 3544 2087 3609 Marullus
2120 3548 2276 3609 eius.
2310 3545 2737 3627 correctionis

530 3670 800 3714 causam
840 3669 977 3711 non
1005 3644 1344 3730 perspicio
1368 3690 1384 3717 ‚
1417 3649 1500 3706 -et
1530 3642 1988 3727 quaerendum
2019 3654 2186 3729 puto
2220 3645 2374 3729 quis
2405 3651 2563 3707 ante
2593 3643 2737 3705 Hir-

526 3749 690 3811 tium
711 3746 1067 3811 Horatium
1086 3744 1455 3829 Vergilium
1479 3742 1859 3805 Vitruvium
1880 3742 2130 3806 dixerit
2152 3755 2338 3827 oaput
2357 3744 2551 3806 amnis
2561 3789 2579 3818 ,
2592 3742 2738 3826 fon-

524 3848 630 3924 tia,
662 3845 864 3908 Rheni
881 3893 895 3918 ‚
925 3844 1238 3928 genetivo
1271 3841 1507 3906 addito
1533 3891 1545 3904 .
1591 3862 1798 3924 supra
1825 3862 2029 3905 versu
2058 3842 2180 3905 636
2211 3852 2265 3905 et
2294 3843 2381 3904 ad
2407 3851 2584 3925 caput
2609 3861 2737 3901 am-

523 3943 697 4006 nibus
750 3944 942 4005 omnis
1005 3942 1306 4031 Confluz't.
1360 3942 1430 4004 in
1473 3940 1860 4003 Trinummo
1905 3939 2128 4004 Plauti
2171 3939 2294 4003 940
2339 3936 2741 4001 Ritschelius

523 4039 711 4103 haud
741 4039 882 4102 scio
915 4060 1002 4101 an
1030 4061 1166 4101 non
1197 4047 1380 4103 recte
1413 4060 1563 4101 cum
1597 4037 1864 4122 Gruyeto
1898 4039 2244 4124 scripserit
2273 4039 2381 4101 Ad
2408 4047 2593 4121 caput
2616 4058 2740 4098 am·

522 4142 648 4217 m'S,
681 4140 788 4224 qui
815 4139 888 4201 de
918 4139 1085 4202 caelo
1102 4187 1118 4216 ,
1154 4160 1304 4202 cum
1332 4145 1569 4201 veter-a
1598 4135 2007 4220 exemplaria
2029 4137 2194 4221 quod
2212 4136 2546 4211 habeant3
2581 4151 2740 4218 quo-

508 4237 703 4300 circa
743 4235 1105 4300 videbatur
1143 4237 1302 4298 mihi
1342 4241 1548 4318 poeta
1580 4233 1849 4298 dedisse
1879 4236 1984 4298 Ad
2011 4247 2193 4319 caput
2211 4284 2227 4313 ,
2273 4236 2472 4297 amnis
2516 4234 2683 4319 quod
2715 4257 2739 4292 e

525 4337 691 4399 caelo
722 4336 993 4398 exoritur
1019 4334 1127 4395 sub
1156 4335 1304 4397 solio
1335 4333 1494 4396 Iovis
1513 4381 1525 4394 .

685 4431 826 4495 730.
873 4453 1024 4507 Quo
1068 4452 1107 4491 Ε
1127 4452 1404 4520 TESIA‘.
1451 4430 1603 4493 Hoc
1644 4428 1807 4492 ferri
1836 4451 1973 4493 non
2004 4429 2209 4494 debet
2233 4476 2247 4503 ‚
2296 4429 2455 4513 quia
2483 4440 2612 4492 mm
2643 4449 2732 4491 se-
