<?xml version="1.0" encoding="UTF-8"?>
<!DOCTYPE html PUBLIC "-//W3C//DTD XHTML 1.0 Transitional//EN"
    "http://www.w3.org/TR/xhtml1/DTD/xhtml1-transitional.dtd">
<html xmlns="http://www.w3.org/1999/xhtml" xml:lang="en" lang="en">
 <head>
  <title>
</title>
<meta http-equiv="Content-Type" content="text/html;charset=utf-8" />
  <meta name='ocr-system' content='tesseract 3.04.00' />
  <meta name='ocr-capabilities' content='ocr_page ocr_carea ocr_par ocr_line ocrx_word'/>
</head>
<body>
  <div class='ocr_page' id='page_1' title='image "./tlucreticarider02lachgoog_0082.png"; bbox 0 0 2840 5008; ppageno 0'>
   <div class='ocr_carea' id='block_1_1' title="bbox 453 338 1610 406">
    <p class='ocr_par' dir='ltr' id='par_1_1' title="bbox 453 338 1610 406">
     <span class='ocr_line' id='line_1_1' title="bbox 453 338 1610 406; baseline 0.003 -3"><span class='ocrx_word' id='word_1_1' title='bbox 453 338 543 403; x_wconf 89' lang='grc'>74</span> <span class='ocrx_word' id='word_1_2' title='bbox 1547 340 1610 406; x_wconf 92' lang='grc'>11</span> 
     </span>
    </p>
   </div>
   <div class='ocr_carea' id='block_1_2' title="bbox 252 509 2392 4038">
    <p class='ocr_par' dir='ltr' id='par_1_2' title="bbox 447 509 2240 711">
     <span class='ocr_line' id='line_1_2' title="bbox 447 509 2240 598; baseline 0.003 -26"><span class='ocrx_word' id='word_1_3' title='bbox 447 511 539 573; x_wconf 86' lang='grc'>1111</span> <span class='ocrx_word' id='word_1_4' title='bbox 568 509 739 573; x_wconf 92' lang='lat' dir='ltr'>adeo</span> <span class='ocrx_word' id='word_1_5' title='bbox 770 528 1081 595; x_wconf 85' lang='lat' dir='ltr'>magnum</span> <span class='ocrx_word' id='word_1_6' title='bbox 1110 531 1329 595; x_wconf 88' lang='lat' dir='ltr'>neque</span> <span class='ocrx_word' id='word_1_7' title='bbox 1357 518 1496 574; x_wconf 84' lang='lat' dir='ltr'>tam</span> <span class='ocrx_word' id='word_1_8' title='bbox 1523 512 1820 577; x_wconf 84' lang='lat' dir='ltr'>mirabile</span> <span class='ocrx_word' id='word_1_9' title='bbox 1851 514 2208 598; x_wconf 87' lang='lat' dir='ltr'>quicquam</span> <span class='ocrx_word' id='word_1_10' title='bbox 2225 565 2240 590; x_wconf 91' lang='lat'>,</span> 
     </span>
     <span class='ocr_line' id='line_1_3' title="bbox 450 622 2058 711; baseline 0.004 -25"><span class='ocrx_word' id='word_1_11' title='bbox 450 622 634 709; x_wconf 88' lang='lat' dir='ltr'>quod</span> <span class='ocrx_word' id='word_1_12' title='bbox 664 646 801 688; x_wconf 92' lang='lat' dir='ltr'>non</span> <span class='ocrx_word' id='word_1_13' title='bbox 827 625 1144 711; x_wconf 89' lang='lat' dir='ltr'>paulatim</span> <span class='ocrx_word' id='word_1_14' title='bbox 1171 626 1440 691; x_wconf 84' lang='lat' dir='ltr'>mittant</span> <span class='ocrx_word' id='word_1_15' title='bbox 1467 626 2058 692; x_wconf 79' lang='lat' dir='ltr'>mirarier-omnes,</span> 
     </span>
    </p>

    <p class='ocr_par' dir='ltr' id='par_1_3' title="bbox 287 731 2184 1287">
     <span class='ocr_line' id='line_1_4' title="bbox 287 731 2000 827; baseline 0.003 -26"><span class='ocrx_word' id='word_1_16' title='bbox 287 756 415 803; x_wconf 85' lang='lat'>1030</span> <span class='ocrx_word' id='word_1_17' title='bbox 445 739 769 824; x_wconf 82' lang='lat' dir='ltr'>percipito</span> <span class='ocrx_word' id='word_1_18' title='bbox 803 740 965 803; x_wconf 88' lang='lat' dir='ltr'>caeli</span> <span class='ocrx_word' id='word_1_19' title='bbox 995 731 1244 804; x_wconf 84' lang='lat' dir='ltr'>clarum</span> <span class='ocrx_word' id='word_1_20' title='bbox 1273 763 1647 827; x_wconf 89' lang='lat' dir='ltr'>purumque</span> <span class='ocrx_word' id='word_1_21' title='bbox 1678 743 2000 819; x_wconf 80' lang='lat' dir='ltr'>colorem,</span> 
     </span>
     <span class='ocr_line' id='line_1_5' title="bbox 451 854 2163 944; baseline 0.002 -28"><span class='ocrx_word' id='word_1_22' title='bbox 451 875 754 939; x_wconf 80' lang='lat' dir='ltr'>quaeque</span> <span class='ocrx_word' id='word_1_23' title='bbox 781 855 850 917; x_wconf 89' lang='lat' dir='ltr'>in</span> <span class='ocrx_word' id='word_1_24' title='bbox 882 876 953 918; x_wconf 93' lang='lat' dir='ltr'>se</span> <span class='ocrx_word' id='word_1_25' title='bbox 986 854 1257 920; x_wconf 78' lang='lat' dir='ltr'>cohibet</span> <span class='ocrx_word' id='word_1_26' title='bbox 1274 905 1288 931; x_wconf 87' lang='lat'>,</span> <span class='ocrx_word' id='word_1_27' title='bbox 1312 857 1606 939; x_wconf 87' lang='lat' dir='ltr'>palantia</span> <span class='ocrx_word' id='word_1_28' title='bbox 1634 855 1857 921; x_wconf 87' lang='lat' dir='ltr'>sidera</span> <span class='ocrx_word' id='word_1_29' title='bbox 1884 857 2132 944; x_wconf 89' lang='lat' dir='ltr'>passim</span> <span class='ocrx_word' id='word_1_30' title='bbox 2149 907 2163 933; x_wconf 87' lang='lat'>,</span> 
     </span>
     <span class='ocr_line' id='line_1_6' title="bbox 447 969 1987 1055; baseline 0.003 -24"><span class='ocrx_word' id='word_1_31' title='bbox 447 969 805 1053; x_wconf 88' lang='lat' dir='ltr'>lunamque</span> <span class='ocrx_word' id='word_1_32' title='bbox 836 977 904 1033; x_wconf 91' lang='lat' dir='ltr'>et</span> <span class='ocrx_word' id='word_1_33' title='bbox 933 969 1090 1033; x_wconf 91' lang='lat' dir='ltr'>solis</span> <span class='ocrx_word' id='word_1_34' title='bbox 1119 970 1467 1055; x_wconf 86' lang='lat' dir='ltr'>praeclara</span> <span class='ocrx_word' id='word_1_35' title='bbox 1494 972 1643 1034; x_wconf 93' lang='lat' dir='ltr'>luce</span> <span class='ocrx_word' id='word_1_36' title='bbox 1671 972 1987 1049; x_wconf 84' lang='lat' dir='ltr'>nitorem3</span> 
     </span>
     <span class='ocr_line' id='line_1_7' title="bbox 448 1084 2184 1169; baseline 0.002 -22"><span class='ocrx_word' id='word_1_37' title='bbox 448 1084 669 1147; x_wconf 89' lang='lat' dir='ltr'>omnia</span> <span class='ocrx_word' id='word_1_38' title='bbox 698 1105 869 1168; x_wconf 87' lang='lat' dir='ltr'>quae</span> <span class='ocrx_word' id='word_1_39' title='bbox 898 1105 1075 1148; x_wconf 90' lang='lat' dir='ltr'>nunc</span> <span class='ocrx_word' id='word_1_40' title='bbox 1105 1084 1162 1147; x_wconf 91' lang='lat' dir='ltr'>si</span> <span class='ocrx_word' id='word_1_41' title='bbox 1190 1085 1472 1169; x_wconf 88' lang='lat' dir='ltr'>primum</span> <span class='ocrx_word' id='word_1_42' title='bbox 1501 1086 1893 1151; x_wconf 78' lang='lat' dir='ltr'>mortalibus</span> <span class='ocrx_word' id='word_1_43' title='bbox 1924 1093 2184 1161; x_wconf 83' lang='lat' dir='ltr'>extent,</span> 
     </span>
     <span class='ocr_line' id='line_1_8' title="bbox 450 1198 1786 1287; baseline 0.002 -26"><span class='ocrx_word' id='word_1_44' title='bbox 450 1219 535 1261; x_wconf 87' lang='lat' dir='ltr'>ex</span> <span class='ocrx_word' id='word_1_45' title='bbox 560 1199 903 1284; x_wconf 87' lang='lat' dir='ltr'>inproviso</span> <span class='ocrx_word' id='word_1_46' title='bbox 935 1198 991 1261; x_wconf 91' lang='lat' dir='ltr'>si</span> <span class='ocrx_word' id='word_1_47' title='bbox 1020 1198 1155 1262; x_wconf 91' lang='lat' dir='ltr'>sint</span> <span class='ocrx_word' id='word_1_48' title='bbox 1184 1199 1448 1263; x_wconf 91' lang='lat' dir='ltr'>obiecta</span> <span class='ocrx_word' id='word_1_49' title='bbox 1474 1209 1786 1287; x_wconf 85' lang='lat' dir='ltr'>repente,</span> 
     </span>
    </p>

    <p class='ocr_par' dir='ltr' id='par_1_4' title="bbox 286 1312 2392 1858">
     <span class='ocr_line' id='line_1_9' title="bbox 286 1312 2025 1399; baseline 0.002 -24"><span class='ocrx_word' id='word_1_50' title='bbox 286 1330 413 1376; x_wconf 83' lang='lat'>1035</span> <span class='ocrx_word' id='word_1_51' title='bbox 447 1312 609 1398; x_wconf 87' lang='lat' dir='ltr'>quid</span> <span class='ocrx_word' id='word_1_52' title='bbox 636 1314 844 1399; x_wconf 83' lang='lat' dir='ltr'>magis</span> <span class='ocrx_word' id='word_1_53' title='bbox 874 1313 977 1377; x_wconf 91' lang='lat' dir='ltr'>his</span> <span class='ocrx_word' id='word_1_54' title='bbox 1006 1315 1208 1379; x_wconf 90' lang='lat' dir='ltr'>rebus</span> <span class='ocrx_word' id='word_1_55' title='bbox 1237 1320 1507 1399; x_wconf 87' lang='lat' dir='ltr'>poterat</span> <span class='ocrx_word' id='word_1_56' title='bbox 1534 1315 1833 1380; x_wconf 82' lang='lat' dir='ltr'>mirabile</span> <span class='ocrx_word' id='word_1_57' title='bbox 1862 1313 2025 1391; x_wconf 88' lang='lat' dir='ltr'>dici,</span> 
     </span>
     <span class='ocr_line' id='line_1_10' title="bbox 449 1426 2392 1514; baseline 0.001 -24"><span class='ocrx_word' id='word_1_58' title='bbox 449 1434 565 1491; x_wconf 90' lang='lat' dir='ltr'>aut</span> <span class='ocrx_word' id='word_1_59' title='bbox 592 1426 807 1490; x_wconf 90' lang='lat' dir='ltr'>minus</span> <span class='ocrx_word' id='word_1_60' title='bbox 837 1436 993 1493; x_wconf 90' lang='lat' dir='ltr'>ante</span> <span class='ocrx_word' id='word_1_61' title='bbox 1024 1428 1210 1514; x_wconf 86' lang='lat' dir='ltr'>quod</span> <span class='ocrx_word' id='word_1_62' title='bbox 1239 1428 1571 1494; x_wconf 80' lang='lat' dir='ltr'>auderent</span> <span class='ocrx_word' id='word_1_63' title='bbox 1596 1429 1742 1492; x_wconf 88' lang='lat' dir='ltr'>fore</span> <span class='ocrx_word' id='word_1_64' title='bbox 1773 1426 2048 1492; x_wconf 89' lang='lat' dir='ltr'>credere</span> <span class='ocrx_word' id='word_1_65' title='bbox 2077 1429 2363 1513; x_wconf 76' lang='lat' dir='ltr'>gentes?</span> <span class='ocrx_word' id='word_1_66' title='bbox 2387 1480 2392 1485; x_wconf 91' lang='lat'>.</span> 
     </span>
     <span class='ocr_line' id='line_1_11' title="bbox 449 1542 2192 1629; baseline 0.001 -25"><span class='ocrx_word' id='word_1_67' title='bbox 449 1542 542 1604; x_wconf 87' lang='lat' dir='ltr'>nil</span> <span class='ocrx_word' id='word_1_68' title='bbox 559 1591 574 1618; x_wconf 92' lang='lat'>,</span> <span class='ocrx_word' id='word_1_69' title='bbox 595 1549 672 1605; x_wconf 96' lang='lat' dir='ltr'>ut</span> <span class='ocrx_word' id='word_1_70' title='bbox 701 1542 970 1628; x_wconf 82' lang='lat' dir='ltr'>opinor:</span> <span class='ocrx_word' id='word_1_71' title='bbox 994 1544 1090 1606; x_wconf 89' lang='lat' dir='ltr'>ita</span> <span class='ocrx_word' id='word_1_72' title='bbox 1117 1543 1286 1607; x_wconf 86' lang='lat' dir='ltr'>haec</span> <span class='ocrx_word' id='word_1_73' title='bbox 1315 1545 1575 1629; x_wconf 90' lang='lat' dir='ltr'>species</span> <span class='ocrx_word' id='word_1_74' title='bbox 1603 1543 1905 1607; x_wconf 88' lang='lat' dir='ltr'>miranda</span> <span class='ocrx_word' id='word_1_75' title='bbox 1932 1543 2192 1607; x_wconf 86' lang='lat' dir='ltr'>fuisset.</span> 
     </span>
     <span class='ocr_line' id='line_1_12' title="bbox 450 1642 2047 1740; baseline 0 -20"><span class='ocrx_word' id='word_1_76' title='bbox 450 1678 648 1740; x_wconf 88' lang='lat' dir='ltr'>quam</span> <span class='ocrx_word' id='word_1_77' title='bbox 675 1657 796 1720; x_wconf 90' lang='lat' dir='ltr'>tibi</span> <span class='ocrx_word' id='word_1_78' title='bbox 822 1658 952 1720; x_wconf 87' lang='lat' dir='ltr'>iam</span> <span class='ocrx_word' id='word_1_79' title='bbox 978 1679 1173 1721; x_wconf 90' lang='lat' dir='ltr'>nemo</span> <span class='ocrx_word' id='word_1_80' title='bbox 1194 1707 1209 1733; x_wconf 87' lang='lat'>‚</span> <span class='ocrx_word' id='word_1_81' title='bbox 1230 1642 1449 1721; x_wconf 87' lang='lat' dir='ltr'>fessus</span> <span class='ocrx_word' id='word_1_82' title='bbox 1480 1659 1715 1722; x_wconf 89' lang='lat' dir='ltr'>satiate</span> <span class='ocrx_word' id='word_1_83' title='bbox 1744 1657 2047 1733; x_wconf 86' lang='lat' dir='ltr'>videndi,</span> 
     </span>
     <span class='ocr_line' id='line_1_13' title="bbox 449 1771 1968 1858; baseline 0.002 -25"><span class='ocrx_word' id='word_1_84' title='bbox 449 1771 787 1857; x_wconf 79' lang='lat' dir='ltr'>suspicere</span> <span class='ocrx_word' id='word_1_85' title='bbox 813 1772 882 1834; x_wconf 90' lang='lat' dir='ltr'>in</span> <span class='ocrx_word' id='word_1_86' title='bbox 913 1772 1074 1835; x_wconf 90' lang='lat' dir='ltr'>caeli</span> <span class='ocrx_word' id='word_1_87' title='bbox 1108 1771 1418 1857; x_wconf 85' lang='lat' dir='ltr'>dignatur</span> <span class='ocrx_word' id='word_1_88' title='bbox 1448 1772 1670 1837; x_wconf 90' lang='lat' dir='ltr'>lucida</span> <span class='ocrx_word' id='word_1_89' title='bbox 1697 1773 1968 1858; x_wconf 87' lang='lat' dir='ltr'>templa!</span> 
     </span>
    </p>

    <p class='ocr_par' dir='ltr' id='par_1_5' title="bbox 289 1885 2306 2430">
     <span class='ocr_line' id='line_1_14' title="bbox 289 1885 2050 1973; baseline 0.001 -25"><span class='ocrx_word' id='word_1_90' title='bbox 289 1903 414 1949; x_wconf 88' lang='lat'>1040</span> <span class='ocrx_word' id='word_1_91' title='bbox 446 1885 677 1949; x_wconf 88' lang='lat' dir='ltr'>desine</span> <span class='ocrx_word' id='word_1_92' title='bbox 710 1907 841 1970; x_wconf 89' lang='lat' dir='ltr'>qua</span> <span class='ocrx_word' id='word_1_93' title='bbox 867 1894 1150 1972; x_wconf 89' lang='lat' dir='ltr'>propter</span> <span class='ocrx_word' id='word_1_94' title='bbox 1177 1887 1482 1951; x_wconf 86' lang='lat' dir='ltr'>novitate</span> <span class='ocrx_word' id='word_1_95' title='bbox 1513 1889 1873 1952; x_wconf 85' lang='lat' dir='ltr'>exterritus</span> <span class='ocrx_word' id='word_1_96' title='bbox 1901 1888 2050 1973; x_wconf 89' lang='lat' dir='ltr'>ipsa</span> 
     </span>
     <span class='ocr_line' id='line_1_15' title="bbox 449 1999 2040 2087; baseline 0.001 -25"><span class='ocrx_word' id='word_1_97' title='bbox 449 2021 738 2085; x_wconf 89' lang='lat' dir='ltr'>expuere</span> <span class='ocrx_word' id='word_1_98' title='bbox 770 2021 856 2062; x_wconf 85' lang='lat' dir='ltr'>ex</span> <span class='ocrx_word' id='word_1_99' title='bbox 885 2001 1101 2065; x_wconf 90' lang='lat' dir='ltr'>animo</span> <span class='ocrx_word' id='word_1_100' title='bbox 1131 2001 1459 2065; x_wconf 88' lang='lat' dir='ltr'>rationem</span> <span class='ocrx_word' id='word_1_101' title='bbox 1478 2052 1492 2079; x_wconf 89' lang='lat'>‚</span> <span class='ocrx_word' id='word_1_102' title='bbox 1517 1999 1639 2065; x_wconf 94' lang='lat' dir='ltr'>sed</span> <span class='ocrx_word' id='word_1_103' title='bbox 1666 2002 1875 2087; x_wconf 85' lang='lat' dir='ltr'>magis</span> <span class='ocrx_word' id='word_1_104' title='bbox 1905 2001 2040 2065; x_wconf 91' lang='lat' dir='ltr'>acri</span> 
     </span>
     <span class='ocr_line' id='line_1_16' title="bbox 443 2114 1979 2200; baseline 0 -22"><span class='ocrx_word' id='word_1_105' title='bbox 443 2114 688 2179; x_wconf 90' lang='lat' dir='ltr'>iudicio</span> <span class='ocrx_word' id='word_1_106' title='bbox 718 2114 1062 2200; x_wconf 85' lang='lat' dir='ltr'>perpende</span> <span class='ocrx_word' id='word_1_107' title='bbox 1080 2165 1096 2191; x_wconf 90' lang='lat'>‚</span> <span class='ocrx_word' id='word_1_108' title='bbox 1122 2125 1190 2181; x_wconf 93' lang='lat' dir='ltr'>et</span> <span class='ocrx_word' id='word_1_109' title='bbox 1220 2117 1274 2180; x_wconf 90' lang='lat' dir='ltr'>si</span> <span class='ocrx_word' id='word_1_110' title='bbox 1304 2117 1426 2180; x_wconf 89' lang='lat' dir='ltr'>tibi</span> <span class='ocrx_word' id='word_1_111' title='bbox 1452 2139 1613 2181; x_wconf 88' lang='lat' dir='ltr'>vera</span> <span class='ocrx_word' id='word_1_112' title='bbox 1639 2115 1979 2191; x_wconf 85' lang='lat' dir='ltr'>videntur,</span> 
     </span>
     <span class='ocr_line' id='line_1_17' title="bbox 451 2228 2273 2316; baseline 0.001 -25"><span class='ocrx_word' id='word_1_113' title='bbox 451 2228 625 2292; x_wconf 88' lang='lat' dir='ltr'>dede</span> <span class='ocrx_word' id='word_1_114' title='bbox 652 2250 886 2291; x_wconf 86' lang='lat' dir='ltr'>manus</span> <span class='ocrx_word' id='word_1_115' title='bbox 906 2278 920 2304; x_wconf 85' lang='lat'>‚</span> <span class='ocrx_word' id='word_1_116' title='bbox 944 2237 1093 2303; x_wconf 80' lang='lat' dir='ltr'>aut,</span> <span class='ocrx_word' id='word_1_117' title='bbox 1115 2231 1172 2294; x_wconf 91' lang='lat' dir='ltr'>si</span> <span class='ocrx_word' id='word_1_118' title='bbox 1197 2231 1438 2295; x_wconf 86' lang='lat' dir='ltr'>falsum</span> <span class='ocrx_word' id='word_1_119' title='bbox 1470 2239 1575 2295; x_wconf 92' lang='lat' dir='ltr'>est</span> <span class='ocrx_word' id='word_1_120' title='bbox 1592 2280 1607 2307; x_wconf 88' lang='lat'><strong>‚</strong></span> <span class='ocrx_word' id='word_1_121' title='bbox 1631 2231 1977 2316; x_wconf 81' lang='lat' dir='ltr'>accingere</span> <span class='ocrx_word' id='word_1_122' title='bbox 2008 2238 2273 2294; x_wconf 88' lang='lat' dir='ltr'>contra.</span> 
     </span>
     <span class='ocr_line' id='line_1_18' title="bbox 450 2343 2306 2430; baseline -0.001 -22"><span class='ocrx_word' id='word_1_123' title='bbox 450 2344 710 2430; x_wconf 89' lang='lat' dir='ltr'>quaerit</span> <span class='ocrx_word' id='word_1_124' title='bbox 739 2343 910 2405; x_wconf 91' lang='lat' dir='ltr'>enim</span> <span class='ocrx_word' id='word_1_125' title='bbox 937 2344 1263 2407; x_wconf 91' lang='lat' dir='ltr'>rationem</span> <span class='ocrx_word' id='word_1_126' title='bbox 1292 2347 1546 2409; x_wconf 89' lang='lat' dir='ltr'>animus</span> <span class='ocrx_word' id='word_1_127' title='bbox 1566 2395 1581 2421; x_wconf 87' lang='lat'>‚</span> <span class='ocrx_word' id='word_1_128' title='bbox 1606 2368 1753 2410; x_wconf 91' lang='lat' dir='ltr'>cum</span> <span class='ocrx_word' id='word_1_129' title='bbox 1782 2348 2035 2409; x_wconf 88' lang='lat' dir='ltr'>summa</span> <span class='ocrx_word' id='word_1_130' title='bbox 2060 2345 2189 2408; x_wconf 91' lang='lat' dir='ltr'>loci</span> <span class='ocrx_word' id='word_1_131' title='bbox 2220 2344 2306 2408; x_wconf 88' lang='lat' dir='ltr'>sit</span> 
     </span>
    </p>

    <p class='ocr_par' dir='ltr' id='par_1_6' title="bbox 252 2458 2340 2777">
     <span class='ocr_line' id='line_1_19' title="bbox 252 2458 1946 2536; baseline 0 -12"><span class='ocrx_word' id='word_1_132' title='bbox 252 2484 259 2493; x_wconf 54' lang='lat'><em>⁴</em></span> <span class='ocrx_word' id='word_1_133' title='bbox 287 2478 414 2525; x_wconf 83' lang='grc'>1045</span> <span class='ocrx_word' id='word_1_134' title='bbox 442 2460 698 2525; x_wconf 86' lang='lat' dir='ltr'>infinita</span> <span class='ocrx_word' id='word_1_135' title='bbox 724 2458 889 2523; x_wconf 88' lang='lat' dir='ltr'>foris</span> <span class='ocrx_word' id='word_1_136' title='bbox 918 2459 1086 2524; x_wconf 91' lang='lat' dir='ltr'>haec</span> <span class='ocrx_word' id='word_1_137' title='bbox 1117 2466 1307 2524; x_wconf 85' lang='lat' dir='ltr'>extra</span> <span class='ocrx_word' id='word_1_138' title='bbox 1334 2461 1597 2524; x_wconf 90' lang='lat' dir='ltr'>moenia</span> <span class='ocrx_word' id='word_1_139' title='bbox 1624 2459 1886 2536; x_wconf 80' lang='lat' dir='ltr'>mundi,</span> <span class='ocrx_word' id='word_1_140' title='bbox 1943 2498 1946 2501; x_wconf 25' lang='grc' dir='ltr'><strong><em>ι</em></strong></span> 
     </span>
     <span class='ocr_line' id='line_1_20' title="bbox 450 2575 2340 2663; baseline -0.001 -23"><span class='ocrx_word' id='word_1_141' title='bbox 450 2575 612 2662; x_wconf 87' lang='lat' dir='ltr'>quid</span> <span class='ocrx_word' id='word_1_142' title='bbox 641 2576 726 2640; x_wconf 88' lang='lat' dir='ltr'>sit</span> <span class='ocrx_word' id='word_1_143' title='bbox 752 2576 844 2641; x_wconf 85' lang='lat' dir='ltr'>i&#39;bi</span> <span class='ocrx_word' id='word_1_144' title='bbox 869 2597 1075 2663; x_wconf 90' lang='lat' dir='ltr'>porro</span> <span class='ocrx_word' id='word_1_145' title='bbox 1096 2624 1111 2651; x_wconf 88' lang='lat'>‚</span> <span class='ocrx_word' id='word_1_146' title='bbox 1137 2597 1271 2660; x_wconf 88' lang='lat' dir='ltr'>quo</span> <span class='ocrx_word' id='word_1_147' title='bbox 1303 2577 1691 2662; x_wconf 90' lang='lat' dir='ltr'>prospicere</span> <span class='ocrx_word' id='word_1_148' title='bbox 1719 2596 1937 2661; x_wconf 89' lang='lat' dir='ltr'>usque</span> <span class='ocrx_word' id='word_1_149' title='bbox 1965 2576 2127 2640; x_wconf 83' lang='lat' dir='ltr'>velit</span> <span class='ocrx_word' id='word_1_150' title='bbox 2153 2595 2340 2638; x_wconf 92' lang='lat' dir='ltr'>mens</span> 
     </span>
     <span class='ocr_line' id='line_1_21' title="bbox 451 2690 2024 2777; baseline -0.001 -22"><span class='ocrx_word' id='word_1_151' title='bbox 451 2699 652 2776; x_wconf 87' lang='lat' dir='ltr'>atque</span> <span class='ocrx_word' id='word_1_152' title='bbox 683 2690 879 2753; x_wconf 90' lang='lat' dir='ltr'>animi</span> <span class='ocrx_word' id='word_1_153' title='bbox 906 2691 1119 2755; x_wconf 90' lang='lat' dir='ltr'>iactus</span> <span class='ocrx_word' id='word_1_154' title='bbox 1146 2692 1313 2756; x_wconf 88' lang='lat' dir='ltr'>liber</span> <span class='ocrx_word' id='word_1_155' title='bbox 1345 2713 1480 2776; x_wconf 89' lang='lat' dir='ltr'>quo</span> <span class='ocrx_word' id='word_1_156' title='bbox 1511 2691 1822 2777; x_wconf 87' lang='lat' dir='ltr'>pervolet</span> <span class='ocrx_word' id='word_1_157' title='bbox 1847 2691 1992 2775; x_wconf 89' lang='lat' dir='ltr'>ipse</span> <span class='ocrx_word' id='word_1_158' title='bbox 2011 2739 2024 2753; x_wconf 91' lang='lat'><strong>.</strong></span> 
     </span>
    </p>

    <p class='ocr_par' dir='ltr' id='par_1_7' title="bbox 453 2804 2198 3006">
     <span class='ocr_line' id='line_1_22' title="bbox 529 2804 2062 2890; baseline 0.001 -23"><span class='ocrx_word' id='word_1_159' title='bbox 529 2805 864 2888; x_wconf 89' lang='lat' dir='ltr'>Principio</span> <span class='ocrx_word' id='word_1_160' title='bbox 893 2805 1090 2870; x_wconf 88' lang='lat' dir='ltr'>nobis</span> <span class='ocrx_word' id='word_1_161' title='bbox 1118 2806 1186 2869; x_wconf 91' lang='lat' dir='ltr'>in</span> <span class='ocrx_word' id='word_1_162' title='bbox 1217 2813 1494 2869; x_wconf 86' lang='lat' dir='ltr'>cunctas</span> <span class='ocrx_word' id='word_1_163' title='bbox 1522 2804 1820 2890; x_wconf 78' lang='lat' dir='ltr'>undique</span> <span class='ocrx_word' id='word_1_164' title='bbox 1849 2804 2062 2889; x_wconf 89' lang='lat' dir='ltr'>partis</span> 
     </span>
     <span class='ocr_line' id='line_1_23' title="bbox 453 2911 2198 3006; baseline -0.002 -23"><span class='ocrx_word' id='word_1_165' title='bbox 453 2927 519 2983; x_wconf 91' lang='lat' dir='ltr'>et</span> <span class='ocrx_word' id='word_1_166' title='bbox 546 2919 757 2981; x_wconf 88' lang='lat' dir='ltr'>latere</span> <span class='ocrx_word' id='word_1_167' title='bbox 790 2940 874 2982; x_wconf 84' lang='lat' dir='ltr'>ex</span> <span class='ocrx_word' id='word_1_168' title='bbox 901 2926 1193 3004; x_wconf 89' lang='lat' dir='ltr'>utroque</span> <span class='ocrx_word' id='word_1_169' title='bbox 1223 2942 1432 3006; x_wconf 89' lang='lat' dir='ltr'>supra</span> <span class='ocrx_word' id='word_1_170' title='bbox 1459 2911 1824 3005; x_wconf 68' lang='lat' dir='ltr'>supterque</span> <span class='ocrx_word' id='word_1_171' title='bbox 1853 2941 1974 3003; x_wconf 89' lang='lat' dir='ltr'>per</span> <span class='ocrx_word' id='word_1_172' title='bbox 2005 2940 2198 2982; x_wconf 90' lang='lat' dir='ltr'>omne</span> 
     </span>
    </p>

    <p class='ocr_par' dir='ltr' id='par_1_8' title="bbox 288 3032 2294 3578">
     <span class='ocr_line' id='line_1_24' title="bbox 288 3032 2042 3121; baseline -0.002 -23"><span class='ocrx_word' id='word_1_173' title='bbox 288 3052 416 3099; x_wconf 82' lang='lat'>1050</span> <span class='ocrx_word' id='word_1_174' title='bbox 446 3034 629 3097; x_wconf 89' lang='lat' dir='ltr'>nulla</span> <span class='ocrx_word' id='word_1_175' title='bbox 659 3040 761 3096; x_wconf 88' lang='lat' dir='ltr'>est</span> <span class='ocrx_word' id='word_1_176' title='bbox 787 3032 935 3096; x_wconf 91' lang='lat' dir='ltr'>finis</span> <span class='ocrx_word' id='word_1_177' title='bbox 954 3057 970 3110; x_wconf 81' lang='lat'><em>3</em></span> <span class='ocrx_word' id='word_1_178' title='bbox 992 3033 1089 3095; x_wconf 89' lang='lat' dir='ltr'>uti</span> <span class='ocrx_word' id='word_1_179' title='bbox 1122 3033 1352 3110; x_wconf 86' lang='lat' dir='ltr'>docui,</span> <span class='ocrx_word' id='word_1_180' title='bbox 1372 3056 1483 3097; x_wconf 90' lang='lat' dir='ltr'>res</span> <span class='ocrx_word' id='word_1_181' title='bbox 1511 3035 1789 3121; x_wconf 88' lang='lat' dir='ltr'>ipsaque</span> <span class='ocrx_word' id='word_1_182' title='bbox 1818 3054 1939 3117; x_wconf 87' lang='lat' dir='ltr'>per</span> <span class='ocrx_word' id='word_1_183' title='bbox 1970 3054 2042 3096; x_wconf 92' lang='lat' dir='ltr'>se</span> 
     </span>
     <span class='ocr_line' id='line_1_25' title="bbox 446 3146 1869 3234; baseline -0.002 -22"><span class='ocrx_word' id='word_1_184' title='bbox 446 3148 853 3213; x_wconf 84' lang='lat' dir='ltr'>vociferatur</span> <span class='ocrx_word' id='word_1_185' title='bbox 871 3196 886 3224; x_wconf 87' lang='lat'>‚</span> <span class='ocrx_word' id='word_1_186' title='bbox 911 3155 980 3211; x_wconf 90' lang='lat' dir='ltr'>et</span> <span class='ocrx_word' id='word_1_187' title='bbox 1007 3148 1224 3213; x_wconf 88' lang='lat' dir='ltr'>elucet</span> <span class='ocrx_word' id='word_1_188' title='bbox 1250 3155 1493 3212; x_wconf 89' lang='lat' dir='ltr'>natura</span> <span class='ocrx_word' id='word_1_189' title='bbox 1518 3146 1869 3234; x_wconf 88' lang='lat' dir='ltr'>profundi.</span> 
     </span>
     <span class='ocr_line' id='line_1_26' title="bbox 449 3260 2106 3348; baseline -0.002 -22"><span class='ocrx_word' id='word_1_190' title='bbox 449 3263 631 3327; x_wconf 90' lang='lat' dir='ltr'>nullo</span> <span class='ocrx_word' id='word_1_191' title='bbox 659 3263 790 3328; x_wconf 88' lang='lat' dir='ltr'>iam</span> <span class='ocrx_word' id='word_1_192' title='bbox 816 3274 1020 3348; x_wconf 90' lang='lat' dir='ltr'>pacto</span> <span class='ocrx_word' id='word_1_193' title='bbox 1050 3262 1192 3327; x_wconf 82' lang='lat' dir='ltr'>veri</span> <span class='ocrx_word' id='word_1_194' title='bbox 1222 3263 1429 3327; x_wconf 88' lang='lat' dir='ltr'>simile</span> <span class='ocrx_word' id='word_1_195' title='bbox 1460 3285 1608 3327; x_wconf 90' lang='lat' dir='ltr'>esse</span> <span class='ocrx_word' id='word_1_196' title='bbox 1635 3260 2106 3348; x_wconf 87' lang='lat' dir='ltr'>putandumst,</span> 
     </span>
     <span class='ocr_line' id='line_1_27' title="bbox 449 3375 2124 3463; baseline -0.001 -23"><span class='ocrx_word' id='word_1_197' title='bbox 449 3376 748 3462; x_wconf 76' lang='lat' dir='ltr'>undique</span> <span class='ocrx_word' id='word_1_198' title='bbox 780 3400 928 3442; x_wconf 92' lang='lat' dir='ltr'>cum</span> <span class='ocrx_word' id='word_1_199' title='bbox 957 3400 1231 3443; x_wconf 86' lang='lat' dir='ltr'>vorsum</span> <span class='ocrx_word' id='word_1_200' title='bbox 1262 3377 1549 3463; x_wconf 88' lang='lat' dir='ltr'>spatium</span> <span class='ocrx_word' id='word_1_201' title='bbox 1576 3383 1775 3442; x_wconf 89' lang='lat' dir='ltr'>vacet</span> <span class='ocrx_word' id='word_1_202' title='bbox 1799 3375 2124 3439; x_wconf 85' lang='lat' dir='ltr'>infinitum</span> 
     </span>
     <span class='ocr_line' id='line_1_28' title="bbox 453 3486 2294 3578; baseline -0.002 -23"><span class='ocrx_word' id='word_1_203' title='bbox 453 3492 836 3578; x_wconf 87' lang='lat' dir='ltr'>seminaque</span> <span class='ocrx_word' id='word_1_204' title='bbox 864 3493 1208 3556; x_wconf 88' lang='lat' dir='ltr'>innumero</span> <span class='ocrx_word' id='word_1_205' title='bbox 1238 3513 1515 3555; x_wconf 91' lang='lat' dir='ltr'>numero</span> <span class='ocrx_word' id='word_1_206' title='bbox 1546 3511 1931 3574; x_wconf 86' lang='lat' dir='ltr'>summaque</span> <span class='ocrx_word' id='word_1_207' title='bbox 1960 3486 2294 3572; x_wconf 87' lang='lat' dir='ltr'>profunda</span> 
     </span>
    </p>

    <p class='ocr_par' dir='ltr' id='par_1_9' title="bbox 290 3606 2249 4038">
     <span class='ocr_line' id='line_1_29' title="bbox 290 3606 2002 3690; baseline -0.001 -21"><span class='ocrx_word' id='word_1_208' title='bbox 290 3624 417 3671; x_wconf 80' lang='lat'>1055</span> <span class='ocrx_word' id='word_1_209' title='bbox 446 3607 853 3672; x_wconf 89' lang='lat' dir='ltr'>multimodis</span> <span class='ocrx_word' id='word_1_210' title='bbox 883 3607 1170 3671; x_wconf 87' lang='lat' dir='ltr'>volitent</span> <span class='ocrx_word' id='word_1_211' title='bbox 1198 3613 1471 3670; x_wconf 88' lang='lat' dir='ltr'>aeterno</span> <span class='ocrx_word' id='word_1_212' title='bbox 1500 3606 1759 3690; x_wconf 87' lang='lat' dir='ltr'>percita</span> <span class='ocrx_word' id='word_1_213' title='bbox 1784 3611 2002 3679; x_wconf 87' lang='lat' dir='ltr'>motu,</span> 
     </span>
     <span class='ocr_line' id='line_1_30' title="bbox 449 3721 2249 3804; baseline -0.003 -19"><span class='ocrx_word' id='word_1_214' title='bbox 449 3724 629 3787; x_wconf 89' lang='lat' dir='ltr'>hunc</span> <span class='ocrx_word' id='word_1_215' title='bbox 655 3745 859 3786; x_wconf 92' lang='lat' dir='ltr'>unum</span> <span class='ocrx_word' id='word_1_216' title='bbox 888 3729 1216 3785; x_wconf 90' lang='lat' dir='ltr'>terrarum</span> <span class='ocrx_word' id='word_1_217' title='bbox 1244 3722 1477 3786; x_wconf 91' lang='lat' dir='ltr'>orbem</span> <span class='ocrx_word' id='word_1_218' title='bbox 1507 3721 1894 3804; x_wconf 89' lang='lat' dir='ltr'>caelumque</span> <span class='ocrx_word' id='word_1_219' title='bbox 1924 3726 2249 3789; x_wconf 84' lang='lat' dir='ltr'>creatum,</span> 
     </span>
     <span class='ocr_line' id='line_1_31' title="bbox 453 3833 1910 3921; baseline -0.003 -22"><span class='ocrx_word' id='word_1_220' title='bbox 453 3836 547 3900; x_wconf 89' lang='lat' dir='ltr'>nil</span> <span class='ocrx_word' id='word_1_221' title='bbox 575 3858 773 3921; x_wconf 85' lang='lat' dir='ltr'>agere</span> <span class='ocrx_word' id='word_1_222' title='bbox 800 3837 912 3900; x_wconf 88' lang='lat' dir='ltr'>illa</span> <span class='ocrx_word' id='word_1_223' title='bbox 937 3836 1102 3901; x_wconf 88' lang='lat' dir='ltr'>foris</span> <span class='ocrx_word' id='word_1_224' title='bbox 1134 3843 1239 3900; x_wconf 88' lang='lat' dir='ltr'>tot</span> <span class='ocrx_word' id='word_1_225' title='bbox 1268 3858 1557 3921; x_wconf 90' lang='lat' dir='ltr'>corpora</span> <span class='ocrx_word' id='word_1_226' title='bbox 1583 3833 1910 3909; x_wconf 79' lang='lat' dir='ltr'>materiai3</span> 
     </span>
     <span class='ocr_line' id='line_1_32' title="bbox 459 3946 2156 4038; baseline -0.004 -23"><span class='ocrx_word' id='word_1_227' title='bbox 459 3973 608 4015; x_wconf 91' lang='lat' dir='ltr'>cum</span> <span class='ocrx_word' id='word_1_228' title='bbox 632 3950 1025 4038; x_wconf 74' lang='lat' dir='ltr'>praesertim</span> <span class='ocrx_word' id='word_1_229' title='bbox 1052 3950 1162 4013; x_wconf 89' lang='lat' dir='ltr'>hic</span> <span class='ocrx_word' id='word_1_230' title='bbox 1192 3951 1279 4014; x_wconf 90' lang='lat' dir='ltr'>sit</span> <span class='ocrx_word' id='word_1_231' title='bbox 1306 3957 1548 4013; x_wconf 88' lang='lat' dir='ltr'>natura</span> <span class='ocrx_word' id='word_1_232' title='bbox 1573 3947 1794 4012; x_wconf 81' lang='lat' dir='ltr'>factus</span> <span class='ocrx_word' id='word_1_233' title='bbox 1814 3996 1828 4022; x_wconf 84' lang='lat'>‚</span> <span class='ocrx_word' id='word_1_234' title='bbox 1855 3954 1922 4009; x_wconf 91' lang='lat' dir='ltr'>et</span> <span class='ocrx_word' id='word_1_235' title='bbox 1949 3946 2098 4033; x_wconf 87' lang='lat' dir='ltr'>ipsa</span> <span class='ocrx_word' id='word_1_236' title='bbox 2153 3958 2156 3961; x_wconf 77' lang='grc'>’</span> 
     </span>
    </p>
   </div>
   <div class='ocr_carea' id='block_1_3' title="bbox 460 4136 863 4145">
    <p class='ocr_par' dir='ltr' id='par_1_10' title="bbox 460 4136 863 4145">
     <span class='ocr_line' id='line_1_33' title="bbox 460 4136 863 4145; baseline 0 863"><span class='ocrx_word' id='word_1_237' title='bbox 460 4136 863 4145; x_wconf 95' lang='lat' dir='ltr'> </span> 
     </span>
    </p>
   </div>
   <div class='ocr_carea' id='block_1_4' title="bbox 464 4222 2747 4383">
    <p class='ocr_par' dir='ltr' id='par_1_11' title="bbox 464 4222 2747 4383">
     <span class='ocr_line' id='line_1_34' title="bbox 464 4222 2747 4298; baseline -0.002 -15"><span class='ocrx_word' id='word_1_238' title='bbox 464 4236 593 4285; x_wconf 84' lang='grc'>1029</span> <span class='ocrx_word' id='word_1_239' title='bbox 623 4231 861 4284; x_wconf 82' lang='lat' dir='ltr'>minuant</span> <span class='ocrx_word' id='word_1_240' title='bbox 886 4230 1139 4284; x_wconf 85' lang='lat' dir='ltr'>miraliter</span> <span class='ocrx_word' id='word_1_241' title='bbox 1176 4230 1197 4298; x_wconf 91' lang='grc' dir='ltr'>ΙΙ</span> <span class='ocrx_word' id='word_1_242' title='bbox 1237 4235 1366 4282; x_wconf 87' lang='grc'>1030</span> <span class='ocrx_word' id='word_1_243' title='bbox 1392 4228 1664 4297; x_wconf 87' lang='lat' dir='ltr'>Principio</span> <span class='ocrx_word' id='word_1_244' title='bbox 1703 4228 1724 4296; x_wconf 80' lang='grc' dir='ltr'>ΙΙ</span> <span class='ocrx_word' id='word_1_245' title='bbox 1759 4222 1890 4280; x_wconf 79' lang='grc'>’1031</span> <span class='ocrx_word' id='word_1_246' title='bbox 1931 4226 2182 4279; x_wconf 89' lang='lat' dir='ltr'>cohibent</span> <span class='ocrx_word' id='word_1_247' title='bbox 2218 4225 2238 4293; x_wconf 80' lang='grc' dir='ltr'>ΙΙ</span> <span class='ocrx_word' id='word_1_248' title='bbox 2278 4226 2407 4274; x_wconf 83' lang='lat'>1033</span> <span class='ocrx_word' id='word_1_249' title='bbox 2451 4235 2682 4279; x_wconf 86' lang='lat' dir='ltr'>essent.</span> <span class='ocrx_word' id='word_1_250' title='bbox 2726 4232 2747 4296; x_wconf 75' lang='grc' dir='ltr'>Η</span> 
     </span>
     <span class='ocr_line' id='line_1_35' title="bbox 466 4304 2744 4383; baseline -0.002 -18"><span class='ocrx_word' id='word_1_251' title='bbox 466 4321 591 4367; x_wconf 87' lang='grc'>1047</span> <span class='ocrx_word' id='word_1_252' title='bbox 618 4321 790 4367; x_wconf 84' lang='lat' dir='ltr'>tactus</span> <span class='ocrx_word' id='word_1_253' title='bbox 814 4313 982 4366; x_wconf 88' lang='lat' dir='ltr'>libero</span> <span class='ocrx_word' id='word_1_254' title='bbox 1018 4316 1039 4383; x_wconf 84' lang='grc' dir='ltr'>ΙΙ</span> <span class='ocrx_word' id='word_1_255' title='bbox 1080 4318 1210 4366; x_wconf 88' lang='grc'>1049</span> <span class='ocrx_word' id='word_1_256' title='bbox 1248 4329 1408 4381; x_wconf 86' lang='lat' dir='ltr'>supra</span> <span class='ocrx_word' id='word_1_257' title='bbox 1443 4318 1710 4365; x_wconf 70' lang='lat' dir='ltr'>omissum.</span> <span class='ocrx_word' id='word_1_258' title='bbox 1749 4310 1770 4378; x_wconf 78' lang='grc' dir='ltr'>ΙΙ</span> <span class='ocrx_word' id='word_1_259' title='bbox 1808 4324 2074 4377; x_wconf 89' lang='lat' dir='ltr'>superque</span> <span class='ocrx_word' id='word_1_260' title='bbox 2110 4308 2130 4375; x_wconf 81' lang='grc' dir='ltr'>ΙΙ</span> <span class='ocrx_word' id='word_1_261' title='bbox 2170 4310 2299 4359; x_wconf 81' lang='grc'>1052</span> <span class='ocrx_word' id='word_1_262' title='bbox 2339 4304 2510 4357; x_wconf 89' lang='lat' dir='ltr'>verist</span> <span class='ocrx_word' id='word_1_263' title='bbox 2547 4309 2694 4362; x_wconf 89' lang='lat' dir='ltr'>mile</span> <span class='ocrx_word' id='word_1_264' title='bbox 2738 4335 2744 4341; x_wconf 90' lang='lat'><em>·</em></span> 
     </span>
    </p>
   </div>
   <div class='ocr_carea' id='block_1_5' title="bbox 2838 1684 2840 3096">
    <p class='ocr_par' dir='ltr' id='par_1_12' title="bbox 2838 1684 2840 3096">
     <span class='ocr_line' id='line_1_36' title="bbox 2838 1684 2840 3096; baseline 0 0"><span class='ocrx_word' id='word_1_265' title='bbox 2838 1684 2840 3096; x_wconf 95' lang='lat' dir='ltr'> </span> 
     </span>
    </p>
   </div>
  </div>
 </body>
</html>
