2840 5008
1196 420 1295 527 ἼΙΙΙ
2213 420 2349 489 185

97 595 506 682 quadratus
539 595 759 681 prima
776 615 1013 671 manu,
1033 595 1329 680 itemque
1360 615 1401 657 a
1431 601 1819 659 correctore
1843 594 2175 681 oblongus
2194 643 2210 671 ,
2230 619 2357 660 res·

82 718 286 779 pue-re
314 695 526 758 ἰθείης
546 743 561 757 .
582 694 650 757 in
679 694 883 757 tertio
914 693 1288 779 quadratus
1318 703 1502 780 queat
1528 704 1698 757 artus
1715 742 1728 756 .
1749 693 1820 756 in
1846 692 2202 757 undecimo
2235 694 2356 757 ob·

93 794 346 878 longus
376 815 592 880 neque
612 795 779 857 exire
798 841 811 855 .
837 814 1032 856 omne
1062 798 1287 855 autem
1316 798 1780 877 argumentum
1804 796 1872 854 et
1891 791 2358 876 imperfectum

97 898 202 955 est
233 898 308 955 et
339 896 593 955 cetera
618 891 1048 976 interrumpit
1075 939 1092 966 ‚
1129 890 1395 975 ipsique
1424 910 1664 954 versus
1704 889 1885 954 infra
1911 910 2036 953 suo
2066 890 2218 953 loco
2250 912 2355 955 re·-

97 996 393 1054 currunt
412 989 694 1071 inrlibro
718 1012 782 1064 v,
799 988 1130 1053 351-363
1149 1037 1163 1051 .
1188 987 1358 1052 haec
1379 987 1586 1073 igitur
1609 988 1831 1051 omnia
1848 1010 1889 1050 a
1904 988 2220 1052 Lucretio
2243 988 2357 1051 hic

98 1088 365 1175 scripta
396 1110 555 1151 non
584 1109 734 1152 esse
762 1087 1191 1152 manifestum
1221 1094 1327 1151 est
1348 1134 1364 1162 ,
1394 1086 1520 1150 sed
1552 1108 1593 1150 a
1619 1086 1878 1151 lectore
1906 1085 2319 1171 philosopho
2338 1134 2354 1162 ‚

99 1187 216 1271 qui
241 1186 387 1250 hoc
423 1207 711 1271 quoque
740 1194 1134 1272 argumento
1167 1207 1251 1249 ex
1282 1185 1412 1248 alio
1438 1186 1589 1249 loco
1615 1185 1976 1269 desumpto
2003 1206 2146 1248 rem
2174 1206 2354 1248 com-

97 1284 305 1348 mode
349 1284 696 1348 illustrari
736 1305 943 1368 posse
988 1284 1404 1347 existimaret
1425 1331 1439 1346 .
1469 1282 1582 1346 hic
1624 1289 1850 1347 tamen
1896 1305 2045 1346 cum
2089 1290 2356 1347 ceteros

99 1404 347 1446 versus
367 1430 395 1458 ,.
412 1383 671 1467 quibus
702 1382 790 1446 de
820 1382 1009 1446 caelo
1042 1389 1354 1467 ageretur
1371 1429 1388 1457 ‚
1410 1403 1550 1445 non
1574 1389 1714 1445 tam
1734 1381 1932 1445 facile
1955 1380 2044 1445 ad
2067 1382 2355 1445 animum

101 1481 475 1544 transferri
507 1502 716 1566 posse
743 1480 1166 1566 intellegeret
1194 1528 1210 1556 ‚
1242 1501 1283 1543 a
1312 1487 1560 1564 coepto
1591 1478 2092 1561 transcribendi
2119 1480 2354 1546 labore

102 1600 262 1642 mox
291 1578 579 1642 destitit
607 1627 621 1642 .
657 1586 729 1643 at
755 1577 1102 1642 Michahel
1128 1576 1459 1642 Marullus
1486 1578 1602 1641 illo
1634 1576 1960 1642 audacior
1986 1577 2154 1640 nihil
2180 1579 2353 1643 veri·-

105 1685 215 1740 tus
246 1684 360 1741 est
392 1675 1177 1741 ceteristransferendis
1205 1677 1527 1741 immanes
1555 1677 1847 1764 ineptias
1873 1676 2123 1741 inferre
2143 1701 2159 1754 3
2183 1699 2354 1762 quos

105 1795 347 1840 versus
391 1797 559 1839 cum
589 1796 819 1839 omnes
846 1775 1036 1840 libris
1065 1777 1412 1842 veteribus
1444 1777 1588 1840 sine
1619 1777 2018 1861 exceptione
2048 1777 2355 1841 omnibus

108 1874 355 1938 abesse
385 1881 516 1938 aut
548 1875 799 1938 scirent
828 1880 946 1936 aut
992 1880 1174 1937 certe
1215 1873 1548 1938 deberent
1589 1874 1763 1937 scire
1801 1921 1821 1950 ‚
1866 1874 2170 1961 plerique
2211 1875 2355 1938 sine

113 1971 589 2038 admonitione
630 1980 1078 2057 susceperunt
1106 2020 1121 2046 ‚
1163 1971 1631 2036 Wakefieldus
1660 2019 1675 2046 ,
1723 1973 1829 2036 cui
1858 1972 2193 2058 Forbiger
2233 1972 2353 2037 ad-

113 2091 353 2134 sensus
387 2078 503 2135 est
521 2119 539 2147 ‚
563 2065 866 2155 ‘poetae’
911 2071 1018 2154 (id
1048 2078 1154 2135 est
1181 2071 1490 2156 Marulli)
1516 2072 1799 2136 miratur
1827 2066 2355 2136 ‘consideratam
2435 2096 2442 2103 ’

116 2170 559 2234 severitatem
588 2168 939 2254 diligitque
969 2218 982 2244 ‚
1029 2189 1153 2255 per
1193 2176 1331 2232 tam
1364 2169 1729 2233 dilucidam
1768 2169 2354 2234 ratiocinationem

114 2266 519 2352 simpliciter
547 2274 838 2332 mentem
867 2288 1059 2331 suam
1088 2267 1516 2351 exponentis'
1540 2316 1555 2330 .
1575 2266 2030 2342 mihiMarulli
2052 2268 2225 2332 male
2247 2290 2352 2332 se·—

122 2362 276 2427 dula
297 2365 702 2452 simplicitas
723 2387 859 2430 non
881 2366 1075 2429 nimis
1100 2365 1511 2452 exagitanda
1533 2387 1681 2431 esse
1701 2366 2005 2430 videtur:
2029 2367 2354 2432 subiciam

120 2468 341 2527 tamen
372 2465 526 2529 eius
549 2465 921 2529 versiculos
945 2513 960 2541 ,
984 2477 1060 2529 ut
1089 2472 1418 2550 appareat
1442 2474 1615 2550 quae
1637 2464 1979 2530 Lambinis
2012 2473 2080 2530 et
2099 2465 2353 2531 Wake-

92 2621 101 2632 ί
120 2560 332 2627 fieldis
351 2564 658 2648 (ceteros
677 2585 858 2627 nunc
877 2564 1140 2648 omitto)
1158 2564 1476 2628 Lucretio
1502 2563 1892 2650 dignissima
1906 2566 2053 2629 visa
2072 2565 2350 2630 fuerint.

122 2661 205 2724 At
226 2685 456 2749 neque,
478 2664 575 2726 uti
602 2663 782 2727 docui
794 2711 813 2743 ‚
835 2664 1025 2728 solido
1056 2687 1194 2727 cum
1223 2686 1480 2747 corpore
1507 2662 1747 2725 mentis
1778 2665 2033 2728 Natura
2061 2675 2147 2728 est
2162 2714 2180 2746 ,
2203 2689 2351 2753 quo·

124 2760 287 2823 niam
316 2762 653 2825 admistum
680 2764 853 2826 estin
881 2763 1060 2826 rebus
1087 2764 1272 2826 inane
1289 2809 1305 2837 ‚
1327 2762 1468 2826 Nec
1497 2771 1698 2825 tamen
1719 2772 1894 2825 estut
1918 2764 2103 2826 inane
2121 2789 2142 2825 .·
2161 2787 2354 2851 neque

125 2868 319 2921 autem
347 2881 622 2945 corpora
650 2861 862 2925 desunt
887 2861 994 2925 Ex
1019 2862 1252 2949 infinito
1280 2908 1298 2939 ,
1344 2873 1502 2947 quae
1517 2860 1934 2945 possintforte
1963 2872 2171 2926 coorta
2208 2863 2354 2927 Cor-

127 2975 301 3019 mere
340 2956 509 3023 hanc
552 2958 794 3021 mentis
837 2959 1090 3022 violento
1130 2958 1368 3023 turbine
1400 2956 1645 3021 molem
1685 2961 1816 3022 Aut
1852 2959 2044 3022 aliam
2084 2962 2357 3045 quamvis

130 3052 356 3118 cladem
412 3058 752 3141 importare
782 3058 1009 3141 pericli
1034 3080 1054 3117 :
1097 3058 1237 3123 Nec
1267 3080 1465 3142 porro
1489 3083 1494 3086 ·
1514 3066 1745 3120 natura
1796 3057 1913 3119 loci
1962 3057 2357 3143 spaciumque

119 3152 416 3237 profundi
445 3155 679 3243 Deficit
700 3204 719 3235 ‚
762 3156 1021 3241 esparyi
1056 3178 1176 3242 quc
1216 3155 1440 3239 possit
1465 3156 1571 3219 vis
1600 3153 1843 3217 animai
1869 3155 2000 3217 Aut
2037 3154 2167 3218 alia
2201 3178 2354 3241 qua-

130 3248 212 3310 vis
236 3253 465 3333 possit
494 3254 557 3316 vi
571 3254 760 3338 pulsa
775 3254 989 3337 perire
1019 3301 1033 3315 .
1077 3252 1275 3317 Haud
1309 3253 1496 3337 iyitur
1538 3253 1641 3317 leti
1665 3253 2000 3337 praeclusa
2039 3263 2125 3316 est
2162 3254 2357 3318 ianua

134 3350 332 3411 menti
350 3398 365 3412 .

292 3446 435 3512 820.
484 3448 713 3528 Quoi)
759 3471 1202 3515 V1rAL113us
1246 3471 1344 3536 413
1391 3472 1644 3514 REBUS
1668 3498 1681 3513 .
1711 3450 2079 3514 Lambinus
2106 3470 2355 3513 LETA-

138 3562 363 3609 mnus
381 3593 397 3621 ‚
419 3554 641 3611 recte:
664 3569 820 3612 nam
849 3549 1134 3611 alterum
1161 3548 1363 3633 plane
1392 3547 1762 3612 absurdum
1793 3555 1898 3612 est
1916 3598 1930 3612 .
1952 3548 2128 3613 idem
2159 3547 2356 3611 Lam-

136 3635 325 3705 binus
343 3690 359 3718 ,
384 3666 537 3709 cum
555 3644 886 3709 Marullus
917 3645 1293 3709 orationem
1318 3644 1731 3729 pendentem
1758 3666 1960 3709 versu
1987 3652 2148 3729 post
2174 3644 2359 3708 hunc

142 3736 368 3804 addito
396 3742 700 3807 fulsisset
722 3789 739 3818 ‚
768 3743 995 3807 verius
1025 3744 1237 3807 sensit
1264 3749 1428 3828 post
1454 3764 1725 3807 versum
1756 3750 2069 3827 quartum
2095 3742 2359 3826 perisse

141 3838 470 3917 apodosin
498 3864 513 3905 ε
556 3840 679 3905 sed
707 3841 980 3905 Marulli
1007 3862 1279 3905 versum
1308 3888 1325 3916 ‚
1356 3840 1474 3926 qui
1503 3848 1649 3904 erat
1674 3839 1789 3903 hic
1815 3888 1831 3916 ‚
1870 3840 2120 3905 Scilicet
2147 3865 2187 3905 a
2213 3864 2363 3906 vera

145 3929 306 4018 lonye
325 3941 568 4003 ‘ratione
594 3950 888 4004 remotum
916 3950 1032 4018 est,
1054 3960 1193 4003 non
1220 3946 1409 4003 recte
1439 3939 1758 4024 probavit
1785 3939 1945 4005 illuc
1972 3940 2328 4005 traiectum
2347 3989 2360 4003 .

147 4037 244 4093 est
271 4042 494 4100 autem
523 4039 953 4123 perspicuum
984 4059 1065 4102 ea
1095 4060 1270 4123 quae
1302 4037 1680 4103 exciderint
1698 4038 1770 4101 in
1789 4038 1992 4103 huius
2012 4038 2157 4103 fere
2178 4038 2365 4103 modi

151 4141 468 4218 concepta
506 4134 716 4200 fuisse
759 4136 1160 4201 sententiam
1200 4183 1217 4212 ‚
1275 4136 1482 4201 Multa
1528 4148 1734 4201 tamen
1787 4148 2045 4223 tanqum
2095 4138 2366 4202 animam

147 4227 337 4308 mala,
357 4232 550 4296 multa
567 4235 813 4318 pericla
831 4280 858 4297 .,
1210 4225 1213 4226 ⁷

305 4326 843 4396 {mmmmm
874 4355 1075 4396 Erum
1107 4354 1324 4408 QUAM
1355 4353 1569 4407 ouon
1602 4355 1957 4398 MORBIST
1983 4354 2140 4396 cum
2171 4353 2365 4395 con-

154 4438 378 4489 Poms
419 4452 771 4496 Ananim.
815 4431 1030 4496 Recte
1058 4431 1213 4496 Itali
1243 4429 1313 4496 et
1342 4431 1705 4496 Turnebus
1734 4452 2032 4496 MORBIS
2063 4452 2199 4492 cum
2232 4452 2366 4493 cor-
