2840 5008
1031 408 1446 453 EMENDATIO
2264 387 2294 453 1
2313 387 2344 453 1

123 582 252 626 non
269 555 485 639 ‚facile
515 580 801 646 usquam
829 558 1040 622 multo
1071 581 1269 645 quam
1295 580 1420 646 ego
1446 560 1731 624 dixerim
1751 561 1904 646 plus
1929 562 2355 626 auctoritatis

126 661 338 723 inesse
393 658 893 743 exemplaribus
942 659 1195 722 nostris
1247 659 1732 743 antiquissimis
1750 707 1766 735 ‚
1825 668 1974 735 aut,
2027 661 2084 724 si
2130 661 2356 725 studia

129 779 267 821 mea
298 756 690 820 examinare
716 757 928 821 velint
945 805 961 832 ‚
992 757 1225 821 eadem
1249 758 1659 843 exemplaria
1682 758 1906 823 denuo
1928 768 2091 845 post
2109 783 2215 825 me
2241 782 2355 825 ex-

131 856 416 929 cutiant,
460 854 588 918 sed
631 876 780 918 cum
822 876 985 919 cura
1027 864 1096 920 et
1136 857 1400 921 intenta
1443 857 1789 920 oculorum
1829 859 2006 933 acie,
2050 880 2134 922 ne
2175 858 2355 923 forte

126 954 337 1039 prima
357 973 564 1017 manu
588 954 843 1038 scripta
867 975 1016 1018 esse
1030 961 1282 1038 putent
1306 975 1481 1040 quae
1504 956 1639 1019 sint
1663 964 2122 1020 correctorum
2138 1004 2154 1032 ‚
2184 977 2356 1021 neve

125 1051 322 1137 plura
351 1072 555 1136 quam
583 1052 643 1115 is
673 1060 1141 1136 quem-notare
1172 1053 1513 1118 voluerint
1541 1075 1860 1139 peccasse
1891 1062 2275 1142 arguantur.

289 1149 535 1235 Itaque
577 1151 976 1215 recensendi
1019 1173 1293 1217 munere
1337 1152 1436 1216 ita
1477 1151 1751 1217 functus
1792 1177 1939 1218 sum
1960 1203 1975 1231 ‚
2021 1163 2100 1219 ut
2140 1154 2355 1240 quod-

129 1270 416 1334 cumque
454 1251 708 1313 bonum
752 1257 821 1313 et
860 1271 1094 1314 verum
1137 1260 1319 1315 esset
1347 1259 1467 1315 aut
1491 1252 1562 1314 in
1592 1261 1881 1338 utroque
1912 1254 2125 1318 autin
2156 1254 2358 1318 alter-

128 1356 282 1411 utro
309 1347 548 1411 codice
568 1395 584 1422 ‚
604 1347 679 1412 id
701 1349 843 1413 sine
865 1347 1003 1412 ullo
1029 1348 1469 1414 dubitationis
1490 1350 1742 1415 indicio
1767 1351 2151 1417 exhiberem
2170 1400 2185 1427 ‚
2207 1373 2359 1416 ver-

129 1468 324 1510 suum
364 1454 592 1510 autem
632 1446 936 1512 ordinem
967 1469 1152 1524 eum,
1199 1469 1333 1534 quo
1367 1457 1598 1514 essent
1626 1472 1667 1513 a
1694 1450 2040 1516 veteribus
2068 1450 2359 1516 librariis

130 1545 401 1639 scripti,
432 1545 724 1609 numeris
755 1545 1086 1631 appositis
1113 1546 1521 1611 indicarem.
1554 1548 2087 1613 emendationem
2114 1547 2225 1611 his
2252 1569 2359 1612 re-

129 1646 255 1713 bus
299 1643 636 1708 contineri
676 1645 1045 1709 arbitratus
1090 1667 1272 1721 sum,
1313 1646 1596 1731 primum
1627 1654 1705 1710 ut
1732 1669 1971 1711 versus
2003 1668 2042 1711 a
2069 1646 2362 1712 librariis

130 1743 400 1811 traiecti
436 1743 506 1806 in
535 1764 729 1806 suum
758 1743 977 1807 locum
1007 1744 1535 1820 reducerentur3
1577 1745 1765 1830 quod
1792 1747 1908 1811 ubi
1940 1747 2199 1821 evenit,
2238 1768 2361 1809 nu-

130 1841 294 1909 meri
325 1861 478 1904 sese
505 1841 798 1905 naturali
821 1839 1058 1904 ordine
1082 1842 1393 1932 excipere
1414 1842 1552 1905 non
1575 1849 1979 1927 potuerunt3
2010 1843 2258 1908 deinde
2284 1852 2364 1908 ut

130 1941 279 2025 ipsa
308 1960 627 2002 versuum
657 1938 990 2004 vocabula
1011 1987 1027 2015 ‚
1062 1940 1181 2004 ubi
1208 1939 1319 2004 vel
1344 1940 1687 2025 perissent
1714 1941 1824 2005 vel
1855 1941 2229 2026 depravata
2259 1964 2363 2006 es-

132 2046 287 2103 sent
303 2086 320 2111 ,
354 2045 678 2123 quantum
700 2038 843 2102 fieri
865 2043 1101 2122 posset
1118 2086 1133 2114 ‚
1165 2039 1735 2125 reciperarentur‚
1764 2040 1862 2103 ita
1882 2047 2108 2104 tamen
2127 2049 2205 2104 ut
2227 2042 2363 2105 sin·-

132 2138 292 2224 gula
315 2136 405 2215 ad
428 2136 736 2200 codicum
759 2135 960 2200 fidem
982 2137 1238 2222 scripta
1260 2158 1410 2200 cum
1434 2137 1713 2222 singulis
1737 2140 2364 2202 commentariorum

133 2234 485 2321 particulis
514 2235 1074 2321 praefigerentur,
1106 2245 1247 2300 tum
1268 2236 1336 2298 in
1358 2236 1507 2298 imis
1532 2236 1794 2322 paginis
1817 2238 2178 2300 carminum
2204 2259 2364 2302 enu-

132 2341 589 2397 metarentur.

305 2430 603 2517 Operam
632 2453 797 2496 vero
827 2431 1179 2496 maximam
1209 2453 1492 2517 eamque
1522 2432 1688 2496 satis
1715 2431 2137 2497 fastidiosam
2166 2436 2367 2518 posui

132 2536 205 2596 in
235 2532 451 2618 primo
483 2530 971 2595 emendationis
1003 2530 1326 2615 cuiusque
1358 2538 1638 2594 auctore
1666 2531 2177 2616 investigando:
2209 2553 2397 2596 nam-

138 2632 289 2717 quis
330 2650 667 2714 quemque
697 2637 968 2693 secutus
1000 2635 1183 2692 esset
1211 2675 1226 2703 ‚
1276 2629 1511 2712 quisve
1544 2628 1674 2692 alio
1705 2636 2009 2714 tempore
2035 2629 2214 2694 idem
2241 2652 2368 2717 per

136 2752 211 2794 se
239 2728 564 2803 vidisset,
595 2749 732 2791 non
760 2748 965 2812 saepe
997 2726 1262 2801 curavi,
1292 2726 1420 2789 nisi
1448 2726 1519 2789 in
1540 2726 2092 2793 mirabilioribus.
2124 2750 2286 2816 ergo
2310 2731 2370 2795 si

138 2827 418 2914 quando
439 2827 867 2892 librariorum
887 2847 1123 2889 manus
1147 2845 1187 2888 a
1210 2845 1372 2888 vero
1398 2827 1751 2890 aberrasse
1776 2821 2154 2912 apparebat
2170 2876 2186 2904 ‚
2210 2838 2368 2893 ante

140 2928 365 2991 omnia
412 2925 714 3011 quaesivi
758 2923 1085 3010 numquid
1128 2923 1364 2988 melius
1412 2924 1716 2989 adferret
1760 2938 2166 2992 correctorum
2211 2930 2368 2992 anti-

138 3027 467 3113 quissimus
481 3073 499 3105 ‚
530 3024 646 3109 qui
669 3022 936 3088 saeculo
967 3044 1148 3086 nono
1180 3022 1486 3087 codicem
1518 3023 1881 3110 oblongum
1901 3025 2370 3110 interpolavit.

140 3146 187 3188 a
216 3145 348 3209 quo
382 3125 439 3188 si
467 3122 637 3186 nihil
664 3122 1055 3195 rettuleram
1074 3170 1090 3198 ‚
1122 3121 1337 3186 multo
1367 3123 1566 3207 plura
1593 3125 1776 3188 bona
1806 3132 1874 3189 et
1900 3127 1969 3188 in
1997 3125 2105 3189 his
2137 3127 2372 3210 exqui-

141 3223 462 3287 sitissima
509 3243 650 3284 non
695 3242 914 3308 pauca
962 3223 1426 3306 praebuerunt
1475 3234 1839 3287 correctores
1887 3225 2176 3310 quadrati
2196 3273 2212 3288 .
2262 3224 2372 3290 his

141 3329 370 3386 aetate
400 3342 528 3406 par
558 3326 626 3384 et
653 3321 722 3384 in
752 3320 1154 3385 emendandi
1183 3319 1406 3384 officio
1439 3321 1641 3408 paulo
1668 3324 2090 3387 constantior
2113 3332 2219 3388 est
2239 3326 2372 3388 An-

138 3424 340 3485 tonius
378 3419 578 3483 „Marii
620 3419 730 3482 vel
772 3419 1002 3503 potius
1046 3418 1247 3482 huius
1295 3426 1534 3482 auctor
1579 3421 1774 3485 Italus
1792 3470 1810 3502 ‚
1859 3423 1974 3506 qui
2016 3422 2376 3487 manifesta

137 3520 308 3583 vitia
328 3517 641 3583 sustulit
623 3539 1007 3581 innumera:
1036 3517 1293 3583 habent
1316 3519 1515 3582 etiam
1538 3520 1818 3606 propria
1838 3521 2170 3606 quaedam
2192 3523 2376 3586 bona
2431 3551 2448 3562 ν

140 3619 343 3683 olim
315 3618 633 3703 zmpressi.
664 3615 788 3680 sed
819 3617 1106 3679 omnium
1139 3616 1367 3681 studia
1395 3639 1545 3681 cum
1572 3619 1842 3703 ingenio
1863 3626 2007 3681 tum
2029 3618 2379 3703 diligentia

138 3717 345 3801 longe
389 3715 738 3800 superavit
775 3713 1120 3779 Michahcl
1162 3716 1512 3796 Marullus,
1557 3722 1714 3784 ortu
1757 3713 2096 3791 Graecus,
2142 3715 2267 3780 sed
2305 3718 2376 3780 in

141 3815 338 3902 poesi
366 3814 612 3877 Latina
653 3812 968 3888 eximius,
1013 3813 1128 3898 qui
1174 3835 1324 3877 cum
1363 3836 1438 3877 se
1484 3814 1650 3877 totis
1688 3813 2001 3878 viribus
1983 3835 2053 3877 m
2079 3814 2379 3880 Lucretii

140 3914 486 4000 ingenium
516 3918 586 3975 et
615 3918 827 3975 artem
853 3912 1263 3976 insinuasset
1279 3962 1295 3987 ‚
1322 3914 1393 3976 in
1425 3913 1565 3976 eius
1590 3913 1993 3978 carminibus
2018 3914 2377 3978 emendan-

146 4013 250 4078 dis
290 4013 509 4077 multo
554 4010 708 4097 plus
748 4011 1091 4097 praestitit
1133 4033 1330 4096 quam
1368 4018 1531 4095 post
1561 4032 1709 4075 eum
1739 4010 2224 4077 vel-doctiores
2248 4063 2261 4076 .
2292 4016 2378 4079 ab

143 4112 346 4176 huius
385 4130 606 4195 prope
636 4108 1036 4174 Volaterras
1076 4112 1147 4174 in
1178 4108 1424 4175 Cecina
1460 4110 1663 4176 fluvio
1693 4112 1973 4176 interitu
2001 4135 2178 4176 anno
2211 4113 2377 4177 duo-

47 4208 53 4216 '
150 4209 412 4275 decimo
444 4209 692 4272 Petrus
724 4208 1069 4273 Candidus
1095 4209 1486 4273 Lucretium
1529 4212 1613 4276 ab
1661 4232 1741 4274 eo
1783 4210 2207 4274 emendatum
2237 4208 2375 4272 edi-

147 4308 281 4384 dit,
309 4310 718 4395 impressum
745 4307 1131 4372 Florentiae
1162 4310 1541 4393 sumptibus
1562 4309 1857 4394 Philippi
1882 4307 2169 4372 Giuntae
2200 4327 2396 4369 anno>

153 4407 311 4471 1512
360 4427 590 4471 mense
633 4406 919 4482 Marti03
973 4407 1161 4471 cuius
1205 4407 1523 4471 editionis
1569 4407 1909 4490 exemplar
1951 4407 2036 4468 ab
2078 4402 2396 4467 Iohanne
