2840 5008
1163 430 1261 495 IV
2180 432 2319 500 227

60 611 504 670 consonante
541 624 773 666 versus
797 601 1063 667 Horatii
1097 604 1314 678 labat,
1349 604 1794 690 Vitamque‘sub
1824 606 1960 668 divo
1992 617 2047 668 ec
2073 608 2325 691 trepidis

59 714 203 788 ayat
223 729 244 764 .·
275 722 449 764 nam
480 702 557 763 in
583 721 783 763 versu
812 702 913 764 dio
945 713 1002 764 et
1030 702 1135 764 vel
1165 702 1271 764 diu
1302 713 1358 764 et
1383 701 1699 765 vitiosum
1727 722 1883 765 esse
1912 703 2201 767 vidimus
2232 704 2323 769 ad

58 802 304 866 librum
329 822 447 875 -111‚
469 799 597 863 374
616 849 629 862 .
653 799 720 861 in
743 796 1005 861 Afranii
1037 799 1300 861 senario
1333 800 1463 883 (est
1486 800 1660 862 enim
1680 800 1858 863 inter
1880 800 2111 884 plures
2136 802 2322 886 apud

58 898 360 961 Nonium
406 920 480 982 p.
508 897 647 971 207,
672 896 791 980 33)
833 897 1039 959 miror
1085 918 1234 982 esse
1281 897 1562 961 Soleatus
1599 899 1948 982 interrupesta
1987 911 2166 963 noctu
2209 901 2318 964 sub

61 997 191 1060 divo
210 984 486 1080 {magis
520 996 724 1057 miror
757 992 1000 1057 doctos
1031 993 1258 1057 facere
1287 995 1396 1057 sub
1426 996 1527 1058 dio
1550 1043 1564 1070 ,
1598 994 1785 1078 quod
1816 997 1902 1059 ab
1934 995 2148 1060 altero
2180 1019 2320 1060 non

62 1093 287 1156 differt
319 1118 335 1157 :
386 1093 530 1156 sed
559 1092 722 1177 quid
749 1091 1101 1155 Afranium
1131 1094 1441 1176 posuisse
1474 1093 1693 1156 dicam
1721 1115 1861 1157 non
1888 1094 2108 1159 habeo
2134 1144 2149 1170 ,
2188 1097 2317 1160 nisi

60 1191 233 1255 forte
262 1193 380 1254 sub
411 1193 560 1254 nive
583 1238 596 1254 .
628 1192 1098 1275 perturbatum
1127 1190 1428 1253 Phaedri
1456 1190 1791 1254 Perottini
1817 1213 2087 1256 versum
2116 1195 2215 1269 31,
2239 1195 2310 1257 11

60 1311 194 1353 non
227 1311 404 1354 curo
425 1337 443 1364 ‚
473 1290 591 1374 qui
617 1290 716 1352 ita
745 1290 1039 1374 scriptus
1072 1288 1296 1353 editur
1313 1337 1328 1363 ,
1353 1291 1503 1354 Nou
1530 1313 1665 1352 sum
1692 1291 1758 1352 iu
1788 1313 2002 1374 campo
2019 1315 2149 1376 par
2177 1293 2315 1367 tibi,

64 1390 165 1452 sed
189 1411 331 1451 sum
359 1389 482 1451 sub
514 1389 614 1451 dio
645 1435 658 1449 .
701 1388 973 1451 subdiale
994 1436 1012 1466 ,
1045 1388 1363 1471 quoniam
1390 1388 1672 1451 subdival
1699 1408 1971 1472 quoque
2003 1410 2151 1452 esse
2180 1389 2314 1453 fer-

66 1494 173 1548 tur
196 1533 210 1559 ‚
241 1485 602 1569 producte
634 1483 989 1549 dicendum
1022 1485 1328 1548 existimo
1356 1533 1370 1559 ‚
1412 1486 1716 1569 quamvis
1744 1487 1814 1549 in
1844 1486 2105 1558 flamine
2136 1489 2318 1552 Diali

68 1592 203 1646 tam
228 1585 478 1648 brevis
514 1584 600 1646 sit
623 1583 888 1669 syllaba
911 1604 1112 1667 quam
1138 1585 1211 1647 in
1234 1585 1577 1646 consulibus
1598 1585 1859 1648 dialibus
1878 1635 1893 1661 ,
1918 1586 2031 1670 qui
2061 1593 2217 1648 sunt
2245 1587 2326 1648 in

67 1683 213 1744 ioco
237 1730 254 1758 ‚
288 1690 513 1766 atque
557 1683 627 1744 in
665 1682 1011 1745 nouendiali
1053 1681 1335 1764 pulvere
1368 1731 1380 1743 .
1426 1683 1563 1744 dius
1608 1681 2011 1746 adiectivum
2052 1705 2316 1768 semper

72 1780 485 1864 producitur
517 1830 530 1843 .
576 1781 806 1864 itaque
848 1779 1077 1865 fulyur
1129 1781 1298 1842 dium
1329 1828 1343 1853 ‚
1391 1778 1477 1842 de
1526 1801 1659 1864 quo
1705 1782 2086 1865 nuperrime
2146 1778 2319 1846 dixit

71 1879 493 1942 Theodorus
526 1878 1008 1957 Mommsenius
1050 1878 1117 1939 in
1167 1878 1513 1942 annalibus
1558 1879 1903 1942 societatis
1944 1879 2317 1965 Lipsiensis

76 1975 228 2039 1849
253 1999 320 2061 p.
336 1977 470 2040 292
493 2024 512 2051 ‚
537 1996 938 2060 quamquam
965 1973 1273 2037 diurnum
1299 1982 1404 2036 est
1423 2021 1439 2047 ‚
1461 1981 1687 2037 tamen
1712 1978 1911 2038 etiam
1935 1978 2131 2040 divom
2153 1980 2317 2042 scri-

72 2075 246 2159 bitur
265 2124 280 2150 ‚
314 2076 594 2140 scilicet
621 2075 878 2138 Iovium
901 2121 916 2147 ‚
945 2094 1166 2157 neque
1198 2072 1432 2135 eadem
1467 2073 1846 2156 quantitate
1888 2082 2046 2137 sunt
2076 2075 2316 2140 adver-

73 2173 180 2234 bia
197 2221 211 2246 ‚
233 2181 313 2236 ut
343 2176 493 2238 dius
525 2174 684 2258 (quo
711 2173 1030 2255 Titinium
1056 2194 1251 2235 usum
1276 2193 1426 2235 esse
1452 2169 1795 2236 Charisius
1818 2172 2032 2237 refert
2052 2195 2115 2257 p.
2137 2175 2316 2259 185),

75 2273 361 2336 interdius
384 2323 402 2353 ,
433 2275 667 2337 nudius
697 2274 992 2336 tribreve
1024 2321 1037 2335 .
1070 2274 1329 2356 perdius
1367 2271 1473 2333 his
1507 2271 2080 2335 adnumerandum
2109 2281 2315 2356 puto:

81 2369 407 2435 adiective
415 2373 659 2458 perdia
678 2392 877 2456 quam
897 2379 1084 2434 recte
1103 2392 1323 2455 quove
1344 2376 1631 2433 accentu
1644 2371 2020 2454 Appuleius
2038 2371 2288 2435 dixerit
2303 2421 2318 2447 ‚

76 2467 307 2554 ignoro
341 2521 354 2533 .
393 2472 666 2557 prodius
687 2470 1019 2535 Varronis
1051 2469 1270 2555 (apud
1301 2469 1597 2532 Nonium
1626 2491 1689 2553 p.
1716 2468 1833 2553 47)
1868 2468 2130 2533 differt:
2159 2492 2317 2535 nam

83 2570 303 2632 accedit
320 2571 598 2654 prodius
629 2576 733 2633 est
762 2569 1243 2654 illucprodcedit
1271 2570 1534 2654 amplius
1559 2617 1571 2630 .
1605 2567 1897 2652 denique
1928 2570 2073 2633 deus
2097 2569 2317 2633 Fidius

81 2665 165 2746 (in
178 2666 525 2730 Varronis
558 2666 643 2729 de
672 2667 900 2751 lingua
921 2666 1166 2729 Latina
1194 2689 1238 2729 v
1266 2688 1330 2749 p.
1342 2666 1429 2756 58
1459 2666 1889 2729 Florentinus
1912 2668 2083 2751 apud
2106 2669 2317 2731 aedem

85 2763 150 2825 de
174 2766 197 2825 i
225 2766 299 2827 de
308 2766 483 2853 fidi)
526 2787 676 2827 cum
719 2765 856 2828 dius
883 2765 1103 2828 Fidius
1146 2764 1393 2828 dicitur
1415 2812 1432 2839 ‚
1461 2765 1485 2826 i
1528 2764 1865 2848 producte
1908 2764 2217 2841 effertur,
2245 2768 2317 2830 in

81 2860 381 2926 Asinaria
405 2863 643 2927 Plauti
673 2873 716 2938 ι’,
739 2864 790 2938 1,
810 2863 850 2927 8
889 2864 1014 2927 Per
1041 2864 1210 2927 dium
1240 2864 1491 2927 Fidium
1521 2864 1766 2950 quaeris
1796 2912 1810 2926 .
1855 2864 1997 2927 scio
2045 2864 2316 2949 quidem

84 2978 213 3022 non
238 2962 469 3027 nullos
505 2984 735 3026 eorum
769 2962 880 3046 qui
913 2962 1256 3026 Ciceronis
1289 2961 1374 3025 de
1407 2972 1682 3027 oratore
1711 2963 1922 3027 libros
1955 2962 2319 3026 ediderunt

82 3054 146 3117 in
172 3079 238 3132 11,
256 3058 383 3123 274
413 3081 662 3124 versus
695 3060 1029 3145 quosdam
1055 3060 1353 3124 mimicos
1384 3067 1525 3124 tam
1548 3082 1870 3145 perverse
1896 3060 2315 3137 distinxisse,

85 3159 156 3214 ut
180 3157 631 3248 mediusfidius
661 3181 787 3243 pro
819 3168 1189 3243 anapaesto
1223 3168 1290 3223 et
1315 3160 1591 3247 dactylo
1626 3166 1838 3223 esset:
1863 3158 1988 3222 sed
2019 3160 2316 3224 editores

88 3248 423 3319 Ciceronis
472 3256 775 3341 plerique
823 3258 951 3322 sibi
992 3265 1210 3320 metra
1251 3258 1567 3343 ignorare
1612 3267 1813 3343 turpe
1854 3280 1994 3321 non
2036 3261 2317 3343 putant,

89 3349 289 3430 quiin
319 3376 341 3415 1
376 3354 468 3417 de
500 3353 736 3418 officiis
776 3354 866 3429 18,
885 3355 966 3418 60
995 3402 1010 3429 ,
1055 3363 1141 3425 ut
1161 3355 1294 3418 hoc
1326 3378 1459 3419 uno
1494 3357 1798 3443 exemplo
1830 3364 1988 3421 utar
2018 3406 2033 3433 ‚
2079 3380 2164 3421 ex
2194 3380 2316 3442 op-

88 3445 240 3510 timo
271 3454 663 3536 septenario
697 3502 711 3527 ‚
760 3454 872 3538 qui
916 3462 1021 3518 est
1047 3454 1248 3518 huius
1291 3456 1477 3519 modi
1508 3504 1523 3530 ‚
1580 3457 1694 3520 Vo's
1724 3459 1884 3519 enim
1911 3460 2150 3520 iuvenes
2179 3458 2315 3520 a'ni-

88 3546 245 3609 mum
268 3552 484 3633 yeoitis
522 3552 873 3615 muliebrem
901 3600 918 3631 ,
962 3552 1072 3615 illa
1116 3554 1287 3638 viryo'
1323 3555 1445 3616 viri
1471 3603 1489 3633 ,
1533 3552 1848 3617 heroicos
1877 3554 2109 3638 pingui
2137 3552 2316 3636 pede

89 3641 573 3721 palimbacchio
607 3650 967 3713 distinctos
990 3698 1004 3724 ‚
1036 3650 1131 3713 ita
1154 3697 1170 3723 ‚
1200 3649 1324 3714 Illa
1354 3654 1566 3735 vii-ayo
1594 3653 1752 3730 viri,
1784 3672 1906 3713 sua
1949 3658 2093 3713 arte
2127 3649 2315 3711 effin-

93 3756 240 3820 gere
279 3766 420 3809 non
470 3749 876 3811 erubescant
907 3797 919 3810 .
962 3748 1075 3810 isti
1111 3748 1427 3811 versiculi
1455 3739 1697 3811 mimici
1726 3747 1820 3810 sic
1852 3746 2317 3831 distinguendi

93 3846 240 3901 sunt
269 3888 284 3916 ‚
329 3846 483 3929 quid
522 3857 606 3908 est
643 3846 749 3907 tibi
775 3846 892 3907 ista
919 3845 1194 3909 mulier?
1236 3849 1393 3909 uxor
1424 3894 1437 3907 .
1486 3845 1720 3909 Similis
1756 3868 1853 3907 me
1891 3846 2029 3907 dius
2058 3844 2280 3909 Fidius
2296 3873 2317 3909 .-

97 3928 399 4005 dicuntur
435 3950 660 4026 autem
690 3964 729 4005 a
758 3943 851 4006 M.
873 3943 1100 4007 Tullio
1129 3945 1491 4007 subabsurdi
1510 3993 1527 4024 ,
1560 3944 1717 4028 quia
1746 3943 2114 4007 similitudo
2148 3945 2314 4019 oriS‚

97 4049 257 4113 quae
286 4038 353 4101 in
385 4063 622 4127 sorore
651 4042 871 4105 locum
899 4043 1112 4108 habet
1134 4091 1148 4116 ‚
1189 4042 1476 4107 ridicule
1505 4043 1574 4105 in
1603 4063 1816 4105 uxore
1847 4042 2238 4128 agnoscitur
2259 4091 2273 4106 .

249 4133 390 4201 212.
423 4161 681 4204 cAELo
729 4163 1202 4204 STELLANTE
1249 4163 1562 4205 SERENA
1604 4140 1917 4204 SIDERA
1961 4162 2312 4203 RESPON-

97 4244 298 4293 DEN'r
341 4258 424 4299 IN
468 4259 687 4312 AQUA
732 4260 1210 4302 RADIANTIA
1254 4225 1563 4301 Munnl.
1609 4238 1866 4300 Durum
1901 4238 2170 4306 dicendi
2200 4256 2314 4321 ge-

100 4340 217 4387 nus
259 4350 475 4418 neque
517 4335 997 4399 Lucretianum
1028 4384 1042 4410 ‚
1098 4339 1307 4400 sidera
1348 4337 1414 4398 iu
1459 4329 1625 4422 aqua
1666 4337 2029 4419 respondent
2068 4335 2314 4413 muudi,

104 4423 338 4490 omisso
367 4434 661 4497 sideribus
693 4434 924 4498 dativo
958 4458 971 4496 ε
1017 4456 1171 4498 nam
1213 4435 1419 4497 sidera
1460 4435 1674 4497 mundi
1717 4441 1793 4495 ut
1837 4432 2316 4515 coniungamus

1801 4530 1912 4592 15⁹
