2840 5008
1148 373 1186 438 -’
1232 397 1331 462 vl
1382 420 1383 425 κ
2249 399 2385 465 423

143 574 314 637 Huic
348 574 614 658 aliquid
626 573 857 656 populo
886 583 1167 634 natorum
1180 594 1360 655 posse
1382 593 1685 634 meorum.
1718 569 1805 632 ad
1831 585 2197 633 extremum
2224 592 2386 654 quo-

138 671 349 735 modo
383 671 487 734 illi
515 671 755 753 optimi
777 669 1094 733 homines‘
1115 681 1402 733 certantes
1431 667 1725 732 redeunt?
1756 669 1869 752 qui
1894 667 2233 733 debebant
2251 671 2392 753 pri·

140 791 320 831 mum
349 769 554 832 exire
575 816 590 841 ‚
621 767 868 831 deinde
892 777 1155 831 certare
1176 816 1190 842 ,
1225 768 1514 852 denique
1540 766 1899 830 certamine
1922 766 2108 830 finito
2133 767 2354 831 redire
2372 778 2391 827 .”

137 867 311 930 haec
358 866 602 928 omnia
646 885 844 949 quam
876 865 1174 928 absurda
1204 874 1433 928 essent
1462 865 1680 928 nullus
1708 865 2153 947 interpretum
2184 865 2384 928 vidit:

134 985 314 1026 unus
359 963 712 1026 minimam
743 971 1001 1046 partem
1031 962 1380 1049 perspexit
1411 961 1747 1046 Tanaquil
1776 961 1995 1025 Faber
2019 1008 2033 1034 ‚
2078 963 2192 1045 qui
2235 984 2382 1026 cor-

135 1061 320 1124 rexit
365 1061 579 1146 Inque
622 1060 760 1123 aliis
802 1060 994 1123 alias,
1040 1061 1235 1125 nobis
1281 1064 1503 1122 autem
1526 1109 1542 1138 ,
1589 1062 1641 1122 si
1690 1081 1954 1123 versum
1980 1060 2183 1142 paulo
2228 1068 2382 1124 ante

136 1158 531 1241 sepositum
564 1157 698 1221 huc
728 1158 1269 1221 revocaverimus
1289 1206 1304 1228 ,
1334 1158 1564 1222 licebit
1586 1157 1902 1220 Lucretio
1937 1159 2230 1221 carmina
2260 1180 2382 1222 sua

141 1263 205 1319 et
249 1255 658 1320 dulcissima
698 1254 987 1318 reddere
1028 1256 1159 1319 hoc
1198 1256 1439 1320 modo,
1501 1258 1860 1337 Incomitata
1899 1258 2039 1340 rapi
2079 1279 2380 1320 omne-

140 1378 176 1415 B
194 1376 239 1416 A
253 1378 297 1416 N
312 1379 354 1417 'r
382 1355 639 1440 funera
676 1364 843 1416 vasta
866 1403 882 1432 ,
928 1355 1120 1441 Inque
1151 1356 1291 1418 aliis
1321 1357 1513 1419 aliam
1531 1357 1829 1440 populum
1856 1357 2107 1439 sepelire
2133 1378 2382 1419 suorum

147 1454 508 1516 Cer-tantos:
539 1453 812 1515 lacrimis
840 1454 984 1515 lassi
1014 1455 1293 1539 luctuque
1321 1454 1628 1517 redibant.
1663 1453 1918 1517 scilicet
1942 1453 2117 1516 omni
2146 1453 2381 1540 labore

130 1550 334 1613 ‘obito
350 1597 367 1624 ‚
395 1552 597 1613 ouius
618 1558 920 1614 extrema
935 1571 1095 1633 pars
1115 1558 1261 1614 erat
1283 1572 1446 1614 cura
1463 1550 1719 1615 funeris
1737 1600 1751 1626 ‚
1773 1550 2160 1634 foedissima
2179 1571 2378 1635 quae-

143 1669 275 1730 que
298 1647 450 1710 fieri
474 1647 806 1712 videbant
823 1696 839 1722 ‚
870 1647 1107 1711 funera
1138 1651 1434 1713 obscena
1457 1650 1601 1713 sine
1626 1651 1944 1723 comitatu
1966 1650 2255 1735 proripi,
2284 1649 2380 1711 in-

145 1768 276 1828 que
323 1745 481 1808 aliis
523 1743 869 1809 funeribus
912 1748 1106 1811 alium
1155 1769 1312 1811 suos
1360 1749 1664 1811 certatim
1710 1749 1990 1833 sepelire
2015 1773 2027 1811 ε
2075 1748 2179 1810 his
2219 1747 2381 1810 visis

142 1841 331 1906 luctu
365 1851 439 1906 et
467 1843 763 1906 lacrimis
794 1845 1056 1930 fatigati
1085 1845 1433 1908 redibant.

318 1941 502 2004 1249.
535 1965 555 2002 1
574 1965 617 2003 N
634 1964 655 2003 1
674 1964 711 2002 E
728 1964 762 2004 c
781 1965 820 2003 T
837 1965 877 2004 u
895 1965 937 2003 M
955 1991 968 2004 .
988 1943 1319 2004 Antonius
1340 1943 1537 2004 Marii
1559 1945 1630 2015 ine
1647 1944 1829 2006 letum
1851 1943 2169 2021 dabantur,
2196 1942 2380 2026 quod

147 2037 448 2101 debebat
480 2059 636 2101 esse
667 2048 784 2101 aut
814 2040 897 2102 ad
924 2040 1102 2101 letam
1135 2046 1249 2102 aut
1279 2041 1342 2102 in
1375 2039 1602 2101 Orcum
1627 2088 1637 2100 .
1675 2039 2001 2102 Marullus
2025 2040 2263 2102 Latine
2297 2063 2316 2100 1
2337 2063 2376 2100 N

146 2158 510 2199 unorum.
1959 2194 1984 2201 ,

313 2233 497 2296 1250.
538 2255 745 2307 QUEM
789 2255 1054 2308 NEQUE
1101 2256 1411 2297 Moneo,
1459 2234 1609 2297 Itali
1639 2256 1956 2298 nonnus
1984 2283 2014 2299 ..

320 2331 509 2394 1251.
540 2354 746 2393 TEMP
765 2353 911 2393 ORE
959 2353 1055 2394 TA
1074 2355 1148 2394 LI
1175 2381 1185 2395 .
1222 2332 1335 2395 Sic
1366 2333 1698 2416 oblongus
1724 2380 1738 2407 ‚
1769 2335 1793 2394 τ’
1823 2332 2049 2395 littera
2078 2333 2146 2394 in
2178 2331 2378 2394 litura

149 2429 407 2514 scripta
431 2451 473 2492 a
497 2436 914 2491 correctore.
941 2429 1312 2514 quadratus
1335 2433 1506 2509 team,
1531 2455 1570 2494 a
1594 2452 1798 2515 super
1821 2431 2047 2516 priore
2071 2456 2101 2494 e
2125 2431 2378 2513 scripta

148 2534 214 2589 et
243 2550 276 2589 c
307 2527 547 2591 deleta
574 2528 789 2610 prima
818 2549 1047 2591 manu.
1080 2525 1648 2613 perspicuum‘est
1677 2529 1744 2591 in
1769 2530 2146 2613 archetypo
2173 2517 2388 2591 fuisse

149 2647 391 2689 TALm
419 2676 435 2700 ‚
466 2634 551 2688 ut
580 2647 787 2710 supra
822 2627 979 2689 1143
1010 2630 1236 2691 ommi.

317 2725 505 2788 1256.
535 2723 953 2787 EXANIMIS
1000 2747 1284 2789 pomus
1331 2747 1618 2789 suren.
1666 2727 1778 2790 Sic
1811 2726 2175 2810 oblongus:
2210 2744 2373 2807 qua-

148 2820 385 2886 dratus
420 2822 759 2895 Exanimi,
791 2822 978 2885 cuius
1011 2832 1353 2888 corrector
1383 2823 1546 2886 fecit
1563 2827 1783 2907 pueri.

315 2920 503 2983 1260.
551 2941 975 2982 LANGUENs
1037 2941 1247 2994 QUEM
1310 2942 1720 2984 coNTUMT
1781 2941 2376 3004 AemconAizum

152 3016 256 3078 Co
279 3040 414 3080 r1A
466 3039 995 3079 ooNVENust
1041 3039 1144 3079 Ex
1189 3039 1385 3080 οΜΝι
1433 3041 1745 3081 monem
1768 3042 1802 3080 E
1849 3040 2102 3080 PARTE
2137 3063 2150 3077 .
2213 3015 2372 3078 Cor-

148 3121 374 3179 rector
407 3114 765 3199 quadrati,
794 3113 977 3187 Itali,
1011 3114 1282 3178 codices
1311 3117 1654 3198 impressi,
1687 3140 1731 3177 M
1750 3138 1934 3178 oum
1953 3138 1994 3176 D
2014 3137 2091 3176 A.
2135 3114 2269 3176 hoc
2299 3121 2375 3173 ut

149 3220 408 3277 certum
442 3220 553 3276 est
575 3262 590 3288 ,
630 3214 727 3276 ita
757 3214 1127 3277 orationem
1156 3214 1381 3299 inepte
1413 3222 1683 3288 onerat,
1716 3216 2004 3296 lanquens
2028 3213 2205 3295 copia
2235 3234 2374 3273 con-

147 3314 384 3375 veniens
425 3311 709 3374 ‘morbida
734 3359 745 3372 .
794 3332 954 3395 ergo
1000 3311 1186 3395 quod
1228 3312 1334 3375 his
1377 3320 1691 3396 superest
1714 3360 1728 3385 ,
1772 3312 2063 3394 lanquens
2082 3359 2099 3390 ,
2146 3311 2201 3372 si
2231 3309 2374 3372 fieri

150 3410 405 3490 poterit
427 3458 442 3483 ‚
492 3430 640 3492 cum
670 3410 1132 3491 superioribus
1164 3410 1643 3495 coniungemus
1669 3460 1683 3484 ‚
1716 3409 1958 3494 quibus
1990 3408 2185 3471 deest
2216 3408 2370 3470 sub-

150 3504 395 3570 iectum
416 3554 431 3580 ,
460 3508 596 3570 Nec
617 3508 933 3571 minimam
947 3520 1187 3593 partem
1211 3531 1286 3571 ex
1309 3511 1477 3593 ayris
1505 3510 1802 3572 maeroris
1830 3509 2108 3588 (meroris
2138 3505 2371 3569 oblon-

76 3665 83 3672 .
151 3604 297 3685 gns)
325 3606 395 3667 in
423 3605 634 3667 urbem
671 3605 1006 3693 Confluxit.
1042 3598 1231 3668 'ad'de
1271 3605 1379 3668 his
1425 3611 1713 3667 LARES:
1758 3604 2027 3685 utrique
2074 3602 2369 3664 membro

134 3702 532 3764 ‚consultum
579 3702 706 3763 erit
731 3750 743 3762 .
791 3710 860 3764 at
903 3703 1028 3763 viri
1061 3701 1246 3764 docti
1275 3703 1343 3763 in
1371 3702 1601 3783 priore
1629 3701 1988 3762 haerentes
2018 3699 2206 3761 varia
2233 3719 2371 3760 non

152 3798 404 3879 optime
450 3803 868 3878 temptarunt
907 3845 918 3858 .
956 3795 1295 3879 Hauptius
1339 3797 1406 3859 in
1449 3797 2032 3860 observationibus
2074 3818 2137 3879 p.
2156 3796 2236 3858 45
2277 3796 2373 3860 ita

150 3891 639 3978 interpretatur
684 3895 875 3977 quasi
924 3894 1249 3976 scriptum
1281 3895 1368 3956 sit
1398 3895 1535 3958 Nec
1562 3896 1797 3956 minimi
1824 3895 2122 3957 maeroris
2137 3897 2371 3979 partim

150 4010 225 4051 ex
254 3993 425 4076 ayris
453 3990 771 4078 confluxit,
802 4011 1017 4073 prope
1047 3997 1125 4051 ut
1146 3989 1511 4054 Lambinus
1532 4040 1545 4064 ‚
1579 3992 1690 4074 qui
1722 3992 2062 4055 scribebat
2092 3994 2229 4056 Nec
2256 3994 2367 4053 mi-
2410 4041 2418 4048 ,

153 4088 385 4150 nimum
414 4097 489 4152 e'x
519 4090 686 4173 ayris
704 4090 999 4151 maeroris
1010 4090 1248 4171 partim
1271 4088 1563 4176 confluxit
1577 4136 1592 4165 ,
1625 4094 1700 4149 ut
1721 4111 1829 4152 nec
1849 4091 2164 4152 minimum
2189 4097 2370 4151 esset

153 4194 208 4244 et
233 4187 442 4266 valde,
476 4186 560 4249 de
585 4208 719 4272 quo
744 4210 870 4251 usu
889 4186 1197 4249 Handius
1230 4188 1365 4273 egit
1394 4188 1461 4250 in
1482 4187 1838 4250 Turscllini
1863 4195 2041 4249 tomo
2067 4209 2143 4248 111
2166 4210 2227 4270 p.
2249 4186 2369 4248 615

157 4299 218 4340 n.
237 4280 276 4342 4
299 4328 313 4344 .
345 4283 471 4346 sed
503 4304 626 4368 ego
657 4308 1004 4349 maerorum
1022 4286 1257 4369 partim
1285 4284 1602 4369 intellego
1631 4334 1644 4358 ‚
1662 4287 1894 4368 partim
1921 4285 2220 4347 maeroris
2242 4283 2368 4346 La·

157 4375 295 4439 tine
329 4378 464 4443 dici
503 4402 638 4443 non
683 4383 886 4447 credo
915 4432 925 4444 .
975 4382 1103 4445 alio
1145 4381 1348 4450 modo
1392 4382 1567 4445 idem
1598 4383 1961 4445 Lambinus
2007 4406 2241 4445 macros
2285 4383 2367 4450 is
