2840 5008
563 351 702 419 314
1567 361 1575 370 ’
1638 355 1703 422 V

559 547 700 610 erqo
727 526 1021 590 videbitur
1043 528 1259 613 cuique
1278 530 1479 592 verius
1493 578 1513 608 ‚
1542 553 1609 593 eo
1631 537 1838 595 utatur
1853 581 1866 595 .
1895 533 2053 597 item
2068 534 2320 601 Paulus
2342 540 2498 604 mire
2514 587 2527 615 ,
2545 546 2704 625 parti-

558 623 733 707 cipio
755 645 921 687 usus
940 624 1009 687 in
1031 623 1426 690 condicione
1444 673 1460 702 ‚
1481 628 1550 691 in
1578 628 1619 691 1.
1643 628 1669 691 1
1694 628 1779 693 D.
1804 629 1890 694 de
1913 631 2156 698 divort.
2174 658 2362 713 mv,
2378 637 2416 700 2
2439 640 2706 704 Dirimitur

556 723 1008 786 matrimonium
1045 722 1301 789 divortio
1326 736 1518 790 morte
1547 729 1881 812 captivitate
1906 732 2003 794 vel
2026 733 2157 797 alia
2186 738 2549 821 continqente
2570 742 2706 802 servi-

555 831 675 885 tute
693 822 890 885 utrius
908 845 1118 886 eorum
1134 848 1156 885 .·
1174 823 1321 887 vult
1343 824 1516 888 enim
1539 825 1762 891 dicere
1784 829 1839 893 si
1856 831 2051 893 uir-ius
2070 854 2283 896 eorum
2313 836 2601 921 contiyerit
2617 860 2707 899 ser—

554 921 707 983 vitus
723 967 738 983 .
768 919 955 1005 quod
985 920 1195 1004 siquis
1224 923 1381 985 inter
1407 934 1579 987 utras
1604 925 1701 989 ita
1727 926 2285 1012 interpretabitur
2317 939 2398 995 ut
2420 932 2586 997 dicat
2603 955 2710 996 esse

554 1030 839 1104 utrasque
859 1066 877 1097 ‚
920 1019 1175 1083 errabit
1197 1068 1211 1083 .
1256 1019 1389 1085 hoc
1420 1021 1591 1085 enim
1621 1022 1826 1087 modo
1855 1046 1993 1089 non
2021 1034 2292 1094 veteres
2316 1079 2333 1106 ‚
2363 1039 2441 1095 ut
2467 1030 2711 1094 Draken-

553 1115 839 1182 borchio
870 1115 958 1180 ad
986 1115 1159 1181 Livii
1184 1141 1368 1193 xxvi,
1385 1119 1484 1198 39,
1504 1119 1585 1183 23
1613 1122 1831 1186 visum
1860 1130 1996 1199 est,
2036 1125 2244 1190 locuti
2274 1135 2440 1191 sunt
2460 1175 2475 1203 ,
2504 1127 2611 1191 sed
2633 1136 2713 1189 aut

555 1217 963 1281 recentiores
993 1223 1111 1279 aut
1137 1238 1334 1281 nemo
1353 1266 1366 1281 .
1398 1219 1626 1304 itaque
1650 1220 1996 1292 Paulusin
2026 1223 2064 1286 l.
2089 1225 2170 1288 34
2188 1248 2294 1309 pr.
2316 1226 2402 1289 D.
2429 1227 2513 1290 de
2536 1248 2589 1290 o.
2608 1232 2714 1288 eta.

554 1338 731 1389 xmv,
748 1316 787 1377 7
818 1317 1171 1400 scripsisse
1200 1315 1414 1380 fertur
1443 1329 1500 1382 et
1524 1320 1658 1384 ideo
1677 1333 1930 1404 possunt
1955 1334 2130 1386 utrae
2157 1337 2494 1409 competere
2513 1351 2532 1387 :
2568 1345 2714 1386 nemo

556 1413 776 1478 credit
805 1413 1129 1478 Varronis
1159 1436 1308 1479 esse
1338 1414 1425 1479 de
1452 1415 1681 1502 lingua
1708 1419 1951 1483 Latina
1979 1419 2153 1484 libro
2184 1445 2256 1485 ιχ
2286 1447 2354 1509 p.
2369 1423 2493 1486 477
2518 1425 2597 1486 sic
2617 1432 2717 1484 utra

554 1536 676 1575 esse
704 1514 875 1598 apud
898 1535 1006 1575 nos
1022 1559 1037 1587 ‚
1081 1521 1198 1576 aut
1219 1513 1435 1578 Vellei
1464 1514 1807 1579 Paterculi
1835 1519 2099 1581 alionum
2125 1522 2326 1583 utrius
2354 1521 2578 1583 ordinis
2600 1520 2717 1581 viro-

553 1634 692 1674 rum
718 1611 787 1674 in
817 1633 886 1684 11,
904 1610 1060 1687 34‚3
1085 1660 1099 1674 .
1143 1611 1267 1676 sed
1304 1613 1375 1676 in
1403 1613 1721 1679 Lucretio
1761 1616 1958 1680 nullis
2002 1639 2173 1702 opus
2204 1625 2313 1680 est
2345 1617 2716 1703 ambagibus:

552 1709 770 1793 ipsum
812 1710 985 1772 enim
1024 1709 1189 1773 illud
1227 1709 1615 1776 femininum
1644 1715 2127 1779 vocabulorum
2154 1735 2373 1800 genus
2403 1716 2513 1778 hic
2538 1714 2716 1777 vitium

554 1827 702 1871 esse
727 1806 1057 1870 ostendit:
1085 1818 1339 1873 naturas
1362 1811 1535 1874 enim
1561 1823 1731 1875 utras
1759 1819 1829 1875 et
1855 1824 2143 1876 naturam
2167 1824 2494 1900 utramque
2522 1812 2716 1875 extrin-

553 1925 749 1969 secus
768 1904 1018 1970 inferre
1037 1904 1453 1972 Wakefieldo
1474 1918 1543 1973 et
1560 1907 1812 1974 Orellio
1831 1909 1991 1974 licet
2005 1959 2019 1986 ‚
2041 1931 2180 1973 non
2198 1932 2371 1974 sano
2388 1907 2716 1993 interpreti.

550 2005 747 2068 nobis
764 2052 779 2079 ‚
808 2011 970 2088 post
999 2025 1079 2068 ea
1101 2026 1273 2089 quae
1297 2004 1645 2091 disputata
1674 2014 1835 2072 sunt
1862 2008 1951 2071 ad
1978 2009 2216 2073 librum
2248 2032 2320 2085 11,
2341 2010 2506 2084 518,
2527 2011 2715 2073 obscu-

552 2125 699 2167 rum
742 2124 892 2167 esse
932 2123 1071 2166 non
1113 2110 1343 2187 potest
1384 2111 1656 2188 poetam
1712 2105 1937 2169 dicere
1978 2108 2428 2193 Androyynum
2483 2127 2716 2170 mrsu·

550 2225 592 2266 u
608 2224 928 2278 TRAQUE
961 2223 1109 2267 esse
1127 2250 1141 2277 ‚
1172 2202 1305 2266 hoc
1336 2211 1443 2266 est
1468 2204 1539 2266 in
1566 2202 1788 2268 medio
1819 2205 2041 2289 spatio
2068 2226 2300 2269 eorum
2325 2227 2500 2291 quae
2525 2206 2589 2268 in
2614 2203 2715 2265 eius

548 2302 815 2364 nomine
862 2301 1288 2364 continentur
1328 2301 1624 2384 positum
1661 2351 1672 2364 .
1733 2309 1949 2365 restat
1987 2326 2097 2365 nec
2133 2314 2338 2367 utra-m
2395 2305 2576 2389 (nam
2609 2321 2715 2385 que,

550 2398 735 2483 quod
763 2398 869 2461 his
900 2396 1260 2471 adhaeret,
1291 2399 1744 2483 traiecimus):
1777 2398 1902 2463 sed
1922 2400 2287 2464 masculino
2316 2422 2562 2494 genere
2589 2416 2713 2481 opus

551 2504 688 2577 est,
716 2520 827 2561 nec
856 2519 1123 2561 urium
1142 2546 1156 2573 ‚
1186 2495 1320 2560 hoc
1351 2504 1458 2562 est
1485 2509 1541 2561 et
1564 2510 1844 2561 neutrum
1863 2547 1876 2560 .
1911 2507 2014 2562 est
2044 2499 2217 2563 enim
2239 2500 2335 2564 eis
2362 2521 2537 2586 quae
2557 2513 2714 2578 supra

551 2596 636 2660 de
664 2595 798 2659 hoc
828 2596 1221 2680 pronomine
1253 2595 1438 2680 quod
1469 2602 1572 2659 est
1598 2608 1732 2660 uter
1761 2596 2049 2661 diximus
2094 2596 2483 2662 addendum
2507 2646 2522 2671 ‚
2560 2611 2714 2680 posse

550 2696 612 2758 ei
638 2717 830 2780 neque
859 2694 1197 2780 praemitti
1238 2694 1335 2758 ita
1363 2702 1439 2758 ut
1467 2694 1573 2758 his
1604 2695 1979 2758 coniunctis
2011 2703 2080 2760 et
2108 2696 2512 2761 conectendi
2537 2694 2627 2757 vis
2645 2691 2715 2753 in-

550 2794 638 2855 sit
668 2801 735 2856 et
763 2792 1056 2877 negandi
1086 2791 1172 2855 de
1212 2799 1504 2877 utroque
1530 2843 1544 2855 .
1587 2794 1684 2856 sic
1721 2793 1869 2879 ipse
1898 2794 2252 2858 Lucretius
2278 2795 2351 2857 in
2383 2819 2474 2869 ιν,
2496 2790 2632 2856 1217
2657 2785 2716 2852 Et

547 2914 738 2977 neque
764 2901 967 2952 utrum
994 2893 1302 2974 superavit
1326 2914 1537 2954 eorum
1563 2914 1674 2955 nec
1699 2902 2101 2976 superatumst
2115 2941 2128 2955 .
2162 2889 2422 2956 Gellius
2444 2893 2602 2956 libro
2622 2882 2714 2957 11‚4

549 3014 687 3056 cum
714 3001 1031 3054 accusator
1052 3001 1108 3053 et
1131 3013 1272 3052 reus
1299 2991 1458 3053 duae
1485 3014 1584 3055 res
1603 2992 1781 3077 quasi
1809 3003 2109 3076 coqnatae
2125 2993 2583 3076 coniunctaeque
2603 2985 2713 3057 sint,

546 3115 739 3178 neque
767 3100 908 3152 utra
934 3089 1064 3151 sine
1090 3088 1286 3151 altera
1316 3100 1587 3152 constare
1606 3091 1826 3174 possit.
1850 3089 2101 3153 Paulus
2121 3090 2190 3152 in
2214 3089 2254 3151 l.
2277 3088 2398 3153 132
2422 3089 2502 3152 D.
2524 3087 2598 3151 dc
2616 3104 2662 3145 v.
2678 3101 2712 3141 S·

549 3214 605 3263 L,
645 3189 718 3252 16
762 3200 816 3252 ει
843 3188 1200 3252 consuetudo
1228 3187 1511 3274 loquendi
1538 3189 1608 3251 id
1631 3190 1717 3251 ila
1747 3212 1870 3252 esse
1897 3189 2172 3252 declarat
2187 3236 2205 3268 ‚
2250 3199 2390 3250 ante
2420 3189 2568 3251 diem
2591 3179 2710 3244 deci·

546 3310 713 3349 mum
751 3287 1153 3349 kalendarum
1174 3333 1191 3363 ,
1223 3298 1367 3370 post
1401 3287 1561 3350 diem
1588 3288 1887 3350 decimum
1913 3287 2316 3350 kalendarum
2338 3311 2361 3348 .·
2401 3307 2581 3370 neque
2612 3287 2712 3341 utro

548 3385 706 3447 enim
730 3405 1005 3446 sermone
1032 3383 1312 3446 undecim
1340 3385 1466 3447 dies
1491 3385 1908 3473 significantur
1925 3434 1938 3446 .
1986 3383 2171 3468 apud
2197 3383 2570 3449 Martialem
2590 3378 2646 3440 in
2667 3394 2708 3441 V,

547 3483 629 3546 20
653 3479 1207 3544 Schneidewinus
1230 3482 1420 3545 Nunc
1446 3483 1589 3546 vivit
1611 3506 1722 3546 nec
1749 3495 1882 3547 uter
1900 3484 2015 3546 sibi
2028 3507 2052 3564 ,·
2083 3481 2270 3567 quod
2292 3482 2350 3545 si
2372 3499 2588 3545 verum
2607 3477 2706 3539 esis

546 3577 1070 3666 intellegendum
1101 3586 1205 3643 est
1233 3580 1328 3643 ita
1350 3627 1365 3653 ‚
1407 3603 1485 3644 ne
1513 3582 1799 3645 alteruter
1826 3582 2067 3667 quidem
2090 3629 2104 3642 .
2147 3580 2482 3644 Asconius
2520 3574 2595 3640 ad
2615 3567 2705 3634 Mj-

547 3680 884 3744 Ionianam
912 3701 975 3763 p.
998 3678 1099 3753 42,
1123 3678 1197 3742 13
1226 3677 1397 3742 Bait.
1428 3680 1536 3742 sed
1560 3681 1648 3742 ita
1691 3681 1942 3743 constitit
1977 3689 2043 3742 ut
2084 3678 2349 3740 dia-imus
2364 3725 2382 3756 ,
2427 3699 2530 3740 nec
2560 3668 2708 3773 utriq&

548 3780 572 3861 (
583 3803 693 3843 nec
720 3781 1030 3864 utrimque
1056 3777 1242 3861 libri)
1273 3779 1519 3842 consilio
1535 3787 1879 3862 puqnatum
1909 3801 2030 3840 esse
2059 3800 2126 3840 eo
2155 3776 2253 3839 die
2274 3824 2289 3850 ‚
2333 3797 2534 3839 verum
2555 3779 2601 3833 et
2620 3762 2705 3846 (h-

548 3877 657 3940 bri
686 3878 773 3959 ei)
798 3875 967 3962 forte
994 3877 1326 3939 occurrisse
1352 3887 1409 3939 et
1435 3898 1510 3938 ex
1552 3875 1738 3960 (libri
1769 3899 1844 3940 ex
1872 3876 1979 3959 ea)
2017 3876 2161 3937 rixa
2187 3897 2499 3938 servorum
2522 3863 2709 3934 tandem

550 3977 635 4038 ad
667 3975 911 4037 caedem
939 3986 1294 4058 perventum
1317 4021 1332 4037 .
1377 3975 1689 4060 Hyginus
1721 3973 1806 4037 de
1834 3973 2153 4037 limitibus
2182 3994 2245 4056 p.
2275 3971 2409 4046 109,
2434 3972 2462 4034 1
2495 3965 2708 4032 videtur

550 4073 904 4157 scripsisse
933 4082 999 4134 ut
1023 4095 1217 4158 neque
1245 4073 1322 4136 ab
1351 4083 1487 4136 utro
1517 4096 1858 4158 possessore
1897 4081 2184 4156 tanyatur
2205 4096 2226 4132 .·
2267 4071 2421 4134 libri
2465 4079 2528 4132 ut
2561 4087 2621 4127 ne
2653 4053 2709 4119 ab

549 4185 685 4237 utro
727 4196 802 4234 ue
821 4221 834 4235 .

688 4196 855 4335 q84l.
879 4270 1006 4332 Mu
1024 4292 1114 4331 1.‘r
1130 4291 1184 4331 A.
1220 4289 1252 4330 s
1271 4291 1293 4330 1
1311 4290 1406 4330 NE
1455 4290 1494 4332 o
1514 4291 1603 4331 RE
1625 4317 1638 4331 .
1663 4267 1951 4353 Egregie
1970 4264 2343 4350 Naugerius
2367 4264 2598 4328 Mum
2616 4252 2710 4317 sine
