2840 5008
482 361 512 428 1
527 362 564 429 3
575 363 619 429 8
1538 363 1665 431 IIII

327 552 426 598 700
470 556 605 598 non
634 541 976 620 penetrat,
1000 554 1135 618 qua
1163 555 1300 598 vox
1328 535 1532 620 volgo
1563 536 1956 619 sonitusque
1982 533 2291 600 feruntur
2308 586 2322 599 .

473 670 679 734 quare
710 649 903 711 etiam
938 646 1122 732 quod
1152 649 1289 712 olet
1316 670 1452 712 non
1482 657 1618 713 tam
1646 649 1838 712 facilc
1870 670 2015 713 esse
2046 649 2307 714 videbis

468 764 868 847 investigare
894 763 963 825 in
994 783 1127 846 qua
1153 762 1242 825 sit
1268 764 1542 848 regione
1571 763 1891 827 locatum:

465 877 840 962 refrigescit
869 877 1040 940 enim
1070 876 1449 941 cunctando
1480 877 1678 963 plaga
1704 898 1826 961 per
1855 898 2082 953 auraS‚

466 1012 591 1055 nec
622 989 838 1054 calida
867 990 955 1054 ad
983 1012 1250 1055 sensum
1282 990 1648 1056 decurrunt
1674 991 1907 1054 nuntia
1932 1013 2181 1055 rerum.

326 1123 422 1169 705
469 1114 694 1170 errant
723 1126 925 1190 saepe
956 1127 1155 1170 canes
1183 1106 1411 1191 itaque
1443 1114 1511 1170 et
1544 1106 1821 1191 vestigia
1850 1115 2206 1190 quaerunt.

555 1219 737 1304 [Nec
764 1228 986 1284 tamen
1014 1219 1146 1283 hoc
1176 1220 1335 1282 solis
1363 1220 1431 1283 in
1464 1218 1783 1284 odoribus
1814 1228 2017 1304 atque
2048 1240 2364 1307 saporum

468 1336 535 1398 in
564 1342 908 1420 generest,
932 1331 1053 1398 sed
1080 1334 1237 1398 item
1267 1334 1529 1418 species
1557 1355 1778 1397 rerum
1809 1341 2011 1418 atque
2042 1334 2304 1398 colores

468 1471 607 1513 non
634 1450 728 1512 ita
757 1448 1162 1511 conveniunt
1191 1447 1278 1511 ad
1307 1468 1546 1511 sensus
1578 1448 1882 1510 omnibus
1915 1469 2143 1510 omnes
2166 1497 2180 1522 ‚

467 1571 541 1626 ut
569 1585 706 1626 non
735 1562 867 1626 sint
895 1563 1035 1625 aliis
1068 1561 1397 1646 quaedam
1425 1562 1635 1647 magis
1664 1561 1843 1625 acria
1870 1562 2049 1624 visu.

323 1694 423 1739 710
469 1677 628 1762 quin
658 1677 854 1739 ctiam
882 1676 1123 1762 gallum
1142 1724 1157 1749 ‚
1180 1683 1446 1739 noctem
1479 1673 2038 1762 explaudentibus
2069 1676 2187 1748 alis

467 1812 775 1855 auroram
805 1792 985 1855 clara
1013 1798 1403 1854 consuetum
1432 1811 1601 1853 voce
1627 1810 1900 1862 vocare,

465 1926 689 1969 noenu
718 1913 974 1992 queunt
999 1903 1216 1968 rabidi
1245 1911 1483 1968 contra
1512 1911 1822 1967 constare
1849 1902 2081 1966 leones

463 2020 665 2104 inque
695 2019 898 2085 tueri:
922 2021 1018 2084 ita
1048 2018 1363 2083 continuo
1392 2019 1750 2081 meminere
1777 2016 1990 2102 fugai,

462 2136 532 2198 ni
560 2135 791 2198 mirum
810 2184 825 2210 ‚
848 2135 1005 2219 quia
1033 2141 1190 2197 sunt
1217 2131 1542 2217 gallorum
1569 2133 1639 2196 in
1669 2152 1955 2216 corpore
1987 2130 2315 2215 quaedam

322 2265 419 2311 715
463 2251 712 2314 semina
730 2297 745 2322 ‚
768 2269 939 2333 quae
970 2269 1118 2310 cum
1148 2255 1306 2310 sunt
1334 2246 1544 2309 oculis
1572 2247 1842 2310 inmissa
1867 2246 2163 2317 leonum,

463 2364 749 2450 pupillas
778 2362 950 2425 inter
977 2359 1245 2424 fodiunt
1274 2381 1628 2444 acremque
1659 2359 1957 2424 dolorem

462 2479 790 2565 praebent
808 2528 822 2553 ‚
843 2484 923 2541 ut
949 2482 1289 2560 nequeant
1319 2481 1555 2539 contra
1584 2472 1826 2538 durare
1854 2472 2149 2549 fero'cesg

466 2616 615 2657 cum
644 2602 866 2658 tamen
893 2591 1062 2655 haec
1089 2597 1358 2654 nostras
1389 2591 1564 2655 acies
1594 2590 1688 2653 nil
1713 2588 1982 2652 laedere
2010 2589 2302 2673 possint,

463 2716 580 2772 aut
608 2708 765 2792 quia
790 2728 929 2770 non
956 2712 1312 2791 penetrant
1332 2753 1348 2780 ‚
1371 2713 1489 2769 aut
1519 2703 1703 2789 quod
1733 2704 2240 2789 penetrantibus
2267 2702 2394 2767 illis

320 2839 420 2885 720
466 2822 681 2885 exitus
712 2843 796 2884 ex
827 2820 1033 2885 oculis
1060 2819 1229 2883 liber
1260 2818 1460 2883 datur
1479 2868 1493 2894 ‚
1513 2820 1583 2882 in
1609 2817 2011 2882 remorando

461 2934 730 2999 laedere
757 2956 844 2998 ne
872 2934 1133 3021 possint
1164 2954 1249 2996 ex
1276 2934 1411 2996 ulla
1438 2933 1684 2996 lumina
1710 2932 1971 3016 parte.]

544 3049 744 3113 Nunc
774 3070 898 3135 age
918 3098 933 3124 ‚
956 3069 1129 3133 quae
1158 3054 1473 3110 moveant
1501 3047 1786 3109 animum
1812 3068 1923 3109 res
1953 3045 2179 3130 accipe
2197 3092 2212 3120 ‚
2237 3052 2307 3108 et
2332 3043 2512 3108 unde

466 3185 637 3250 quae
664 3164 942 3227 veniunt
967 3163 1240 3226 veniant
1266 3162 1334 3224 in
1363 3167 1651 3223 mentem
1680 3159 1953 3244 percipe
1981 3159 2241 3245 paucis,

463 3279 789 3365 principio
818 3278 952 3342 hoc
983 3276 1133 3341 dico
1153 3326 1167 3351 ‚
1191 3296 1413 3339 rerum
1443 3274 1794 3337 simulacra
1819 3273 2051 3358 vagari

319 3410 416 3456 725
459 3395 668 3458 multa
693 3392 910 3457 modis
938 3391 1161 3454 multis
1190 3392 1258 3453 in
1290 3397 1565 3453 cunctas
1596 3387 1891 3473 undique
1921 3387 2132 3471 partis

462 3508 685 3573 tenvia
706 3557 720 3583 ‚
742 3528 913 3592 quae
940 3504 1134 3568 facile
1161 3505 1337 3568 inter
1367 3523 1442 3566 se
1467 3503 1834 3587 iunguntur
1862 3501 1930 3563 in
1961 3500 2166 3575 aul-ie,

464 3623 662 3688 obvia
690 3644 839 3686 cum
867 3620 1143 3684 veniunt
1160 3668 1176 3695 ‚
1197 3626 1274 3682 ut
1302 3638 1546 3681 aranea
1572 3617 1970 3699 bratteaque
2001 3615 2177 3678 auri.

464 3738 712 3824 quippe
742 3736 982 3800 etenim
1007 3735 1216 3798 multo
1245 3733 1454 3818 magis
1483 3732 1652 3795 hacc
1680 3737 1836 3793 sunt
1864 3729 2090 3793 tenvia
2118 3736 2307 3792 textu

465 3872 664 3936 quam
692 3872 864 3934 quae
893 3850 1272 3936 percipiunt
1300 3848 1535 3912 oculos
1564 3846 1910 3929 visumque
1937 3844 2308 3915 lacessunt,

319 3982 418 4029 730
464 3965 766 4051 corporis
794 3964 964 4026 haec
994 3964 1306 4047 quoniam
1336 3968 1695 4048 penetrant
1723 3980 1843 4044 per
1871 3979 2026 4022 rara
2045 4006 2060 4031 ‚
2084 3957 2395 4040 cientque

433 4108 437 4112 ·
465 4088 729 4167 tenvem
759 4077 958 4141 animi
983 4087 1289 4139 naturam
1318 4076 1497 4140 intus
1528 4094 1929 4158 sensumque
1959 4073 2329 4135 lacessunt.

380 4332 393 4339 “
469 4332 566 4378 710
607 4324 745 4388 Qum
786 4325 806 4393 ΙΙ
845 4321 1288 4393 explondentibus
1326 4324 1345 4391 Ιξ
1384 4329 1479 4375 712
1518 4319 1687 4391 rapidi
1724 4322 1742 4389 ΙΙ
1785 4327 1880 4371 719
1919 4318 2049 4372 ilus.
2075 4315 2106 4385 4ΙΙ
2145 4323 2238 4369 721
2281 4316 2405 4369 villa
2441 4318 2461 4383 ll
2501 4322 2593 4368 730
2630 4330 2711 4364 ara
