2840 5008
560 412 695 478 164
1651 412 1709 477 V

550 587 848 650 sentibus
881 583 1207 660 obducat,
1238 588 1304 647 ni
1335 586 1437 649 vis
1466 586 1757 649 humana
1785 588 2056 651 resistat

550 700 708 764 vitai
739 698 1191 763 causa-valido
1224 711 1547 763 consueta
1575 699 1830 764 bidenti

546 816 878 900 ingemere
912 822 979 877 et
1006 822 1249 878 terram
1280 816 1533 899 pressis
1565 816 2001 900 proscind'ere
2033 820 2303 883 aratris.

402 937 499 994 210
546 931 602 993 si
630 952 767 995 non
794 927 1117 992 fecundas
1150 937 1491 992 vertentes
1521 952 1788 992 vomere
1822 930 2050 1014 glebas

545 1045 878 1129 terraique
908 1043 1118 1107 solum
1151 1043 1534 1126 subigentes
1566 1045 1770 1108 cimus
1803 1044 1890 1107 ad
1922 1052 2137 1120 ortuS‚

544 1171 787 1244 sponte
820 1180 940 1221 sua
969 1167 1310 1242 nequeant
1337 1158 1625 1242 liquidas
1659 1160 1944 1222 existere
1975 1161 2042 1222 in
2073 1182 2270 1224 auras
2290 1212 2303 1235 ‚

543 1282 610 1337 et
638 1283 862 1338 tamen
891 1274 1064 1336 inter
1098 1271 1250 1335 dum
1285 1294 1525 1357 magno
1557 1274 1857 1358 quaesita
1887 1274 2115 1338 labore

540 1410 690 1451 cum
717 1389 846 1451 iam
875 1410 997 1474 per
1026 1395 1240 1449 terras
1270 1387 1591 1451 frondent
1621 1397 1822 1472 atque
1855 1386 2071 1451 omnia
2099 1388 2372 1465 florent,

395 1521 492 1565 215
539 1510 655 1567 aut
683 1502 894 1565 nimiis
923 1510 1140 1565 torret
1167 1501 1543 1566 fervoribus
1575 1502 1911 1566 aetherius
1942 1502 2044 1566 sol

538 1627 654 1681 aut
682 1617 884 1680 subiti
910 1596 1262 1703 peremunt
1288 1617 1515 1681 imbris
1546 1616 1938 1702 gelidaeque
1972 1618 2274 1703 pruinae,

536 1733 879 1816 flabraque
910 1739 1261 1794 ventorum
1291 1732 1585 1795 violento
1617 1733 1883 1795 turbine
1915 1743 2188 1795 vexant.

534 1855 884 1933 praeterea
913 1868 1122 1932 genus
1151 1846 1550 1909 horriferum
1583 1854 1824 1910 natura
1845 1846 2135 1909 ferarum

535 1962 861 2024 humanae
893 1962 1073 2047 genti
1101 1961 1412 2024 infestum
1442 1969 1758 2045 terraque
1788 1962 2083 2046 marique

391 2093 487 2139 220
533 2099 651 2139 cur
680 2077 795 2140 alit
823 2085 1026 2162 atque
1058 2084 1257 2161 auget
1275 2076 1306 2137 Ρ
1331 2098 1450 2138 cur
1479 2076 1632 2138 anni
1663 2084 1968 2160 tempora
1997 2076 2267 2139 morbos

532 2200 878 2277 atportant
895 2192 926 2253 Ρ
951 2214 1157 2275 quare
1187 2213 1368 2254 mors
1397 2190 1728 2254 inmatura
1757 2201 2040 2275 vagatur
2056 2191 2089 2252 Ρ

528 2315 670 2370 tum
697 2327 903 2389 porro
936 2328 1102 2390 puer
1122 2356 1136 2382 ‚
1158 2314 1232 2369 ut
1262 2306 1478 2368 saevis
1507 2307 1846 2390 proiectus
1878 2305 1961 2368 ab
1993 2305 2191 2369 undis

531 2421 756 2485 navita
775 2470 790 2494 ‚
814 2418 1037 2483 nudus
1066 2420 1247 2483 humi
1277 2421 1481 2493 iacet,
1505 2419 1723 2484 infans
1744 2470 1757 2495 ‚
1778 2409 2042 2503 indigus
2075 2422 2251 2483 omni

527 2537 711 2600 vitali
740 2537 983 2599 auxilio
1003 2584 1018 2606 ,
1043 2556 1191 2597 cum
1220 2537 1503 2619 primum
1533 2535 1599 2596 in
1630 2534 1888 2597 luminis
1920 2556 2073 2598 oras

382 2667 477 2712 225
522 2651 786 2714 nixibus
819 2671 902 2712 ex
931 2649 1081 2713 alvo
1114 2649 1341 2712 matris
1371 2657 1612 2712 natura
1644 2647 1972 2732 profudit,

523 2765 884 2848 vagituque
915 2763 1129 2827 locum
1161 2763 1425 2848 lugubri
1458 2763 1778 2847 complet,
1802 2770 1875 2824 ut
1904 2775 2201 2827 aecumst

525 2878 629 2940 cui
657 2884 916 2940 tantum
943 2880 1010 2941 in
1039 2878 1178 2941 vita
1205 2886 1416 2941 restet
1446 2878 1728 2941 transire
1758 2878 2109 2941 malorum.

521 2998 592 3055 at
618 2991 843 3054 variae
875 3001 1188 3056 crescunt
1218 2991 1514 3078 pecudes
1546 3000 1846 3055 armenta
1875 2992 2215 3077 feraeque‚

518 3127 642 3168 nec
673 3106 1092 3190 crepitacillis
1125 3129 1294 3192 opus
1327 3114 1431 3170 est
1450 3155 1464 3181 ‚
1489 3128 1611 3169 nec
1644 3108 1948 3190 cuiquam
1979 3106 2432 3172 adhibendast

375 3236 471 3284 230
516 3220 725 3283 almae
754 3221 1027 3284 nutricis
1057 3220 1307 3284 blanda
1336 3229 1548 3306 atque
1568 3220 1852 3297 infracta
1880 3221 2201 3306 loquella,

517 3358 644 3399 nec
673 3336 891 3399 varias
924 3338 1255 3420 quaerunt
1283 3318 1507 3400 vestes
1537 3360 1661 3422 pro
1693 3346 1994 3422 tempore
2024 3337 2216 3414 caeli,

519 3450 808 3535 denique
837 3474 973 3514 non
1006 3452 1203 3513 armis
1235 3473 1405 3535 opus
1439 3459 1575 3527 est,
1596 3475 1731 3515 non
1762 3452 2108 3515 moenibus
2141 3452 2319 3526 altis,

512 3566 624 3650 qui
653 3587 774 3628 sua
804 3571 1103 3628 tutentur
1122 3613 1135 3638 ‚
1160 3564 1432 3648 quando
1466 3568 1769 3630 omnibus
1802 3567 2018 3629 omnia
2044 3566 2228 3650 large

507 3680 703 3744 tellus
733 3681 882 3766 ipsa
910 3681 1088 3764 parit
1113 3687 1489 3765 naturaque
1521 3679 1803 3743 daedala
1830 3690 2048 3744 rerum
2067 3682 2116 3763 .]

361 3809 456 3855 235
583 3794 921 3880 Principio
956 3795 1268 3878 quoniam
1298 3796 1501 3858 terrai
1534 3817 1779 3879 corpus
1813 3804 1877 3859 et
1905 3817 2096 3858 umor

500 3928 942 3993 aurarumque
972 3908 1153 3971 leves
1184 3911 1436 3973 animae
1469 3908 1808 3993 calidique
1828 3931 2115 3996 vapores
2134 3958 2147 3984 ,

501 4008 809 4107 equibus
840 4023 1007 4086 haec
1038 4044 1259 4086 rerum
1291 4025 1657 4087 consistere
1687 4047 1940 4088 summa
1970 4023 2235 4087 videtur
2254 4073 2267 4097 ‚

490 4307 588 4353 208
625 4300 853 4353 dibenti.
909 4302 928 4370 ΙΙ
985 4309 1082 4354 209
1120 4304 1273 4354 atris.
1335 4304 1354 4371 Η
1412 4312 1508 4356 211
1552 4304 1859 4374 Terraeque
1914 4305 1933 4373 Η
1990 4310 2086 4355 223
2126 4303 2377 4373 indignus
2436 4304 2457 4373 ΙΙ
2515 4312 2615 4357 227
2653 4316 2765 4358 rect

486 4384 769 4445 transii-est
807 4383 826 4451 ΙΙ
865 4391 962 4437 230
1000 4387 1162 4438 Arme
1200 4385 1219 4452 ΙΙ
1256 4385 1491 4455 loquela.
