2840 5008
1172 401 1272 476 VI
2206 408 2348 481 229

87 580 449 666 conspicias
482 579 773 644 hominis
793 628 809 655 ‚
832 580 905 643 fit
932 588 1011 644 ut
1040 581 1251 644 omnis
1284 581 1508 647 dicere
1540 602 1775 647 causas
1832 599 1836 602 ’
1873 576 1882 581 ’
1909 623 1918 628 ·

87 696 427 760 conveniat
458 695 615 771 leti,
641 693 902 759 dicatur
929 704 1006 759 ut
1033 695 1204 759 illius
1234 690 1398 759 una:
1439 688 1440 691 ¹
1834 689 1840 693 ’

86 831 220 872 nam
245 829 479 893 neque
513 827 660 872 eum
690 807 871 872 ferro
903 829 1027 872 nec
1055 810 1303 895 frigore
1333 811 1602 874 vincere
1632 811 1855 896 possis

84 923 401 986 interiisse
433 945 661 1007 neque
692 943 732 985 a
758 924 994 987 morbo
1027 945 1244 1009 neque
1274 925 1450 989 forte
1482 944 1740 989 veneno
1759 920 1778 1000 ‚'

49 1058 54 1095 u
87 1058 300 1100 verum
331 1036 597 1123 aliquid
626 1058 869 1122 genere
902 1059 1049 1101 esse
1080 1060 1164 1101 ex
1191 1038 1326 1103 hoc
1356 1037 1544 1125 quod
1572 1033 1851 1124 contigit
1864 1040 1940 1101 ‘ei

84 1140 308 1214 scimus
330 1151 535 1215 ‚item
566 1151 635 1214 in
664 1151 886 1215 multis
916 1152 1050 1215 hoc
1079 1154 1279 1216 rebus
1313 1151 1534 1216 dicere
1563 1154 1917 1218 habemus,

152 1265 339 1328 Nilus
369 1264 444 1328 in
475 1272 802 1330 aestatem
834 1267 1074 1330 crescit
1104 1267 1489 1352 campisque
1518 1266 1890 1343 redundat,

83 1378 296 1441 unicus
327 1379 397 1441 in
427 1379 633 1443 terris
662 1379 954 1466 Aegypti
985 1378 1192 1444 totius
1224 1380 1459 1446 amnis.

84 1493 131 1554 is
156 1493 326 1577 rigat
353 1493 747 1579 Aegyptum
776 1493 1061 1557 medium
1093 1516 1214 1579 per
1244 1515 1445 1579 saepe
1477 1494 1765 1557 calorem
1787 1544 1801 1570 ,

49 1622 55 1663 ἰ
88 1614 185 1669 aut
212 1608 368 1691 quia
399 1615 566 1671 sunt
595 1614 852 1671 aestate
882 1607 1231 1692 aquilones
1263 1609 1433 1671 ostia
1462 1606 1727 1688 contra,
1811 1622 1818 1627 “

87 1719 219 1780 anni
247 1727 564 1805 tempore
596 1742 676 1784 eo
708 1722 821 1807 qui
854 1722 1100 1786 etesiae
1132 1741 1280 1784 esse
1309 1722 1644 1798 feruntur,

92 1840 143 1894 et
169 1840 401 1898 contra
430 1834 706 1898 fluvium
735 1835 973 1898 flantes
1003 1843 1424 1918 remorantur
1454 1844 1522 1899 et
1550 1836 1768 1900 undas

91 1955 388 2030 cogentes
422 1971 662 2013 sursus
690 1950 952 2035 replent
982 1956 1363 2034 coguntque
1393 1970 1689 2014 manere.

91 2080 222 2122 nam
251 2061 459 2126 dubio
488 2063 730 2147 procul
757 2063 926 2127 haec
956 2061 1246 2128 adverso
1278 2062 1488 2127 flabra
1516 2064 1822 2128 feruntur

49 2186 62 2231 )
92 2170 330 2238 flumine
350 2225 365 2251 ‚
390 2197 569 2260 quae
598 2177 832 2263 gelidis
864 2179 946 2241 ab
979 2177 1187 2241 stellis
1218 2179 1361 2241 axis
1392 2174 1713 2263 aguntur:

92 2285 183 2349 ille
211 2310 290 2352 ex
320 2290 638 2354 aestifera
667 2292 841 2376 parti
871 2293 1052 2375 venit
1083 2292 1291 2355 amnis
1321 2293 1403 2357 ab
1436 2300 1668 2356 austro
1687 2341 1702 2367 ‚

97 2399 245 2464 inter
272 2404 465 2488 nigra
495 2406 711 2468 virum
737 2412 1057 2492 percocto
1090 2406 1313 2469 saecla
1341 2405 1567 2470 colore

99 2516 378 2583 exoriens
408 2520 682 2605 penitus
711 2519 928 2584 media
958 2520 1043 2584 ab
1072 2521 1346 2606 regione
1376 2519 1537 2583 diei.

101 2637 187 2691 est
212 2652 478 2718 quoque
509 2633 608 2697 uti
637 2634 854 2719 possit
882 2655 1160 2719 magnus
1191 2641 1552 2718 congestus
1580 2634 1870 2698 harenae

50 2753 69 2797 5
99 2739 377 2810 fluctibus
409 2746 718 2812 adversis
750 2748 1047 2832 oppilare
1077 2749 1251 2812 ostia
1282 2754 1545 2824 contra,

103 2875 228 2919 cum
253 2840 431 2925 mare
461 2869 835 2946 permotum
866 2863 1084 2927 ventis
1114 2864 1248 2926 ruit
1274 2860 1456 2926 intus
1486 2861 1836 2940 harenam3

107 2989 218 3051 quo
245 2973 318 3037 fit
344 2977 440 3039 uti
474 2984 676 3061 pacto
707 2976 873 3040 liber
900 2978 1114 3040 minus
1147 2977 1362 3040 exitus
1392 2976 1568 3039 amni

105 3089 161 3144 et
183 3088 486 3167 proclivis
515 3090 673 3153 item
698 3089 816 3153 fiat
845 3092 1059 3154 minus
1086 3090 1374 3174 impetus
1402 3090 1601 3154 undis
1618 3140 1631 3154 .

105 3193 166 3257 fit
190 3219 446 3287 quoque
475 3204 576 3267 uti
606 3203 868 3289 pluviae
887 3252 901 3278 ‚
924 3203 1155 3268 forsan
1175 3251 1190 3280 ,
1213 3205 1420 3290 magis
1452 3204 1539 3268 ad
1569 3213 1773 3292 caput
1804 3207 1861 3268 ei

49 3319 74 3364 Α)
104 3314 372 3397 tempore
404 3339 486 3382 eo
516 3317 713 3394 fiant,
738 3317 925 3402 quod
956 3319 1163 3383 etesia
1191 3318 1402 3383 flabra
1432 3319 1815 3403 aquilonum

106 3426 304 3492 nubila
333 3432 670 3497 coniciunt
698 3431 766 3494 in
799 3454 911 3497 eas
943 3442 1102 3497 tunc
1134 3433 1352 3497 omnia
1380 3431 1621 3519 partis:

111 3539 359 3621 scilicet,
382 3546 471 3611 ad
503 3544 786 3609 mediam
815 3547 1151 3632 regionem
1184 3547 1394 3611 eiecta
1426 3546 1554 3610 diei

112 3670 237 3716 cum
263 3668 716 3725 convenerunt
734 3709 749 3735 ‚
770 3660 980 3725 ibi‘ad
1009 3662 1181 3725 altos
1212 3659 1510 3746 denique
1528 3661 1772 3725 montis

115 3776 433 3838 contrusae
463 3776 679 3838 nubes
711 3782 1039 3860 coguntur
1067 3775 1268 3860 vique
1296 3776 1717 3861 premuntur.

49 3881 81 3927 ³5
112 3872 360 3950 forsitan
389 3888 795 3972 Aethiopum
822 3889 1092 3973 penitus
1124 3887 1208 3951 de
1241 3890 1576 3953 montibus
1607 3887 1759 3952 altis
1793 3917 1800 3920 ¹

127 4157 205 4207 7⁰8
236 4158 467 4235 Namque
519 4166 540 4236 ΙΙ
587 4172 697 4218 710
734 4166 929 4220 Utrum
966 4183 1163 4237 genere
1199 4166 1395 4237 aliquid
1443 4169 1464 4235 ΙΙ
1514 4166 1814 4219 contioitel.
1862 4166 1884 4234 ΙΙ
1930 4171 2027 4218 716
2077 4165 2269 4217 etesire
2315 4163 2336 4232 ΙΙ

126 4238 205 4288 719
236 4242 389 4299 flabro*
426 4250 447 4317 Η
487 4253 584 4300 723
623 4247 856 4302 Exorins
899 4249 919 4316 ΙΙ
957 4255 1053 4301 726
1091 4248 1173 4301 rui
1209 4247 1230 4318 ΙΙ
1267 4255 1364 4302 727
1404 4249 1597 4301 amnis.
1639 4248 1658 4316 ΙΙ
1695 4255 1793 4301 730
1832 4265 1934 4319 quo
