2840 5008
492 413 627 481 100
1562 414 1624 481 11

496 590 783 652 Utrumne
825 609 889 650 os
933 610 1012 649 an
1043 588 1243 650 culum
1274 587 1598 675 offacerem
1632 591 1894 653 Aemilio
1937 638 1948 652 .
1998 590 2268 654 tertium
2314 612 2524 678 genus
2567 614 2702 656 non

487 689 611 751 nisi
636 689 702 751 in
726 685 1210 772 monosyllabis
1233 686 1450 749 locum
1477 686 1685 752 habet
1718 711 1731 749 ε
1773 710 1992 773 neque
2017 688 2187 752 enim
2212 689 2470 754 Ennius
2493 692 2702 775 scrip-

389 807 399 817 ’
488 788 576 851 sit
612 787 731 865 Qui
758 796 883 848 tum
909 786 1182 848 vivebant
1221 786 1488 849 homines
1533 797 1711 872 atque
1752 810 1965 850 aevum
2009 789 2265 872 agebant
2282 837 2299 867 ,
2332 788 2456 851 sed
2488 787 2702 853 Gellio

487 893 662 948 teste
701 885 772 947 in
815 907 932 962 xn,
965 883 1005 946 2
1046 883 1308 947 Seneca
1342 884 1411 946 in
1451 884 1666 948 Bruto
1710 884 2054 948 Ciceronis
2097 886 2179 949 58
2220 887 2489 971 legebat
2528 898 2705 973 atque

488 1006 699 1047 aevum
740 983 1050 1067 agitabant
1081 1029 1093 1042 .
1136 982 1204 1045 in
1240 1003 1444 1045 versu
1467 983 1763 1047 Lucretii
1785 982 2001 1046 altero
2035 1007 2067 1046 e
2100 985 2518 1068 praepositio
2552 984 2704 1068 quia

487 1082 648 1145 ferri
680 1102 815 1143 non
846 1086 1079 1165 potest
1103 1128 1118 1155 ‚
1150 1079 1477 1142 Marullus
1509 1080 1783 1165 scripsit
1814 1092 1907 1160 at,
1930 1080 2396 1146 Wakefieldus
2426 1093 2520 1164 ετ,-
2543 1102 2702 1166 quo-

486 1202 630 1244 rum
662 1179 883 1242 neutri
910 1178 1100 1241 locus
1132 1185 1235 1262 est
1260 1177 1387 1241 nisi
1419 1176 1656 1242 addito
1685 1189 1826 1241 sunt
1852 1225 1868 1241 .
1897 1199 2105 1261 porro
2139 1180 2361 1242 levibus
2383 1191 2568 1266 atque
2599 1203 2701 1241 ru·

486 1278 679 1366 tchzdi'
705 1277 977 1340 admixta
1001 1273 1211 1337 simile
1237 1281 1342 1336 est
1361 1273 1493 1338 illis
1519 1274 1699 1358 apud
1724 1274 2091 1360 Vergilium
2122 1278 2441 1341 monstris
2478 1325 2493 1352 ‚
2536 1279 2703 1361 qua‘e

483 1375 851 1441 iandudum
880 1380 1247 1457 procurata
1276 1379 1436 1435 sunt
1459 1421 1474 1448 ‚
1511 1372 1766 1435 Limne
1804 1385 2089 1437 tectorum
2118 1386 2175 1437 et
2195 1375 2401 1438 ‘medii‘
2430 1376 2496 1437 in
2520 1399 2700 1459 pene-

487 1476 739 1540 tralibus
779 1474 1000 1537 hostem
1022 1519 1037 1545 ‚
1068 1472 1234 1534 Inter
1269 1496 1331 1534 se
1360 1474 1569 1535 coiisse
1609 1473 1753 1536 viro'
1796 1485 1852 1538 et
1888 1475 2207 1538 decernere
2230 1473 2415 1559 ferro
2438 1521 2451 1536 .
2484 1494 2700 1557 neque

485 1584 709 1638 tamen
739 1570 939 1634 scribi
968 1576 1200 1652 potest
1222 1618 1236 1644 ‚
1259 1576 1337 1632 ut
1358 1570 1649 1634 Marullo
1683 1578 1750 1634 et
1781 1572 2023 1635 ceteris
2051 1570 2304 1656 placuit
2321 1618 2336 1642 ‚
2359 1571 2589 1633 levibus
2617 1581 2700 1633 at-

486 1696 600 1758 que
629 1668 904 1733 rotundis
928 1668 1120 1729 mixta
1138 1691 1159 1729 .·
1181 1688 1330 1729 nam
1360 1667 1477 1731 illa
1502 1689 1794 1752 corpora
1814 1669 1964 1753 ipsa
1984 1668 2281 1731 rotunda
2302 1674 2464 1731 sunt
2481 1716 2498 1743 ,
2524 1674 2700 1732 certe

480 1770 727 1854 ylobosa
769 1765 893 1829 469
914 1813 929 1839 ‚
958 1785 1177 1849 neque
1221 1763 1498 1832 rotundis
1541 1767 1734 1829 mixta
1755 1814 1771 1842 ‚
1803 1765 1926 1830 sed
1964 1769 2156 1829 mixta
2215 1789 2437 1850 aspera
2483 1767 2702 1829 levibus

485 1867 601 1930 471
639 1914 653 1929 .
693 1866 923 1947 itaque
964 1861 1135 1926 haec
1165 1863 1410 1941 verba,
1443 1873 1621 1949 atque
1659 1865 1909 1927 rutundi
1929 1912 1951 1941 ,,
1978 1863 2275 1930 dubitari
2312 1885 2454 1927 non
2501 1863 2702 1927 debet

488 1966 649 2050 quin
678 1985 763 2028 ex
792 1964 1138 2047 superiore
1168 1982 1366 2025 versu
1396 1962 1571 2025 male
1610 1962 1948 2027 inculcata
1987 1962 2158 2027 sint:
2199 1961 2322 2025 sed
2360 1963 2432 2025 in
2476 1983 2700 2025 eorum

486 2065 706 2128 locum
740 2062 901 2148 quid
932 2060 1146 2126 suffici
1180 2059 1441 2126 'debeat
1482 2060 1928 2146 praeter‘sunt
1959 2110 1977 2140 ,
2020 2060 2206 2146 quod
2246 2060 2488 2124 deesse
2534 2060 2698 2132 dixi,

485 2163 651 2227 satis
682 2170 869 2225 certo
900 2157 1218 2223 constitui
1248 2180 1378 2220 non
1409 2165 1641 2242 potest
1672 2207 1684 2221 .
1723 2158 1854 2221 hoc
1884 2165 2107 2221 tamen
2140 2179 2474 2243 apparere
2501 2166 2698 2243 pute,

488 2284 634 2327 cum
662 2266 867 2345 pocta
893 2258 1006 2321 illa
1034 2257 1206 2320 levia
1247 2264 1451 2341 atque
1494 2256 1790 2320 rotunda
1828 2255 1982 2321 ideo
2026 2256 2259 2320 sudori
2297 2257 2501 2320 maris
2547 2278 2698 2324 con*—

486 2360 712 2424 venire
746 2356 1028 2420 dixisset
1056 2355 1219 2440 quod
1243 2366 1392 2417 esset
1395 2354 1672 2444 fluvidus
1689 2402 1703 2428 ‚
1726 2375 1904 2417 nunc
1927 2375 2202 2417 necesse
2223 2353 2433 2418 fuisse
2454 2362 2533 2417 ut
2558 2376 2697 2417 cor-

486 2479 656 2545 pora
686 2448 929 2540 aspera
959 2458 1028 2515 et
1055 2452 1339 2537 globosa
1370 2452 1431 2516 ei
1466 2476 1587 2517 non
1617 2476 1692 2517 ex
1721 2454 1930 2517 eadem
1960 2477 2148 2518 cauea
2183 2451 2424 2517 adesse
2456 2453 2695 2540 signifi-

490 2563 676 2622 caret
717 2605 730 2618 .
779 2573 987 2638 quare
1030 2550 1189 2613 mihi
1227 2549 1397 2613 haec
1442 2552 1843 2615 sententiam
1887 2552 2053 2615 satis
2095 2558 2280 2614 recte
2327 2553 2694 2637 exprimere

486 2655 835 2730 videntur,
859 2674 952 2713 ET
976 2648 1182 2712 levibu'
1207 2670 1377 2711 SUNT
1408 2671 1703 2712 Amnum?
1747 2650 1931 2735 (sive
1961 2651 2035 2712 de
2063 2650 2261 2733 terra)
2291 2651 2572 2733 admixta
2597 2652 2695 2714 do-

488 2752 634 2817 loris
665 2752 969 2833 Corpora.
1003 2767 1404 2831 quamquam
1434 2746 1532 2809 sic
1563 2769 1832 2832 quoque
1861 2747 2275 2810 mirationem
2303 2745 2568 2811 faciunt
2592 2747 2695 2811 illa

489 2834 714 2913 doloris
764 2848 1037 2930 Corpora
1067 2893 1085 2923 ,
1134 2865 1306 2928 quae
1346 2851 1504 2906 sunt
1542 2836 1924 2932 pungentia
1954 2867 2191 2908 sensus
2233 2852 2302 2908 et
2328 2845 2692 2910 laedentia.

487 2950 657 3012 haec
701 2944 759 3008 si
788 2936 905 3005 cui*
924 2951 1060 3006 tam
1088 2941 1386 3004 breviter
1417 2941 1551 3004 dici
1581 2945 1881 3026 potuisse
1910 2965 2046 3006 non
2076 2943 2494 3009 videbuntur
2513 2994 2531 3024 ,
2562 2947 2691 3009 lev-i-

489 3048 596 3109 bus
640 3061 909 3127 quoque
954 3062 1038 3103 ex
1078 3034 1288 3101 versu'
1321 3038 1550 3121 priore
1594 3038 1726 3102 huc
1778 3042 2128 3106 aberrasse
2186 3042 2691 3109 existimandum

491 3127 618 3209 erit
655 3137 670 3204 ε’
717 3139 937 3204 omnia
965 3135 1135 3199 enim
1167 3134 1368 3219 plana
1399 3143 1597 3198 erunt
1624 3184 1639 3208 ‚
1680 3137 1734 3199 si
1762 3137 1859 3200 ita
1887 3139 2255 3204 scribemus
2289 3188 2301 3201 .
2341 3141 2518 3203 Nam
2545 3139 2695 3226 quod

472 3241 744 3332 fluvidus
786 3250 870 3302 est
901 3287 918 3316 ‚
961 3260 992 3299 e
1034 3234 1254 3298 levibus
1295 3245 1473 3320 atque
1515 3236 1795 3298 rutundis
1825 3235 1939 3298 Est
1956 3285 1974 3315 ,
2006 3248 2060 3300 et
2098 3237 2388 3301 sensibu’
2424 3250 2563 3302 sunt
2585 3238 2688 3300 ali-

489 3337 949 3404 undeadmixta
980 3332 1198 3396 dolori
1237 3334 1510 3417 Corpora
1529 3382 1541 3395 .
2657 3356 2660 3359 ·

490 3458 495 3463 ·
582 3508 585 3509 ⁷
654 3425 794 3499 468.
825 3454 975 3496 unc
1007 3453 1277 3493 TAMEN
1310 3453 1521 3493 HAEC
1553 3453 1967 3493 ΒΕΤῙΝΕΒΕ
2003 3453 2278 3494 ιιΑΜΑΤ
2308 3452 2689 3497 unce-ssu,

490 3537 666 3602 Haec
708 3531 955 3596 omisso
1000 3529 1372 3614 quadratus
1414 3541 1584 3592 amat
1617 3556 1639 3592 .·
1681 3529 1831 3592 Itali
1873 3550 2203 3590 HAMATA
2244 3577 2257 3591 .
2313 3551 2691 3594 carmem

487 3627 853 3699 Lambinus
895 3627 1265 3693 secundum
1308 3649 1577 3690 versum
1608 3626 1750 3690 454.
1778 3649 2028 3689 necessu
2055 3647 2193 3689 non
2222 3626 2490 3690 videtur
2515 3627 2691 3690 Lati·

488 3755 644 3796 num
675 3728 824 3795 esse
857 3751 872 3793 :
918 3748 1054 3791 non
1085 3734 1307 3789 tamen
1339 3724 1587 3788 sufficit
1619 3772 1633 3799 ,
1676 3724 1862 3809 quod
1893 3723 2048 3786 olim
2076 3724 2384 3807 impressi
2415 3723 2690 3799 habent,

487 3828 793 3894 necessum
824 3875 842 3907 ,
885 3825 1071 3909 quod
1100 3823 1430 3887 Marullus
1470 3823 1641 3886 male
1684 3822 2029 3885 coniunxit
2074 3843 2221 3884 cum
2263 3821 2512 3886 Scilicet
2544 3847 2690 3887 esse.

486 3924 675 3991 recte
697 3925 1029 3987 Antonius
1051 3921 1250 3986 Marii
1275 3945 1509 3985 necesse
1533 3934 1618 3985 est
1634 3970 1651 4001 ,
1676 3921 1801 3984 nisi
1833 3919 2156 3983 malumus
2178 3943 2222 3982 u
2239 3943 2276 3982 E
2294 3942 2329 3983 c
2344 3943 2381 3983 E
2400 3936 2598 3985 ss'um
2613 3943 2693 3985 sr

490 4020 608 4087 aut
635 4016 959 4084 necessust.
986 4018 1126 4082 dixi
1156 4040 1364 4103 supra
1395 4017 1484 4081 ad
1511 4019 1753 4085 librum
1783 4041 1825 4094 1,
1853 4019 1963 4081 111
1988 4066 2000 4079 .

651 4117 794 4182 469.
827 4139 981 4181 cum
1027 4137 1443 4190 squamma
1493 4138 1857 4179 cousrssr
1882 4164 1895 4178 .
1930 4113 2102 4177 Olim
2123 4115 2690 4198 impressicous-

486 4241 731 4285 TENT.

647 4315 788 4379 471.
817 4312 932 4376 ΕΤ
966 4333 1174 4386 ouon
1206 4331 1469 4372 ΜΙΧΤΑ
1499 4332 1747 4374 rurus
1779 4308 2413 4373 MAG1S.Marullus
2438 4311 2688 4386 Etssouo

482 4416 715 4499 maqis.
750 4406 908 4474 ‘sed
952 4407 1145 4471 aliter
1186 4407 1413 4490 potius
1456 4407 1642 4492 loqui
1687 4410 1860 4473 solet
1901 4407 2205 4482 noster‚’
2236 4407 2688 4471 Wakefieldus
