2840 5008
534 391 666 460 102
1609 401 1671 475 11

527 564 1016 655 Oudendorpio
1059 570 1149 635 ad
1180 571 1436 637 Lucani
1477 574 1719 638 librum
1750 598 1813 649 x,
1830 576 1951 639 491
1997 578 2278 661 probari
2313 577 2486 641 dixit
2513 577 2714 643 Forbi-

524 684 646 749 ger
662 712 677 739 ‚
710 666 1127 732 mendacium
1146 669 1311 734 dicit
1332 694 1348 734 z
1377 671 1488 734 ille
1508 672 1681 735 enim
1695 674 2067 738 rectissime
2083 674 2450 759 legendum
2467 676 2717 740 coniecit

528 784 620 825 TA
637 785 673 826 c
692 786 783 825 TA
814 767 1011 829 colore
1029 815 1042 828 .
1889 789 1896 793 “

688 861 828 926 502.
884 864 1158 928 Auni-:A
1230 889 1609 931 PAVONUM
1681 892 1980 932 mom-1⁶1·
2052 893 2189 933 mn
2210 893 2363 933 u‘rA
2437 892 2716 934 neroni-2

529 957 855 1023 Sat-:cm
908 984 1120 1028 NovA
1174 986 1445 1028 annum
1492 987 1901 1030 summu-A
1946 989 2261 1032 cononis
2312 990 2717 1031 IACERENT.

528 1055 919 1135 Quadratus
940 1073 1227 1146 superata
1250 1064 1457 1128 colora
1487 1113 1501 1128 .
1535 1063 1937 1128 Franciscus
1960 1064 2263 1130 Medices
2295 1090 2377 1129 m
2392 1090 2434 1129 n
2449 1089 2487 1129 E
2502 1089 2544 1128 u
2559 1090 2595 1129 r
2609 1090 2629 1128 1
2653 1067 2716 1128 le-

514 1177 673 1238 pore
696 1162 765 1219 et
787 1181 830 1220 N
846 1179 946 1223 ov
962 1181 1001 1222 o
1024 1183 1233 1223 rerum
1255 1162 1453 1225 colore
1469 1210 1488 1240 ,
1508 1164 1845 1245 probante
1877 1170 1946 1226 et
1966 1163 2167 1228 valde
2194 1164 2524 1228 laudante
2542 1162 2716 1225 Petro

530 1253 836 1319 Victorio
855 1304 871 1331 ‚
896 1265 965 1321 et
994 1256 1265 1341 quidem
1282 1305 1299 1333 ‚
1320 1266 1398 1321 ut
1419 1267 1606 1323 recte
1629 1260 1994 1323 Lambinus
2011 1308 2026 1334 ,
2045 1255 2347 1325 ‘annotat
2377 1263 2446 1324 in
2474 1261 2625 1345 epist.
2646 1258 2718 1321 19.

528 1352 626 1416 lib.
663 1354 737 1418 15
756 1376 771 1417 t
790 1356 803 1379 '
832 1355 1162 1441 Forbiger
1181 1404 1199 1435 ,
1229 1364 1306 1421 ut
1325 1359 1556 1441 potius
1576 1360 1751 1423 bene
1779 1359 2036 1443 scripta
2063 1379 2275 1445 prave
2310 1355 2718 1441 descripsisse

529 1471 726 1534 quam
756 1451 904 1536 ipse
936 1453 1189 1538 aliquid
1221 1456 1635 1520 examinasse
1666 1464 2064 1541 argueretur
2084 1503 2100 1530 ‚
2119 1455 2306 1519 *haec
2350 1455 2592 1519 ficticia
2619 1473 2715 1537 po-

531 1549 667 1611 suit
683 1543 725 1623 ,⁰
740 1551 1035 1615 Victorius
1054 1553 1249 1636 Epist.
1263 1575 1372 1629 xv,
1396 1554 1472 1618 19
1491 1555 1521 1618 .'
1546 1555 1667 1619 sed
1686 1555 2052 1620 Lambinus
2076 1575 2227 1619 cum
2250 1554 2511 1637 optima
2532 1570 2716 1614 emen·

530 1644 802 1711 datione
824 1649 1149 1713 orationis
1172 1651 1439 1720 vincula
1458 1652 1607 1715 tolli
1628 1651 1892 1716 videret
1908 1700 1923 1726 ,
1943 1658 2102 1715 ante
2116 1654 2340 1715 Aurea
2359 1652 2431 1714 in
2450 1650 2576 1713 fine
2596 1668 2714 1711 ver·

529 1763 646 1806 sus
675 1745 945 1828 scripsit
974 1758 1031 1810 et
1041 1772 1065 1828 ;
1088 1769 1221 1832 quo
1250 1748 1402 1832 ipso
1432 1749 1599 1812 nihil
1628 1749 1847 1814 effecit
1873 1750 2002 1812 nisi
2029 1756 2111 1813 ut
2137 1754 2353 1832 poeta
2379 1745 2715 1812 barbaricis

528 1842 833 1907 vestibus
864 1851 932 1908 et
961 1867 1299 1929 purpurae
1333 1848 1747 1932 ineptissime
1778 1870 1983 1912 aurea
2010 1868 2354 1932 pavonum
2385 1844 2598 1909 saecla
2622 1840 2712 1905 ad-

529 1939 826 2004 iunxisse
854 1941 1205 2007 videretur
1227 1994 1240 2008 .
1262 1945 1397 2009 hoc
1430 1955 1614 2009 certe
1645 1947 2017 2010 evitaverat
2044 1944 2380 2008 Marullus
2397 1993 2415 2022 ,
2440 1963 2582 2007 cum
2607 1959 2713 2003 non

531 2037 696 2100 satis
725 2039 942 2124 perite
971 2041 1300 2105 scriberet
1328 2044 1469 2107 Iam
1498 2044 1604 2107 tibi
1804 2066 2119 2128 pavonum
2158 2044 2364 2106 rident
2402 2042 2617 2104 imbuta
2648 2039 2711 2101 le-

518 2158 679 2219 pore
690 2161 716 2218 ,·
749 2135 975 2203 Sedulo
1005 2162 1165 2225 quae
1182 2163 1402 2203 -rerum
1429 2151 1719 2225 superata
1746 2143 1943 2206 colore
1969 2142 2242 2204 iacerent
2260 2189 2273 2202 .
2306 2138 2550 2202 Petrus
2575 2135 2711 2198 Bur-

529 2255 811 2298 mannus
849 2235 938 2299 ad
958 2236 1350 2301 Petronium
1374 2237 1454 2301 55
1478 2260 1541 2321 p.
1561 2237 1681 2301 355
1704 2240 1923 2301 Aurea
1934 2260 2247 2321 pavonum
2274 2238 2499 2317 videnti
2521 2234 2710 2298 imbuta

530 2333 731 2416 lepore
761 2334 957 2418 Pepla
995 2383 1008 2396 .
1056 2334 1178 2398 sed
1220 2356 1304 2398 ne
1333 2334 1467 2398 hoc
1499 2333 1770 2419 quidem
1800 2333 1963 2400 ferri
1991 2341 2226 2419 potest
2254 2334 2387 2398 nisi
2414 2333 2523 2396 illo
2550 2331 2710 2394 Lam-
2783 2405 2784 2408 Ἴ

529 2429 800 2495 biniano
845 2444 903 2495 et
943 2432 1236 2497 admisso
1266 2479 1282 2507 ‚
1330 2432 1515 2518 quod
1558 2434 1629 2495 in
1672 2454 1989 2497 versuum
2029 2432 2572 2497 hexametrorum
2607 2427 2708 2490 fine

528 2551 784 2613 ponere
814 2531 974 2596 solis
1003 2532 1180 2596 inter
1206 2538 1449 2615 poetas
1480 2532 1768 2596 satiricis
1797 2532 1960 2594 licet
1989 2578 2004 2594 .
2038 2538 2299 2615 quanto
2328 2528 2571 2594 rectius
2596 2530 2711 2587 erat

527 2625 698 2691 haec
743 2631 965 2692 omnia
1009 2651 1156 2693 cum
1197 2629 1489 2693 Marullo
1534 2628 1624 2693 ad
1664 2649 2034 2715 purpuram
2075 2628 2340 2693 referre
2383 2677 2398 2703 ‚
2443 2623 2559 2691 sed
2605 2623 2709 2687 hoc

530 2725 732 2789 modo
755 2772 771 2799 ‚
802 2731 1017 2791 Aurea
1047 2777 1066 2807 ,
1087 2751 1402 2812 pavonum
1429 2728 1653 2791 ridenti
1682 2749 1803 2790 1M1
1821 2749 2015 2790 TA‘rA
2044 2728 2245 2811 lepore
2277 2726 2505 2792 Saea-la
2530 2771 2543 2785 .
2573 2720 2707 2783 haec

532 2823 702 2885 enim
730 2824 949 2887 locum
978 2825 1232 2899 habent
1263 2826 1332 2887 in
1359 2845 1664 2908 purpura
1694 2823 1906 2909 Tyrio
1939 2823 2151 2887 colori
2191 2824 2395 2888 simili
2426 2869 2442 2897 ,
2484 2819 2561 2883 de
2601 2834 2706 2900 quo

529 2920 786 2984 Plinius
826 2922 896 2983 in
938 2922 1111 2986 libro
1141 2923 1467 2986 naturalis
1497 2922 1820 2986 historiae
1844 2944 1933 2996 ix,
1956 2922 2055 2996 38,
2074 2922 2153 2985 62
2187 2923 2369 2987 Laus
2398 2922 2454 2985 ei
2477 2935 2706 2982 summa:

529 3020 595 3082 in
624 3020 822 3082 colore
849 3020 1160 3103 sanquinis
1190 3019 1452 3082 concreti
1477 3019 1787 3103 niyricans
1831 3020 2114 3104 adspectu
2155 3020 2437 3105 idemque
2471 3016 2704 3097 suspectu

529 3116 833 3203 refidqem
851 3165 864 3178 .
886 3140 1079 3180 aurea
1108 3123 1331 3179 autem
1358 3137 1662 3199 purpura
1679 3163 1694 3192 ‚
1717 3116 1791 3180 id
1813 3123 1919 3180 est
1949 3137 2113 3180 auro
2145 3124 2394 3179 ornata
2421 3113 2553 3176 sive
2571 3122 2702 3170 auro

530 3215 712 3298 picta
741 3263 756 3290 ‚
799 3217 1042 3280 iterum
1070 3261 1087 3289 ‚
1124 3214 1255 3278 nisi
1282 3213 1484 3278 fallor
1521 3261 1537 3289 ,
1580 3214 1895 3278 Lucretio
1947 3213 2194 3295 dicitur
2220 3213 2292 3277 in
2325 3232 2519 3278 versu
2541 3203 2702 3271 huius

530 3310 684 3376 libri
711 3312 834 3375 829
853 3361 867 3376 .
890 3314 963 3375 in
992 3337 1054 3387 v,
1075 3312 1237 3377 1428
1263 3314 1436 3376 vestis
1463 3311 1792 3397 Purpurea
1822 3323 2000 3397 atque
2028 3334 2184 3376 auro
2209 3312 2511 3396 signisque
2534 3307 2698 3386 inqen-

531 3411 686 3473 Iibus
715 3422 860 3495 apta
878 3460 891 3472 .
2087 3444 2090 3447 Α

696 3508 836 3573 504.
863 3507 975 3571 ΕΤ
1008 3530 1543 3572 CONTEMPTUS
1578 3531 1790 3572 unon
1820 3530 2077 3571 sunm
2100 3531 2136 3570 E
2158 3506 2520 3571 ‚Antonius
2538 3491 2697 3563 Marii

534 3616 602 3671 et
622 3606 992 3671 Brixiensis
1017 3605 1225 3670 e‘ditio
1251 3629 1290 3671 o
1305 3631 1347 3670 n
1366 3628 1405 3669 o
1423 3630 1464 3670 a
1489 3656 1502 3669 .
1534 3606 1867 3691 oblongus
1887 3607 2112 3669 smirne
2127 3654 2144 3686 ,
2167 3612 2407 3669 neuter
2425 3611 2673 3684 zmyrnae
2685 3633 2697 3646 ·

529 3730 783 3770 smarna
826 3714 930 3769 est
957 3706 1027 3768 in
1055 3705 1094 3769 1.
1117 3705 1193 3768 16
1213 3705 1247 3789 ξ
1267 3706 1302 3768 7
1322 3705 1403 3768 D.
1439 3704 1526 3769 de
1554 3704 1889 3789 publican.
1920 3726 2153 3778 xxxm,
2170 3705 2211 3769 4
2236 3753 2250 3768 .
2292 3704 2402 3768 alii
2432 3691 2697 3763 dixerunt

530 3828 811 3868 murram
843 3830 863 3867 .·
916 3806 1013 3868 ita
1069 3804 1240 3868 enim
1282 3802 1687 3867 vocabulum
1746 3801 2066 3886 scriptum
2115 3802 2431 3868 exhibent
2472 3788 2696 3857 codices

531 3900 787 3980 Plauti,
812 3901 1144 3966 Varronis
1173 3901 1298 3985 (de
1328 3901 1554 3984 lingua
1582 3899 1828 3963 Latina
1856 3921 1923 3962 v1
1946 3922 2009 3983 p.
2029 3898 2229 3983 264),
2258 3893 2539 3962 Horatii,
2558 3883 2697 3949 Ver·

355 4012 374 4032 ·
420 4048 425 4053 .
532 3996 706 4082 gilii,
739 3998 1116 4082 Propertii,
1146 3999 1339 4062 Plinii
1368 4046 1385 4078 ,
1416 3998 1750 4061 Martialis
1789 4045 1805 4072 ‚
1845 4017 2067 4081 neque
2108 3997 2305 4060 aliam
2346 3991 2697 4072 scripturam

531 4096 914 4159 Priscianus
943 4105 1264 4160 noverat.
1294 4097 1364 4159 in
1395 4095 1893 4179 euangeliorum
1915 4094 2309 4158 Latinorum
2338 4087 2554 4156 codice
2578 4096 2696 4141 sae-

534 4195 665 4258 culi
693 4196 855 4259 noni
884 4217 1019 4258 uno
1047 4218 1324 4282 myrram
1353 4192 1560 4256 semel
1581 4193 1805 4256 inveni
1821 4242 1838 4272 ,
1859 4194 1931 4256 in
1955 4192 2436 4278 antiquioribus
2459 4183 2695 4278 alteruin

535 4301 924 4357 constanter
955 4293 1279 4376 scriptum
1318 4338 1331 4352 .
1369 4302 1684 4353 muro-atae
1721 4293 1985 4375 potionis
2016 4292 2085 4353 in
2117 4285 2462 4353 duodecim
2491 4267 2697 4339 tabuhs

532 4392 932 4455 mentionem
972 4390 1179 4453 fuisse
1210 4388 1433 4451 Varro
1466 4388 1663 4451 testis
1696 4396 1799 4452 cst
1830 4387 2016 4470 apud
2042 4387 2312 4451 Festum
2351 4405 2410 4465 p.
2443 4375 2573 4441 158:
2599 4358 2696 4429 Sed
