2840 5008
1216 345 1317 412 VI
2251 344 2398 412 2311

23 538 71 582 55
112 519 403 582 naribus
433 516 734 602 alipedes
762 522 838 579 ut
868 517 1048 581 cervi
1077 538 1278 602 saepe
1306 523 1630 602 putantur

120 632 378 695 ducere
410 632 495 695 de
524 631 800 695 latebris
831 631 1169 716 serpentia
1199 632 1418 695 saecla
1446 630 1765 694 ferarum.

120 745 310 830 quod
339 745 584 830 procul
613 767 654 807 a
680 764 842 807 vera
873 766 1071 828 quam
1103 745 1190 808 sit
1218 745 1478 808 ratione
1507 744 1849 828 repulsum

120 859 432 943 percipe:
454 878 611 923 nam
642 855 726 919 de
754 878 827 920 re
856 879 1034 920 nunc
1060 858 1209 944 ipsa
1238 857 1460 921 dicere
1494 878 1735 921 conor.

24 1052 25 1071 Χ
197 972 546 1056 Principio
578 971 711 1033 hoc
743 969 893 1034 dico
914 1019 929 1046 ,
954 969 1147 1055 quod¹
1171 971 1308 1035 dixi
1337 993 1539 1059 saepe
1570 992 1839 1055 quoque
1868 977 2052 1045 ante,

23 1084 85 1153 770
123 1087 188 1147 in
217 1093 408 1149 terra
439 1086 763 1169 cuiusque
792 1085 974 1147 modi
1000 1105 1217 1147 rerum
1248 1107 1393 1148 esse
1420 1086 1703 1170 figuras3

24 1186 27 1221 *
126 1198 332 1262 multa
351 1247 366 1273 ,
391 1199 541 1263 cibo
574 1220 746 1283 quae
776 1206 932 1262 sunt
949 1195 1210 1274 ‚'vitalia
1228 1248 1243 1274 ,
1270 1199 1609 1283 multaque
1628 1247 1643 1274 ,
1665 1199 1935 1261 morbos

126 1315 427 1376 incutere
462 1321 532 1376 et
558 1320 841 1376 mortem
871 1334 1042 1397 quae
1070 1313 1334 1399 possint
1363 1311 1775 1375 adcelerare.

131 1433 194 1490 et
221 1428 431 1512 magis
464 1448 610 1493 esse
641 1427 782 1490 aliis
813 1427 971 1490 alias
1003 1425 1442 1489 animantibus
1473 1432 1666 1511 aptas

124 1562 229 1602 res
261 1539 351 1604 ad
379 1541 541 1605 vitai
571 1541 896 1604 rationem
927 1538 1340 1603 ostendimus
1371 1536 1526 1602 ante

44 1669 89 1714 75
128 1661 407 1740 propter
439 1653 819 1717 dissimilem
847 1661 1152 1717 naturam
1183 1653 1651 1737 dissimilisque

127 1774 425 1831 texturas
455 1769 629 1830 inter
661 1787 808 1830 sese
837 1767 1218 1851 primasque
1246 1767 1492 1852 figuras
1511 1816 1524 1829 .

130 1882 332 1944 multa
361 1889 582 1945 meant
609 1881 871 1947 inimica
900 1903 1022 1966 per
1054 1881 1231 1944 auris
1252 1929 1266 1955 ‚
1291 1880 1499 1953 multa
1526 1902 1649 1965 per
1679 1881 1860 1964 ipsas

131 1994 460 2058 insinuant
489 1995 668 2058 naris
697 1994 941 2058 infesta
970 2001 1170 2079 atque
1198 2015 1443 2079 aspera
1472 1993 1716 2056 adactu
1736 2042 1750 2068 ,

130 2130 249 2171 nec
279 2116 431 2171 sunt
458 2109 663 2171 multa
689 2129 925 2193 parum
955 2116 1139 2174 tactu
1170 2107 1445 2172 vitanda
1473 2127 1693 2190 neque
1722 2111 1944 2169 autem

50 2237 99 2283 80
137 2230 402 2307 aspectu
429 2220 748 2306 fugienda
778 2233 1153 2306 saporeque
1184 2223 1404 2286 tristia
1434 2241 1604 2305 quae
1635 2219 1798 2282 sint.

28 2366 35 2451 Ι
209 2335 462 2398 Deinde
492 2334 721 2400 videre
750 2335 908 2398 licet
939 2356 1135 2419 quam
1165 2336 1409 2399 multae
1440 2335 1574 2421 sint
1598 2332 1851 2395 homini
1880 2354 1988 2428 res

139 2450 363 2513 acriter
390 2448 632 2513 infesto
664 2470 863 2512 sensu
895 2471 1311 2535 spurcaeque
1340 2467 1749 2535 gravesque3

30 2567 39 2670 Ι
140 2563 469 2626 arboribus
499 2564 781 2648 primum
812 2563 1010 2627 certis
1040 2566 1262 2649 gravis
1293 2565 1529 2627 umbra
1557 2564 1807 2635 tributa

32 2691 37 2772 fl
139 2697 334 2759 usque
362 2675 534 2740 adeo
554 2726 569 2752 ‚
594 2678 828 2763 capitis
857 2677 1105 2740 faciant
1130 2685 1206 2741 ut
1236 2699 1437 2764 saepe
1470 2676 1774 2751 dolores,

32 2787 105 2874 &85
141 2789 326 2873 siquis
359 2811 469 2854 eas
501 2797 733 2874 supter
760 2791 966 2855 iacuit
994 2798 1378 2877 prostratus
1407 2792 1473 2853 in
1503 2790 1760 2854 herbis,

32 2885 41 3000 ᾗ
147 2911 234 2965 est
261 2905 448 2967 etiam
478 2905 732 2989 magnis
763 2905 1107 2968 Heliconis
1138 2905 1474 2969 montibus
1504 2905 1707 2967 arbos

32 3015 41 3198 ὁ
144 3015 302 3081 floris
331 3017 544 3081 odore
573 3018 906 3081 hominem
935 3025 1152 3082 taetro
1185 3025 1507 3082 consueta
1534 3038 1804 3080 necare.
1832 3063 1839 3072 .

147 3130 406 3205 seilicet,
428 3131 598 3195 haec
626 3131 779 3199 ideo
812 3132 1008 3195 terris
1040 3153 1123 3194 ex
1153 3132 1371 3195 omnia
1401 3139 1687 3217 surgunt

146 3244 326 3308 multa
349 3244 566 3308 modis
598 3246 819 3309 multis
846 3246 1201 3309 multa-rum
1231 3247 1482 3309 semina
1508 3267 1726 3308 rerum
1744 3293 1759 3319 ‚

69 3369 112 3416 90
147 3357 308 3440 quod
332 3360 666 3443 permixta
693 3360 867 3445 gerit
896 3360 1092 3423 tellus
1124 3358 1550 3443 discretaque
1581 3357 1821 3423 tradit.

146 3481 657 3557 nocturnumque
685 3495 919 3537 recens
952 3473 1317 3537 extinctum
1343 3475 1565 3537 lumen
1594 3474 1706 3536 ubi
1736 3474 1873 3536 acri

145 3585 352 3650 nidore
384 3585 662 3650 offendit
688 3608 888 3650 nares
907 3636 922 3663 ,
948 3587 1257 3672 consopit
1284 3586 1558 3652 ibidem.

55 3708 116 3757 794
148 3708 569 3785 castoreoque
599 3702 789 3785 gravi
816 3701 1050 3764 mulier
1079 3701 1681 3788 sopita‘recumbin

149 3821 204 3876 et
228 3815 521 3877 manibus
551 3812 835 3876 nitidum
862 3817 1110 3878 teneris
1142 3838 1314 3899 opus
1347 3815 1554 3878 effluit
1586 3815 1674 3887 ei,
1728 3796 1731 3801 ¹

151 3933 422 4014 tempore
455 3948 535 3990 eo
568 3928 623 3991 si
653 3927 1003 3993 odoratast
1033 3951 1165 4014 quo
1196 3937 1539 3993 menstrua
1570 3927 1799 3991 solvit.

157 4208 233 4254 767
276 4222 398 4258 vere
443 4205 463 4274 ΙΙ
512 4212 611 4259 770
661 4205 915 4275 culusque
963 4207 982 4275 ΙΙ
1031 4212 1127 4259 771
1187 4223 1323 4275 eque
1367 4206 1387 4274 ΙΙ
1440 4213 1537 4259 777
1586 4223 1740 4258 auras
1787 4206 1807 4274 ΙΙ
1854 4209 1952 4257 778
1999 4209 2167 4255 tactu.
2218 4201 2237 4267 ΙΙ
2285 4206 2381 4251 780

158 4286 342 4341 tristitia
377 4288 397 4357 ΙΙ
436 4294 532 4342 787
573 4295 786 4342 uetare.
825 4288 845 4356 ΙΙ
882 4294 980 4341 788
1018 4288 1175 4340 indeo
1210 4290 1310 4342 tris
1347 4288 1367 4356 ΙΙ
1405 4294 1501 4341 791
1543 4289 1707 4343 661ἰ3.
