2840 5008
535 392 672 461 170
1593 396 1689 465 111

526 568 846 632 vertisset
873 614 889 642 ‚
937 567 1052 652 qui
1082 574 1241 632 ante
1266 567 1512 633 librum
1542 577 1855 654 quartum
1877 619 1893 648 ‚
1925 593 2060 657 quo
2090 572 2179 637 de
2207 573 2590 638 simulacris
2617 575 2761 640 dis-

526 667 794 751 putavit
810 715 826 741 ,
846 666 1090 730 horum
1109 686 1195 731 ne
1217 667 1483 732 nomine
1506 668 1778 753 quidem
1799 671 1899 734 uti
1917 670 2211 735 voluerit
2228 720 2243 734 .
2267 694 2429 736 nam
2452 676 2762 757 quamvis

525 765 819 830 Lucilius
849 813 864 841 ‚
902 764 1147 830 doctus
1175 764 1379 828 homo
1400 814 1416 841 ‚
1442 767 1638 851 quasi
1665 765 1752 831 de
1783 788 1856 832 re
1884 774 2051 833 nota
2080 768 2371 835 dixisset
2399 771 2639 836 Eidola
2663 784 2759 835 at-

525 888 642 951 que
669 875 900 928 atomus
926 866 1165 929 vincere
1187 864 1453 950 mom-2·
1477 867 1677 930 vola-m
1704 866 1914 951 (apud
1935 866 2231 931 Nonium
2250 891 2319 953 p.
2335 869 2508 955 478),
2533 878 2760 934 tamen

524 960 659 1028 hoc
699 962 879 1028 idem
921 963 1208 1050 physica
1252 961 1605 1029 docentem
1646 986 1785 1030 non
1826 964 2160 1031 decebat.
2191 964 2500 1032 ceterum
2530 990 2619 1032 ex
2647 990 2760 1031 eo-

526 1062 680 1128 dem
700 1062 938 1127 Lucilii
957 1063 1131 1128 libro
1154 1085 1372 1127 xxvm
1389 1061 1653 1128 Nonius
1677 1064 1809 1128 alia
1829 1064 2162 1149 quaedam
2185 1065 2280 1130 ad
2296 1066 2760 1151 philosophos

524 1163 935 1247 pertinentia.
963 1162 1258 1263 rettulit.
1288 1184 1353 1246 p.
1370 1161 1512 1238 237,
1530 1163 1570 1226 6
1601 1163 1917 1228 Socratem
1964 1164 2232 1243 Quidam
2269 1176 2539 1252 tyranno
2584 1167 2761 1229 misse

524 1264 909 1348 Adstippzun
937 1249 1283 1325 autumant.
1310 1260 1397 1326 de
1415 1261 1810 1327 Xenocrate
1835 1285 1900 1347 p.
1918 1263 2060 1339 410,
2079 1264 2116 1327 7
2137 1265 2317 1329 Adde
2347 1265 2598 1343 eodem,
2622 1266 2756 1327 tris-

525 1364 600 1425 tis
631 1384 705 1426 ac
742 1384 980 1425 severus
1011 1360 1455 1445 philosophus.
1503 1360 1588 1424 de
1621 1361 1860 1426 eodem
1886 1385 1949 1447 p.
1973 1362 2098 1426 414
2128 1363 2465 1428 Polemona
2494 1364 2756 1428 amavit.

523 1471 713 1525 morte
740 1459 881 1523 kuic
909 1461 1242 1523 transmint
1261 1481 1441 1523 suam
1470 1459 1732 1525 Scholen
1760 1484 1947 1547 quam
1975 1462 2217 1543 dicunt.
2251 1460 2434 1525 adde
2456 1461 2756 1525 Nonium

525 1584 590 1645 p.
606 1559 749 1633 280,
776 1557 850 1621 lO
880 1556 1022 1631 318,
1042 1557 1121 1621 18
1150 1556 1292 1631 289,
1310 1556 1425 1632 26,
1446 1558 1748 1623 Probum
1776 1557 1867 1622 ad
1899 1558 2020 1624 ecl.
2035 1582 2102 1644 p.
2126 1557 2219 1635 18,
2245 1560 2319 1623 16
2338 1608 2353 1622 .

689 1655 832 1720 431.
862 1653 1093 1735 Quoi)
1139 1677 1393 1720 onnus
1440 1679 1527 1719 IN
1572 1678 1876 1722 somnus
1905 1704 1922 1731 ‚
1954 1680 2226 1722 sorim
2270 1680 2410 1722 UBI
2459 1680 2755 1721 cnum-

525 1776 675 1818 uus
717 1775 923 1817 Anti-A
963 1752 1358 1816 EXALARE
1402 1775 1714 1820 uronis:
1758 1776 2109 1821 AL‘rAluA
2152 1778 2574 1832 rsnnnoun
2621 1778 2755 1819 ru-

524 1875 691 1917 mum
716 1900 733 1916 .
766 1850 879 1915 Ad
898 1852 1138 1916 librum
1160 1874 1231 1928 11,
1253 1852 1373 1916 194
1396 1851 1601 1916 docui
1619 1853 1861 1917 Latine
1882 1875 2021 1918 non
2043 1853 2177 1918 dici
2207 1854 2387 1933 Quod
2398 1877 2599 1939 yenus
2618 1855 2756 1932 ubi,
2813 1918 2814 1921 ,

522 1951 651 2017 sed
687 1952 867 2032 Quod
885 1974 1076 2036 yenus
1103 1963 1190 2016 est
1209 1952 1313 2015 ubi
1341 2002 1354 2015 .
1397 1960 1757 2036 praeterea
1783 1952 2140 2017 Lucretius
2182 1952 2339 2018 alibi
2380 1953 2560 2017 dixit
2591 1956 2756 2039 sopi-
2813 2018 2814 2025 ,

524 2065 649 2117 mm
676 2053 869 2138 quiete
885 2100 902 2131 ,
926 2052 1039 2115 leto
1055 2099 1072 2129 ,
1097 2062 1362 2115 castoreo
1382 2097 1397 2112 .
1424 2071 1586 2137 ergo
1614 2050 1726 2115 hic
1755 2050 2187 2115 scribendum
2215 2059 2321 2115 est
2357 2051 2540 2130 Quod
2559 2074 2757 2137 yenus

523 2174 667 2215 Esr
696 2198 713 2226 ‚
745 2151 969 2215 somnis
994 2152 1174 2235 sopiti
1200 2150 1305 2213 ubi
1334 2151 1634 2213 cernimus
1656 2198 1670 2212 .
1702 2149 1828 2213 sed
1853 2171 2061 2233 porro
2094 2151 2220 2214 alta
2248 2150 2478 2214 altana
2503 2150 2755 2213 nimiae
2813 2194 2814 2205 η

523 2250 967 2334 simplicitatis
1010 2248 1302 2333 speciem
1342 2249 1678 2331 praebent
1717 2294 1733 2322 ‚
1777 2268 1998 2332 neque
2039 2247 2354 2332 intellego
2402 2248 2754 2331 quomodo

524 2349 754 2413 altaria
764 2347 1243 2434 ferantfumwm
1262 2395 1277 2409 .
1307 2346 1539 2429 itaque
1569 2393 1584 2420 ‚
1614 2351 1693 2408 ut
1722 2343 2031 2410 dematur
2062 2345 2249 2430 quod
2278 2354 2597 2430 superest
2628 2394 2644 2421 ‚
2685 2355 2755 2410 et

526 2447 713 2535 quod
741 2446 938 2512 deest
960 2442 1504 2530 reprehendatur
1533 2492 1547 2519 ‚
1580 2442 1904 2509 faciemus
1933 2466 2135 2508 Arm-2
2167 2445 2283 2510 ubi
2312 2451 2418 2508 est
2447 2447 2612 2526 alta,
2635 2447 2755 2511 alte

523 2549 814 2613 exhalare
826 2547 1125 2634 ferreque
1155 2591 1170 2606 .
1207 2551 1555 2627 postremo
1583 2542 1654 2605 in
1681 2541 1855 2607 libro
1886 2565 1949 2618 v,
1966 2539 2087 2607 253
2121 2552 2224 2607 est
2252 2544 2534 2607 Pulveris
2560 2544 2754 2609 exha-

525 2639 615 2711 lat
629 2647 912 2710 nebulam
927 2692 945 2722 ,
961 2644 1124 2707 item
1145 2642 1267 2707 463
1291 2642 1573 2707 Exalare
1595 2642 1764 2705 lacu-s·
1782 2642 2095 2722 nebulam,
2120 2641 2281 2707 alibi
2300 2642 2572 2706 similia:
2600 2644 2751 2728 quis

523 2766 683 2831 ergo
727 2765 865 2807 non
910 2742 1148 2807 credat
1188 2748 1459 2828 poetam
1501 2742 1614 2805 hic
1656 2741 2009 2825 scripsisse
2051 2741 2333 2806 Exalare
2371 2762 2750 2806 VAPonEm

521 2845 749 2908 altaria
775 2841 806 2905 2
837 2841 1235 2925 praesertim
1280 2862 1431 2903 cum
1475 2839 1715 2903 eodem
1756 2837 1960 2902 modo
2007 2860 2240 2903 omnes
2279 2838 2554 2903 locutos
2598 2860 2745 2904 esse

521 2945 793 3005 constet
812 2987 830 3018 ,
859 2939 988 3002 nisi
1018 2936 1206 3023 quod
1236 2958 1320 3000 ex
1349 2936 1551 3000 Statii
1580 2936 1975 3001 Thebaidos
2002 2959 2066 3011 x,
2089 2937 2209 3002 108
2248 2944 2532 3002 notatur
2563 2938 2743 3003 exha-

519 3043 650 3105 lant
672 3049 853 3103 vestes
882 3036 1193 3101 absolute
1222 3034 1517 3119 positum
1540 3083 1554 3098 .
1575 3055 1797 3119 neque
1823 3033 1896 3098 in
1917 3032 2146 3099 Ovidii
2172 3036 2622 3121 metamorph.
2637 3059 2743 3108 xv,

519 3139 643 3205 528
684 3136 849 3201 mihi
887 3135 1052 3199 satis
1090 3134 1443 3218 proprium
1470 3132 1743 3197 videtur
1766 3133 2123 3220 fessamque
2160 3135 2393 3199 videres
2423 3135 2744 3200 Exhalare

520 3239 794 3302 animam
809 3285 825 3314 ‚
851 3232 1039 3320 quod
1058 3232 1399 3319 Hauptius
1419 3232 1491 3295 in
1515 3231 2105 3297 observationibus
2136 3233 2389 3299 criticis
2409 3255 2476 3318 p.
2495 3234 2580 3298 23
2610 3234 2740 3298 for·

519 3344 706 3401 tasse
752 3332 1027 3397 defendi
1068 3353 1275 3418 posse
1320 3331 1483 3394 dicit
1526 3354 1541 3394 z
1598 3331 1693 3396 ibi
1739 3352 1823 3394 ex
1866 3331 2347 3416 antiquissimis
2392 3334 2739 3398 codicibus

518 3431 795 3499 Heinsii
804 3430 1296 3518 Neapolitanus
1324 3429 1537 3495 habet
1566 3429 1946 3508 Exhalare,
1994 3430 2307 3495 Εωήαἰανί
2333 3431 2634 3496 Urbinas
2678 3439 2741 3495 et

518 3534 1121 3617 Berneggeranus.
1169 3535 1470 3593 ceterum
1509 3529 1550 3591 h
1591 3528 1886 3593 litteram
1938 3528 2010 3592 in
2054 3550 2392 3594 consensu
2438 3532 2740 3597 codicum

519 3643 654 3697 non
682 3629 950 3695 infe'ro.
978 3629 1227 3694 exalare
1256 3626 1590 3713 oblongus
1620 3627 1806 3691 solus
1839 3651 1907 3702 11,
1924 3629 2048 3692 417
2079 3650 2140 3704 v,
2159 3628 2281 3693 253
2310 3651 2400 3704 v1‚
2417 3630 2565 3705 811,
2584 3650 2737 3715 qua-

521 3734 761 3797 dratus
790 3731 1013 3795 alantis
1040 3751 1129 3804 vl,
1147 3726 1264 3790 221
1303 3734 1373 3790 et
1400 3727 1749 3791 exaltantw·
1777 3749 1865 3801 ιν,
1883 3727 2039 3790 864.

683 3829 822 3893 437.
856 3830 1183 3908 Caeneo
1217 3846 1576 3890 ΑΝῙΜΑΜ.
1599 3824 1751 3888 Itali
1781 3825 1895 3889 et
1878 3826 2194 3910 impressi
2218 3826 2526 3890 Cimon.

684 3925 824 3989 438.
857 3924 1113 3990 Omns
1142 3974 1158 4002 ‚
1193 3948 1289 3988 Er
1322 3946 1593 3988 ornus
1623 3944 2009 3987 n1ss0LV1
2043 3944 2423 3988 conronA
2458 3947 2736 3989 rann.

520 4025 578 4089 O
598 4049 632 4088 c
649 4048 672 4087 1
686 4047 728 4087 U
742 4047 775 4087 s
794 4032 1142 4088 corrector
1163 4023 1479 4109 quadrati
1497 4029 1567 4086 et
1581 4023 1892 4106 impressi
1910 4071 1924 4085 .
1942 4030 2085 4086 tum
2101 4045 2177 4085 ac
2191 4021 2525 4106 impressi,
2541 4024 2738 4087 male.

518 4145 726 4210 porro
767 4131 1115 4188 corrector
1157 4123 1475 4208 quadrati
1504 4123 1748 4185 dissolvi
1791 4145 1873 4185 m
1915 4145 2176 4206 corpora
2195 4122 2410 4206 prima
2438 4170 2457 4200 ,
2492 4122 2736 4206 perite:

518 4232 897 4289 ceterorum
937 4222 1160 4285 nullus
1205 4222 1379 4286 vidit
1415 4269 1431 4296 ‚
1480 4219 1605 4284 sed
1631 4219 2096 4284 Wakefieldus
2139 4241 2288 4283 eum
2329 4227 2521 4284 recte
2554 4243 2730 4286 secu-

518 4331 629 4391 t-us
661 4330 799 4387 est.

681 4421 820 4483 441.
872 4419 1041 4483 Cum
1075 4442 1490 4482 conmssnr:
1525 4442 1822 4494 NEQmT
1851 4468 1862 4481 .
1894 4419 2079 4482 Bene
2108 4417 2437 4482 Marullus
2471 4419 2732 4508 QUAN-
