2840 5008
1188 408 1219 473 Ι

75 585 390 672 principiis
422 605 660 647 rerum
690 581 976 665 spatium
1008 587 1403 666 tempusque
1432 581 1611 665 fugai

74 699 304 783 largiri,
326 708 407 762 ut
439 699 715 784 possint
744 719 783 759 a
814 704 1011 758 coetu
1041 695 1248 758 libera
1277 694 1468 758 ferri.

77 833 254 896 quare
287 814 494 876 etiam
529 820 733 895 atque
766 811 962 872 etiam
993 810 1277 873 suboriri
1306 810 1514 872 multa
1541 818 1917 880 necessest,

31 944 53 989 ο
78 936 367 989 ettamen
396 934 481 989 ut
513 926 753 1011 plagae
785 946 1056 1009 quoque
1088 925 1348 1010 possint
1378 932 1740 1009 suppetere
1768 925 1955 1010 ipsae
1974 973 1987 997 ‚

70 1042 288 1104 infinita
320 1063 504 1126 opus
544 1047 647 1103 est
676 1040 776 1103 vis
807 1038 1104 1123 undique
1134 1040 1426 1102 materiai
1451 1088 1463 1100 .

139 1154 295 1218 Illud
325 1157 395 1217 in
425 1155 544 1217 his
576 1156 776 1218 rebus
806 1154 1004 1239 longe
1034 1153 1189 1238 fuge
1221 1153 1498 1216 credere
1518 1202 1534 1228 ,
1558 1153 1821 1216 Memmi
1840 1203 1854 1223 ,

75 1272 130 1330 in
153 1269 429 1332 medium
465 1291 765 1332 summae
797 1268 983 1353 quod
1013 1267 1244 1331 dicunt
1275 1268 1494 1330 omnia
1520 1268 1668 1341 niti,

79 1392 252 1468 atque
278 1384 436 1448 ideo
470 1383 710 1447 mundi
738 1390 1042 1446 naturam
1076 1389 1256 1446 stare
1289 1382 1431 1444 sine
1460 1382 1610 1444 ullis

31 1515 57 1557 o
78 1499 285 1561 ictibus
319 1499 628 1561 externis
660 1519 875 1581 neque
908 1518 1249 1581 quoquam
1278 1518 1483 1581 posse
1514 1497 1759 1559 resolvi

81 1636 299 1676 summa
327 1622 545 1697 atque
578 1613 738 1687 ima,
766 1612 950 1696 quod
976 1612 1044 1673 in
1074 1610 1361 1673 medium
1392 1612 1527 1674 sint
1556 1612 1774 1673 omnia
1805 1612 1985 1685 nixa3

80 1726 262 1810 ipsum
292 1729 346 1790 si
381 1728 749 1812 quicquam
782 1748 983 1813 posse
1012 1727 1081 1788 in
1111 1747 1183 1788 se
1214 1726 1451 1788 sistere
1484 1725 1733 1797 crediS‚

80 1850 135 1902 et
159 1862 315 1924 quae
342 1841 665 1926 pondera
695 1849 851 1904 sunt
881 1842 1005 1903 sub
1039 1841 1235 1904 terris
1267 1841 1486 1903 omnia
1517 1862 1778 1903 sursum

48 2030 53 2031 ἶ
81 1953 244 2039 nitier
272 1957 339 2018 in
370 1964 701 2040 terraque
730 1963 913 2019 retro
944 1956 1366 2039 requiescere
1398 1962 1628 2039 posta.

31 2080 56 2153 Ὀ
80 2076 139 2130 ut
163 2092 268 2153 per
299 2092 517 2156 aquas
553 2092 727 2154 quae
758 2092 933 2132 nunc
956 2054 1181 2132 'rerum
1214 2070 1564 2132 simulacra
1590 2068 1892 2133 videmus
1913 2119 1927 2144 ‚

83 2181 327 2247 adsimili
355 2187 630 2248 ratione
662 2185 963 2248 animalia
992 2205 1209 2269 suppa
1236 2184 1464 2268 vagari

83 2299 468 2363 contendunt
488 2349 503 2375 ‚
527 2320 755 2383 neque
783 2321 985 2383 posse
1016 2321 1051 2361 e
1082 2299 1279 2362 terris
1308 2299 1377 2360 in
1408 2299 1557 2361 loca
1587 2299 1749 2361 caeli

32 2466 35 2510 ‡
85 2412 386 2476 reccidere
417 2414 747 2477 inferiora
775 2415 982 2499 magis
1017 2437 1213 2498 quam
1246 2436 1535 2500 corpora
1563 2423 1800 2477 nostra

85 2535 292 2609 sponte
322 2551 446 2592 sua
476 2529 753 2615 possint
778 2530 846 2592 in
878 2531 1039 2593 caeli
1072 2532 1317 2614 templa
1346 2532 1608 2594 volare:
1685 2513 1691 2520 ⁸

31 2649 67 2694 ⁵5
90 2638 162 2700 illi
187 2662 319 2705 cum
349 2644 647 2706 videant
676 2643 876 2707 solem
899 2693 913 2718 ‚
938 2666 1064 2707 nos
1097 2644 1320 2708 sidera
1348 2645 1567 2708 noctis

89 2774 320 2819 cernere
339 2807 353 2831 ,
380 2766 449 2821 et
481 2758 765 2821 alternis
794 2760 1142 2821 nobiscum
1173 2767 1479 2844 tempora
1509 2759 1672 2821 caeli

91 2864 349 2933 dividere
383 2880 453 2935 et
483 2879 728 2934 noctes
758 2873 984 2957 parilis
1016 2875 1267 2957 agitare
1300 2873 1566 2937 diebus.

32 3049 33 3058 χ
91 2981 186 3043 sed
210 3006 414 3049 vanus
448 2984 720 3050 stolidis
750 2987 918 3049 haec
966 3021 974 3029 ·
1395 2963 1416 2983 ’

90 3099 333 3181 amplexi
363 3100 566 3186 quod
594 3101 848 3164 habent
874 3124 1041 3186 perv

32 3213 71 3264 10
93 3228 213 3272 nam
238 3214 526 3279 medium
560 3216 653 3277 nil
683 3237 828 3279 esse
860 3225 1085 3301 potest

95 3320 305 3400 infinita
325 3377 339 3391 .
359 3351 592 3415 neque
627 3329 889 3392 omnino
910 3379 924 3402 ‚
951 3330 1007 3391 si
1035 3329 1162 3389 iam
1192 3324 1479 3388 medium
1511 3326 1628 3398 sit,

32 3425 33 3428 ¹
92 3441 266 3515 possit
293 3444 382 3507 ibi
414 3445 782 3529 quicquam
814 3441 1180 3504 consistere

94 3570 251 3631 quam
281 3560 522 3640 quavis
557 3557 684 3620 alio
717 3557 914 3640 longe
944 3556 1205 3617 ratione

94 3668 266 3731 omnis
297 3672 469 3733 enirn
500 3670 695 3732 locus
719 3690 796 3731 ac
828 3670 1112 3753 spatium
1132 3718 1146 3744 ,
1173 3667 1360 3752 quod.
1386 3668 1587 3730 inane
1617 3690 1931 3731 vocamus
1949 3716 1962 3740 ‚

32 3771 70 3872 f5
93 3796 184 3856 per
208 3770 485 3847 mediurn
508 3833 523 3858 ‚
551 3804 674 3867 per
704 3795 838 3845 non
868 3782 1154 3848 medium
1173 3833 1187 3857 ‚
1213 3782 1586 3846 concedere
1618 3782 1819 3845 debet

32 3981 33 3986 η
96 3909 264 3976 aeque
292 3897 717 3982 ponderibus
736 3945 752 3970 ‚
776 3905 999 3960 motus
1025 3920 1158 3981 qua
1191 3919 1474 3981 cumque
1504 3896 1839 3959 feruntur.

98 4091 281 4103 ‘Q—*N

32 4129 35 4190 t

2232 409 2321 474 37

103 4206 200 4254 1047
244 4207 569 4281 Principium
631 4209 650 4276 ΙΙ
713 4215 835 4259 1061
892 4209 964 4262 Et
1015 4211 1167 4262 simili
1223 4210 1243 4279 ΙΙ
1304 4215 1430 4261 1068
1485 4208 1715 4261 stollidis
1773 4210 1792 4279 ΙΙ
1854 4216 1975 4260 1071
2029 4207 2252 4276 denique
2303 4209 2321 4274 ΙΙ

99 4285 284 4340 medium
317 4294 385 4345 sit
421 4302 651 4347 omissa.
692 4289 713 4357 ΙΙ
776 4298 899 4342 1073
938 4293 1037 4344 alia
1080 4292 1099 4360 ΙΙ
1158 4299 1284 4344 1074
1322 4292 1465 4361 quod
1502 4294 1582 4343 in.
1634 4290 1652 4360 ΙΙ
1701 4309 1948 4344 vocamus
1987 4298 2251 4343 omissum.
2300 4288 2319 4356 ΙΙ

106 4370 204 4418 1075
238 4370 385 4427 debet
421 4383 704 4428 omissum.
747 4372 765 4440 Η
806 4380 930 4425 1076
969 4375 1170 4443 Aequis
