2840 5008
398 411 486 480 18
652 405 728 438 “’
1506 413 1537 479 Ι

389 605 513 647 nec
542 606 664 671 per
694 604 766 648 se
799 605 1191 669 quemquam
1220 591 1485 669 tempus
1517 586 1762 649 sentire
1789 585 2201 653 fatendumst

392 706 718 763 semotum
747 699 830 763 ab
862 720 1082 763 rerum
1111 707 1295 763 motu
1324 698 1724 785 placidaque
1755 701 2010 795 quiete.

390 812 675 898 denique
706 812 1163 900 Tyndaridem
1193 820 1458 899 raptam
1486 813 1795 898 belloque
1825 816 2142 879 subactas

243 944 340 989 465
385 928 824 1013 Troiiugenas
856 928 1072 1012 gentis
1104 948 1250 992 cum
1284 926 1516 992 dicunt
1547 948 1693 992 esse
1713 977 1727 1003 ‚
1748 927 2178 993 videndumst

385 1064 469 1105 ne
496 1043 673 1106 forte
702 1042 870 1105 haec
898 1062 1021 1126 per
1052 1062 1123 1105 se
1155 1050 1399 1126 cogant
1426 1063 1552 1112 nos
1584 1063 1732 1105 esse
1760 1041 1988 1116 fateri,
2013 1021 2028 1028 ο

385 1156 657 1241 quando
689 1177 765 1219 ea
795 1157 1015 1219 saecla
1040 1155 1382 1219 hominum
1400 1205 1415 1232 ,
1442 1178 1722 1239 quorum
1751 1156 1919 1239 haec
1950 1165 2188 1221 eventa
2215 1157 2553 1239 fuerunt,

380 1271 847 1335 inrevocabilis
878 1271 1226 1334 abstulerit
1251 1271 1382 1333 iam
1408 1271 1774 1354 praeterita
1802 1279 2014 1335 aetas:
2091 1338 2098 1347 ,
2199 1253 2207 1262 ’

379 1366 856 1470 namquealiut
883 1405 1004 1471 per
1034 1392 1204 1458 sest,
1227 1384 1386 1448 aliut
1414 1385 1796 1469 regionibus
1824 1386 1988 1471 ipsis

236 1517 336 1564 470
383 1505 689 1564 eventum
722 1498 851 1562 dici
878 1499 1127 1584 poterit
1157 1496 1343 1582 quod
1373 1520 1656 1584 cumque
1686 1501 1812 1563 erit
1841 1506 2059 1563 actum
2080 1550 2093 1563 .

379 1614 664 1698 denique
694 1614 999 1677 materies
1030 1614 1084 1678 si
1113 1634 1334 1676 rerum
1360 1613 1542 1678 nulla
1569 1612 1833 1688 fuisset,

376 1749 499 1791 nec
528 1729 716 1791 locus
746 1749 824 1791 ac
854 1728 1140 1814 spatium
1158 1776 1173 1802 ‚
1196 1748 1307 1791 res
1335 1727 1404 1790 in
1437 1749 1571 1812 quo
1602 1749 1907 1814 quaeque
1936 1736 2283 1813 geruntur,

372 1863 728 1926 numquam
759 1840 1170 1929 Tyndaridis
1197 1840 1452 1905 formae
1481 1841 1808 1906 conflatus
1836 1850 2062 1906 amore

372 1956 542 2040 ignis
563 2004 577 2030 ‚
600 1955 964 2019 Alexandri
992 1952 1290 2042 Phrygio
1321 1957 1446 2020 sub
1476 1963 1753 2041 pectore
1783 1957 2100 2042 gliscens,

230 2087 326 2132 475
374 2071 554 2134 clara
583 2069 1006 2134 accendisset
1033 2071 1215 2134 saevi
1246 2069 1607 2133 certamina
1634 2070 1788 2134 belli
1806 2120 1821 2147 ‚

370 2205 497 2247 nec
528 2185 694 2247 clam
725 2183 1045 2248 durateus
1075 2184 1408 2248 Troiianis
1437 2182 1763 2268 Pergama
1791 2192 1988 2269 partu

370 2298 842 2362 inflammasset
871 2319 1085 2383 equos
1113 2304 1447 2362 nocturno
1480 2297 2055 2383 Graiiugenarum3

369 2413 750 2501 perspicere
778 2420 855 2476 ut
882 2413 1103 2497 possis
1133 2434 1242 2476 res
1271 2419 1500 2498 gestas
1527 2411 1828 2476 funditus
1859 2413 2072 2477 omnis

366 2551 504 2593 non
531 2529 626 2593 ita
652 2530 749 2593 uti
779 2551 1025 2613 corpus
1052 2550 1176 2613 per
1206 2550 1277 2592 se
1308 2535 1620 2592 constare
1647 2549 1865 2612 neque
1897 2550 2073 2602 esse,

152 2634 160 2641 ’
225 2660 324 2706 480
369 2666 493 2708 nec
520 2645 780 2708 ratione
811 2644 1031 2708 cluere
1063 2642 1294 2707 eadem
1327 2664 1461 2727 qua
1492 2650 1756 2706 constet
1782 2644 2008 2719 inane,

369 2758 489 2822 sed
519 2758 727 2842 magis
755 2765 831 2820 ut
856 2758 1094 2820 merito
1122 2758 1348 2841 possis
1381 2765 1623 2821 eventa
1650 2778 1892 2822 vocare

367 2871 669 2955 corporis
691 2918 706 2945 ,
729 2879 932 2953 atque
961 2870 1092 2933 loci
1112 2919 1127 2939 ,
1150 2890 1260 2933 res
1288 2871 1357 2933 in
1388 2892 1522 2954 quo
1556 2892 1861 2955 quaeque
1890 2877 2234 2955 gerantur.

450 2985 752 3068 Corpora
782 2990 938 3046 sunt
964 3003 1171 3067 porro
1200 2982 1445 3066 partim
1474 2982 1837 3069 primordia
1862 2989 2082 3046 rerum
2102 3031 2116 3054 ‚

361 3098 602 3184 partim
635 3096 918 3184 concilio
952 3116 1124 3180 quae
1154 3101 1469 3159 constant
1493 3095 1970 3179 principiorum
1989 3143 2002 3157 .

219 3230 316 3275 485
362 3211 484 3275 sed
515 3230 686 3296 quae
717 3217 874 3274 sunt
899 3232 1120 3274 rerum
1148 3207 1515 3295 primordia
1533 3257 1547 3283 ‚
1569 3208 1750 3270 nulla
1778 3214 2007 3293 potest
2034 3207 2136 3271 vis

364 3326 734 3410 stinguere:
757 3346 907 3388 nam
940 3323 1158 3387 solido
1190 3325 1468 3389 vincunt
1496 3343 1575 3386 ea
1606 3342 1891 3406 corpore
1921 3320 2178 3384 demum
2198 3370 2211 3384 .

363 3439 485 3503 etsi
517 3437 780 3501 difficile
812 3459 960 3501 esse
987 3437 1253 3502 videtur
1284 3436 1561 3501 credere
1592 3436 1946 3522 quicquam

359 3556 428 3618 in
455 3554 659 3617 rebus
689 3551 904 3616 solido
932 3552 1211 3637 reperiri
1241 3573 1527 3637 corpore
1556 3573 1790 3637 posse.

358 3669 602 3732 transit
632 3667 802 3730 eniin
829 3666 1077 3731 fulmen
1108 3667 1362 3730 caelum
1383 3716 1396 3742 ‚
1419 3688 1543 3750 per
1575 3673 1809 3753 saepta
1838 3666 2185 3730 domorum

159 3805 165 3813 ·
214 3799 313 3846 490
357 3782 605 3845 clamor
632 3781 687 3844 it
715 3802 793 3845 ac
822 3803 1026 3846 voces
1047 3831 1061 3857 ‚
1082 3781 1330 3845 ferrum
1361 3780 1704 3845 candescit
1731 3782 1798 3844 in
1827 3781 1993 3867 igni,

358 3893 823 3979 dissiliuntque
851 3895 996 3960 fero
1026 3895 1352 3960 ferventia
1381 3917 1547 3960 saxa
1574 3916 1855 3981 vapore:

357 4017 497 4072 tum
524 4008 967 4073 labefactatus
997 4010 1177 4094 rigor
1206 4011 1347 4073 auri
1378 4010 1661 4074 solvitur
1690 4015 1913 4073 aestu:

298 4346 303 4350 ,
359 4292 457 4339 467
493 4285 680 4339 fuerit.
729 4287 750 4353 ΙΙ
796 4292 895 4339 469
933 4286 1061 4339 aliut
1095 4288 1252 4339 terris
1301 4286 1321 4352 ΙΙ
1370 4291 1467 4338 473
1505 4285 1680 4338 forma
1724 4286 1744 4354 ΙΙ
1792 4291 1891 4338 480
1927 4285 2074 4339 luere
2118 4288 2138 4353 ΙΙ
2178 4293 2274 4339 484
2313 4305 2413 4356 qua
2452 4291 2472 4356 ΙΙ
2510 4297 2624 4343 489

358 4368 550 4421 flumen
587 4367 718 4421 caeli
756 4370 775 4437 ΙΙ
814 4375 912 4422 490
949 4377 1007 4422 ut
1042 4367 1109 4420 ad
1147 4369 1167 4436 ΙΙ
1205 4374 1299 4420 491
1340 4366 1566 4421 ferventi
1606 4369 1625 4437 ΙΙ
1660 4374 1759 4421 492
1798 4368 1932 4421 Cum
