2840 5008
464 333 551 400 52
1552 337 1616 403 ΙΙ

457 507 797 592 sanguinis
830 508 1140 594 expirans
1172 506 1454 571 calidum
1490 508 1573 572 de
1604 518 1880 594 pectore
1908 510 2184 576 flumen:

313 637 409 683 355
453 628 526 684 at
552 629 764 685 mater
792 621 1023 684 viridis
1054 622 1261 685 saltus
1295 623 1533 687 orbata
1562 645 1926 710 peragrans

455 737 674 799 noscit
699 735 881 797 humi
910 734 1194 821 pedibus
1227 737 1503 822 vestigia
1529 760 1765 822 pressa
1793 740 2062 803 bisulcis
2081 791 2096 816 ‚

453 850 672 912 omnia
702 850 1289 913 convisens-oculis
1318 851 1470 915 loca
1488 902 1502 926 ,
1527 853 1582 914 si
1615 864 1817 936 queat
1844 836 2126 938 usquam

454 965 839 1049 conspicere
870 965 1178 1026 amissum
1206 963 1408 1028 fetum
1432 1013 1447 1039 ‚
1474 967 1894 1050 completque
1925 970 2234 1052 querellis

450 1076 888 1141 frondiferum
917 1098 1145 1139 nemus
1177 1076 1516 1141 adsidueis
1535 1128 1549 1153 ‚
1582 1087 1649 1142 et
1677 1081 1915 1144 crebra
1942 1084 2172 1147 revisit

307 1208 403 1255 360
445 1191 534 1255 ad
563 1191 895 1255 stabulum
915 1240 930 1266 ‚
957 1189 1290 1254 desiderio
1321 1193 1896 1276 perfixa'iuvenci‚

447 1328 572 1395 nec
601 1314 870 1370 tenerae
899 1306 1133 1369 salices
1163 1313 1364 1390 atque
1395 1306 1643 1371 herbae
1674 1329 1826 1371 rore
1855 1310 2158 1394 vigentes

446 1421 844 1505 fluminaque
870 1419 982 1482 illa
1013 1427 1266 1504 queunt
1294 1422 1561 1483 summis
1592 1422 1880 1486 labentia
1908 1423 2068 1509 ripis

448 1536 784 1600 oblectare
815 1534 1100 1596 animum
1129 1535 1522 1620 solitamque
1554 1544 1858 1600 avertere
1889 1559 2113 1601 curam
2133 1588 2147 1613 ‚

443 1672 568 1714 nec
598 1649 959 1712 vitulorum
990 1648 1154 1712 aliae
1183 1650 1440 1734 species
1470 1672 1592 1734 per
1621 1648 1868 1735 pabula
1890 1652 2067 1716 laeta

300 1783 397 1829 365
443 1764 747 1828 derivare
777 1770 1029 1848 queunt
1059 1764 1343 1827 animum
1375 1785 1668 1849 curaque
1698 1765 1925 1828 levare
1955 1790 1967 1828 :

441 1900 656 1964 usque
687 1877 858 1941 adeo
892 1877 1208 1962 quiddam
1239 1880 1582 1964 proprium
1611 1885 1974 1964 notumque
2003 1881 2310 1965 requirit.

442 2001 794 2081 praeterea
822 1991 1034 2055 teneri
1061 1994 1356 2056 tremulis
1387 1982 1534 2056 cum
1564 1994 1840 2057 vocibus
1871 1994 2072 2057 haedi

443 2108 826 2200 cornigeras
853 2114 1105 2170 norunt
1130 2115 1376 2170 matres
1398 2156 1411 2181 ,
1434 2108 1718 2192 agnique
1747 2108 1999 2193 petulci

438 2224 778 2289 balantum
806 2218 1136 2306 pecudes:
1162 2222 1257 2284 ita
1276 2270 1289 2296 ‚
1315 2220 1501 2304 quod
1531 2230 1771 2285 natura
1800 2225 2123 2307 reposcit,

295 2357 391 2404 370
436 2339 522 2403 ad
552 2360 672 2401 sua
702 2337 984 2421 quisque
1012 2336 1152 2399 fere
1185 2333 1549 2399 decurrunt
1576 2338 1785 2400 ubera
1815 2338 2033 2401 lactis,

435 2461 776 2541 postremo
811 2450 1107 2536 (1111111νὶ5
1125 2449 1524 2513 frumentum
1555 2448 1691 2514 non
1722 2460 1942 2516 tamen
1974 2474 2165 2516 omne

437 2568 682 2654 quique
712 2589 834 2630 suo
866 2588 1110 2651 genere
1143 2566 1318 2629 inter
1348 2586 1420 2627 se
1451 2566 1659 2628 simile
1692 2588 1837 2629 esse
1870 2567 2127 2630 videbis
2147 2617 2162 2643 ‚

435 2683 595 2767 quin
624 2683 1026 2745 intercurrat
1056 2679 1380 2766 quaedam
1412 2680 1729 2744 distantia
1756 2680 1983 2743 formis
2003 2730 2016 2742 .

437 2796 975 2879 concharumque
1007 2816 1215 2879 genus
1246 2796 1436 2878 parili
1466 2796 1724 2857 ratione
1753 2795 2053 2859 videmus

291 2928 387 2998 3775
433 2911 707 2997 pingere
736 2910 990 2972 telluris
1020 2909 1336 2992 gremium
1356 2957 1370 2983 ,
1398 2930 1530 2992 qua
1558 2909 1865 2971 mollibus
1894 2909 2093 2972 undis

430 3025 645 3089 litoris
671 3023 926 3087 incurvi
954 3021 1244 3087 bibulam
1274 3022 1459 3106 pavit
1487 3044 1741 3107 aequor
1768 3022 2117 3087 harenam.

435 3111 640 3224 quare
671 3129 867 3201 etiam
898 3145 1098 3222 atque
1133 3138 1325 3200 etiam
1360 3137 1551 3200 simili
1580 3137 1837 3200 ratione
1866 3148 2237 3215 necessest,
2290 3182 2295 3189 -

433 3239 672 3317 natura
703 3254 1010 3338 quoniam
1046 3259 1360 3315 constant
1387 3272 1607 3336 neque
1637 3252 1819 3315 facta
1846 3249 2044 3315 manu
2075 3261 2233 3317 sunt

428 3369 625 3432 unius
656 3367 744 3431 ad
774 3376 1020 3431 certam
1049 3365 1326 3429 formam
1356 3366 1721 3451 primordia
1748 3389 1999 3441 rerum,

288 3499 384 3547 380
430 3483 727 3547 dissimili
754 3473 931 3546 inter
962 3504 1033 3544 se
1064 3480 1391 3563 quaedam
1423 3463 1701 3544 volitare
1729 3481 1971 3566 figura.

510 3598 836 3662 Perfacile
869 3603 972 3660 est
1001 3595 1115 3658 tali
1145 3596 1404 3657 ratione
1438 3595 1786 3660 exsolvere
1817 3597 2012 3659 nobis

428 3734 636 3797 quare
664 3712 1014 3776 fulmineus
1042 3709 1249 3773 multo
1281 3711 1688 3793 penetralior
1718 3712 1887 3796 ignis

436 3848 631 3911 quam
662 3834 894 3890 noster
914 3825 1065 3890 suat
1097 3847 1131 3887 e
1161 3824 1380 3888 taedis
1409 3825 1840 3889 terrestribus
1872 3832 2089 3889 ortus:

430 4145 528 4190 354
565 4137 807 4190 callidum
847 4138 867 4207 ΙΙ
904 4143 1000 4189 356
1039 4137 1281 4208 Nonquit
1319 4138 1338 4206 ΙΙ
1376 4144 1475 4190 359
1513 4138 1774 4191 adsittens
1814 4145 1866 4190 et
1902 4138 2085 4189 revisit
2121 4138 2332 4190 crebra.
2380 4139 2408 4210 ΙΙ,
2452 4144 2551 4191 363
2594 4160 2686 4193 su-

422 4223 688 4291 bitamque
735 4222 755 4290 ΙΙ
805 4226 900 4273 371
940 4220 1181 4290 quodviis
1229 4222 1249 4290 ΙΙ
1298 4226 1393 4272 372
1436 4221 1681 4290 Quidque
1727 4220 1747 4290 ΙΙ
1795 4226 1886 4273 381
1929 4221 2083 4274 animi
2131 4221 2150 4289 ΙΙ
2201 4226 2296 4273 382
2335 4223 2481 4290 igne.
2523 4226 2544 4292 Η
2586 4229 2685 4276 383

422 4306 551 4360 fluat
2001 4335 2006 4336 ν
