2840 5008
1013 410 1360 458 mccl-:nmo
2251 392 2298 456 9

89 570 412 656 dragenos
446 565 802 650 septeno&
831 564 1214 649 perpaucae
1240 562 1717 649 quadragenos
1749 569 2036 626 octonos
2064 572 2306 628 versus

86 666 610 752 complectantur
627 712 643 739 ‚
670 662 903 727 ultima
935 661 1409 747 quadragenos
1434 668 1667 725 ternos
1692 661 2097 737 contineat’3
2129 683 2304 747 quae

87 785 478 850 quamquam
509 762 710 849 paulo
743 762 1071 825 curiosius
1102 759 1416 845 exposita
1443 759 1722 834 vellem,
1754 766 2048 823 summae
2078 766 2314 825 tamen-

87 864 234 927 satis
270 863 456 926 inter
502 883 576 926 se
607 861 1013 926 conveniunt
1044 908 1060 923 .
1101 867 1244 922 tum
1283 857 1719 922 una·scheda
1761 858 1966 943 periit
1994 906 2010 933 ‚
2054 858 2126 922 in
2169 881 2305 944 qua

84 961 340 1024 fuerunt
367 980 616 1023 versus
642 959 796 1024 libri
826 981 876 1022 11
899 958 1113 1023 457-
1131 956 1253 1020 640
1289 1006 1303 1033 ,
1347 978 1627 1021 numero
1660 957 1808 1041 (tot
1837 957 2008 1021 enim
2037 957 2107 1020 in
2137 979 2303 1042 qua-

88 1060 266 1124 drato
298 1059 507 1143 sunt)
540 1058 690 1133 188,
724 1058 836 1142 qui
867 1063 1025 1121 sunt
1055 1063 1297 1141 quater
1328 1055 1747 1141 quadrageni
1797 1056 2057 1140 septeni
2088 1105 2101 1119 .
2147 1077 2300 1120 nam

89 1180 122 1220 a
145 1178 339 1221 versu
368 1157 531 1220 libri
561 1179 613 1219 11
641 1156 758 1220 641
791 1155 1053 1219 initium
1084 1153 1342 1218 ducunt
1370 1152 1669 1217 schedae
1701 1152 2269 1219 Vindobonenses
2289 1204 2307 1229 ‚

92 1255 312 1341 quibus
344 1253 648 1319 eiusdem
680 1252 934 1318 codicis
975 1252 1376 1337 particulam
1407 1252 1740 1315 contineri
1769 1251 1932 1316 mihi
1959 1253 2126 1317 satis
2159 1274 2304 1316 cer-

91 1361 215 1416 tum
241 1353 517 1418 videtur
537 1376 552 1429 3
584 1350 772 1436 quod
793 1350 1221 1415 manifestum
1242 1349 1470 1414 facere
1493 1371 1764 1435 possem
1782 1397 1799 1425 ‚
1830 1350 1956 1414 nisi
1980 1350 2314 1415 Purman-
2344 1408 2356 1415 .

93 1473 202 1516 nus
221 1476 282 1538 p.
310 1451 385 1533 15
410 1458 486 1515 et
511 1451 587 1514 16
612 1448 1111 1514 dissertationis
1140 1449 1210 1512 in
1242 1447 1694 1512 describenda
1716 1448 2121 1513 schedarum
2145 1470 2307 1517 con-

96 1547 334 1613 dicione
367 1556 652 1613 auctore
671 1569 836 1612 usus
861 1553 1042 1611 esset
1063 1567 1302 1632 parum
1320 1546 1608 1622 idoneo,
1639 1547 1756 1631 qui
1774 1568 1861 1610 ne
1880 1547 2015 1611 hoc
2038 1548 2322 1633 quidem>

100 1647 425 1712 didicisset
457 1647 548 1711 de
575 1646 818 1710 laceris
849 1667 929 1709 ac
964 1644 1292 1730 dispersis
1323 1647 1707 1710 necessario
1742 1654 1909 1730 quot
1935 1647 2004 1711 in
2037 1669 2322 1733 quaque-

99 1745 317 1830 pagina
360 1767 608 1809 versus
661 1751 910 1809 essent,
941 1742 1301 1807 dicendum
1347 1764 1497 1807 esse
1530 1793 1543 1806 .
1594 1752 1865 1809 constat
1912 1758 2132 1809 tamen
2183 1746 2315 1811 has

103 1842 365 1907 schedas
387 1843 650 1929 pariter
674 1849 877 1927 atque
895 1841 1321 1906 Haunienses
1341 1841 1599 1907 habere
1614 1844 1899 1929 paginas
1920 1845 2311 1930 bipertitas:

101 1939 530 2005 Endlicherus
573 1941 645 2004 in
688 1939 999 2025 catalogo
1046 1938 1354 2004 codicum
1391 1937 2024 2006 Vindobonensium
2068 1967 2092 2006 1
2134 1970 2198 2031 p.
2230 1947 2312 2010 54

106 2060 201 2103 eas
222 2034 310 2103 ‘in
342 2041 539 2105 folio’
587 2039 877 2126 scriptas
910 2037 1108 2113 dicit,
1145 2038 1570 2102 Purmannus
1589 2033 1692 2101 ‘in
1722 2046 1964 2123 quarto
1994 2042 2312 2107 maiore’:

105 2139 346 2202 saeculo
394 2138 681 2203 decimo
708 2139 835 2204 has
880 2137 1208 2203 adscribit
1250 2135 1703 2200 Endlicherus
1727 2184 1742 2211 ‚
1789 2135 2320 2222 Gottorpien'ses‘

108 2244 322 2301 octavo
363 2258 642 2302 nonove
682 2237 877 2301 nimis
919 2235 1289 2301 liberaliter
1321 2235 1584 2299 Gudius
1617 2285 1631 2299 .
1674 2235 1847 2299 liber
1872 2236 2171 2301 Lucretii
2206 2260 2313 2302 se-

108 2334 338 2399 cundus
369 2338 455 2401 ab
499 2357 585 2400 eo
626 2357 825 2400 versu
874 2356 1071 2420 quem
1115 2334 1256 2398 dixi
1292 2340 1483 2398 totus
1524 2334 1683 2420 (641
1707 2369 1779 2379 —
1803 2335 1999 2418 1174)
2039 2344 2314 2420 praeter

108 2452 316 2499 versus
338 2435 475 2500 duo
504 2442 578 2499 et
608 2434 1095 2522 quinquaginta
1125 2434 1195 2519 (7
1201 2432 1550 2518 57—806)
1583 2432 1868 2496 omissos
1887 2481 1903 2509 ‚
1942 2434 2103 2497 item
2130 2436 2316 2500 tertii
2412 2508 2422 2517 ¹

110 2551 317 2597 versus
356 2535 563 2620 primi
603 2534 720 2598 621
756 2582 773 2610 ‚
818 2554 990 2618 quae
1031 2532 1223 2597 simul
1266 2531 1568 2596 efficiunt
1606 2553 1845 2595 versus
1890 2534 2317 2618 conscriptos

115 2628 250 2694 1129
267 2680 282 2707 ‚
308 2632 441 2696 hoc
464 2639 578 2697 est
596 2632 851 2695 viciens
878 2638 1118 2715 quater
1143 2629 1620 2715 quadragenos
1643 2636 1964 2713 septenos
1989 2638 2057 2694 et
2079 2654 2283 2696 unum
2298 2682 2315 2710 ‚

114 2745 178 2788 ea
197 2738 343 2795 sunt
361 2731 431 2794 in
456 2752 585 2796 sex
606 2730 946 2814 prioribus
977 2728 1249 2792 schedis
1272 2726 1923 2793 Vindobonensibus
1941 2776 1957 2804 ‚
1990 2730 2317 2797 columnis

113 2835 281 2891 xxiv:
309 2851 460 2893 nam
494 2827 685 2914 quod
715 2836 821 2892 est
850 2827 1034 2912 apud
1060 2826 1515 2890 Purmannum
1543 2848 1609 2910 p.
1636 2826 1713 2889 16
1731 2819 2051 2900 ‚‘Desinit
2071 2829 2185 2894 fol.
2208 2831 2317 2907 14,
2371 2899 2378 2906 ,

114 2921 180 2997 b,
214 2925 302 3001 1,’
340 2927 473 2993 hoc
509 2933 617 2991 est
646 2926 954 2991 columna
982 2948 1154 2989 xxm
1182 2972 1198 3000 ‚
1243 2946 1417 3010 quae
1452 2933 1556 2990 est
1586 2925 1996 3011 paenultima
2024 2975 2040 3003 ‚
2081 2943 2317 2993 verum

119 3040 242 3086 esse
260 3046 392 3089 non
411 3031 651 3112 potest
673 3071 689 3100 ,
723 3025 928 3088 sinos
953 3023 1231 3088 credere
1259 3024 1561 3110 postulat
1584 3045 1759 3108 quae
1782 3027 2069 3092 subiecit
2097 3076 2113 3103 ‚
2151 3023 2318 3092 ‘non

116 3139 229 3198 uua
250 3144 321 3186 re
348 3144 685 3209 apparere
715 3121 957 3186 librum
988 3121 1144 3186 olim
1172 3121 1508 3207 integrum
1548 3121 1758 3186 fuisse
1788 3123 1834 3200 ,ἶ
1877 3124 2001 3205 sed
2041 3125 2320 3211 reliquis

120 3217 409 3286 columnis
434 3219 983 3308 quattuordecim
1009 3221 1150 3304 (tot
1174 3220 1347 3283 enim
1371 3227 1770 3305 supersunt:
1792 3243 1946 3286 nam
1970 3224 2041 3286 in
2063 3224 2322 3289 scheda
2361 3239 2368 3244 “
2447 3237 2448 3240 ’

122 3312 347 3383 decima
382 3341 590 3385 versa
621 3318 949 3404 scriptum
981 3325 1086 3382 est
1114 3318 1452 3382 Iuvenalis
1485 3319 1850 3383 satirarum
1871 3320 2168 3413 initium)
2201 3346 2321 3388 nu-

120 3418 260 3479 meri
283 3419 710 3483 Haunienses
737 3439 876 3480 non
907 3417 1315 3482 conveniunt
1344 3465 1360 3492 ‚
1406 3417 1531 3482 sed
1561 3418 1920 3505 ampliores
1956 3445 1972 3497 ;
2016 3443 2225 3506 quare
2253 3423 2323 3486 in

120 3508 211 3575 his
237 3518 635 3603 scripturam
665 3516 973 3601 suspicor
1012 3537 1161 3580 esse
1192 3516 1652 3602 angustiorem
1683 3564 1698 3579 .
1747 3524 1852 3581 est
1882 3520 2055 3583 enim
2083 3520 2177 3584 ibi
2209 3542 2323 3583 ex-

123 3613 309 3675 trema
345 3638 509 3700 pars
551 3614 705 3679 libri
749 3612 994 3678 sexti'a
1019 3635 1223 3678 versu
1251 3613 1375 3678 740
1406 3663 1423 3690 ,
1464 3636 1703 3678 versus
1734 3614 1856 3679 558
1883 3662 1900 3691 ‚
1947 3622 2086 3678 tum
2131 3624 2326 3681 extra

126 3704 316 3786 clusa,
342 3736 585 3778 versus
613 3711 735 3775 212
766 3736 782 3788 3
825 3711 938 3796 qui
966 3710 1138 3775 fiunt
1164 3712 1361 3775 simul
1387 3734 1629 3777 versus
1660 3711 1781 3775 770
1801 3758 1819 3775 .
1846 3713 2022 3776 ratio
2056 3713 2325 3779 confici-

127 3812 248 3881 tur,
276 3810 328 3873 si
353 3810 488 3876 hae
520 3809 868 3873 columnae
900 3808 1444 3893 quattuordecim
1491 3810 1792 3896 singulae
1823 3817 1982 3874 sunt
2010 3825 2329 3876 versuum

131 3904 645 3996 quinquagenum
677 3907 946 3992 quinum
968 3956 981 3970 .

270 4004 478 4072 Nimis
509 4006 720 4070 multa
747 4003 907 4068 mihi
939 4003 1025 4068 de
1053 4005 1135 4068 iis
1168 4027 1340 4090 quae
1374 4006 1705 4070 minimam
1751 4006 2112 4072 utilitatem
2143 4008 2331 4073 adfe-

133 4109 267 4164 runt
287 4102 573 4169 dicenda
595 4103 803 4168 fuisse
827 4124 1027 4188 aegre
1049 4102 1228 4166 fero:
1262 4103 1477 4167 omnis
1502 4105 1671 4168 enim
1690 4111 2000 4169 vetustae
2024 4105 2336 4170 lectionis
2411 4150 2416 4154 -

135 4203 419 4265 memoria
441 4224 479 4266 e
501 4201 859 4266 Vossianis
883 4200 1230 4265 codicibus
1254 4201 1629 4287 repetenda
1652 4210 1756 4267 est
1787 4226 1803 4278 3
1838 4204 1979 4267 nisi
2002 4203 2186 4288 quod
2213 4206 2333 4266 ob-

136 4289 311 4381 longo
353 4300 551 4365 fidem
579 4299 915 4365 interdum
946 4300 1166 4364 Italici
1196 4301 1532 4385 abrogant
1559 4350 1574 4375 ‚
1620 4300 1937 4385 quadrati
1967 4300 2334 4363 auctorita-

137 4395 250 4454 tem
279 4395 636 4482 aliquando
673 4447 687 4473 ‚
726 4405 802 4461 ut
833 4397 974 4462 dixi
1007 4445 1023 4472 ,
1065 4398 1445 4462 inminuunt
1465 4399 1766 4464 schedae
1800 4446 1811 4459 .
1848 4399 1980 4460 iam
2010 4397 2068 4460 si
2100 4396 2338 4461 eadem
