2840 5008
1096 415 1222 492 Ἰ
2230 427 2320 493 25

79 604 228 666 scire
258 602 419 665 licet
450 624 597 664 non
628 621 772 664 esse
802 599 970 663 haec
997 599 1191 684 ignea
1220 620 1509 683 corpora
1536 620 1785 662 rerum.

37 736 45 778 ι
75 717 155 778 nil
177 716 465 779 referret
497 715 672 778 enim
701 711 1025 799 quaedam
1056 712 1417 787 decedere,
1442 713 1655 788 abire,

79 838 258 916 atque
289 829 423 892 alio
459 829 787 903 adtribui,
810 828 1181 919 mutarique
1213 827 1449 892 ordine
1482 828 1839 912 quaedam,
1865 868 1876 883 ι

84 946 129 1007 si
153 952 371 1007 tamen
402 942 672 1006 ardoris
700 949 1003 1006 naturam
1036 948 1278 1005 cuncta
1304 948 1644 1006 tenerent:

80 1059 227 1144 ignis
257 1059 438 1122 enim
467 1056 651 1120 foret
680 1055 1071 1120 omnimodis
1103 1055 1288 1141 quod
1318 1078 1601 1141 cumque
1633 1065 1937 1122 crearent
1957 1107 1970 1120 .

84 1193 283 1234 verum
305 1222 321 1248 ,
343 1180 425 1236 ut
456 1172 699 1257 opinor
717 1220 731 1246 ,
756 1172 948 1234 itast:
975 1158 1132 1235 sunt
1160 1169 1489 1255 quaedam
1521 1193 1807 1257 corpora
1824 1222 1839 1249 ‚
1865 1158 2146 1257 quorum

41 1321 47 1345 ·
83 1308 431 1350 concursus
460 1294 690 1348 motus
720 1284 890 1348 ordo
923 1285 1226 1369 positura
1251 1285 1503 1371 figurae

86 1399 355 1463 efficiunt
382 1400 561 1485 ignis
580 1448 596 1476 ,
618 1405 1007 1484 mutatoque
1040 1399 1275 1463 ordine
1303 1406 1568 1463 mutant

82 1522 362 1577 naturam
382 1563 397 1589 ,
421 1535 649 1599 neque
680 1524 838 1577 sunt
862 1514 1000 1598 igni
1028 1514 1334 1578 simulata
1360 1535 1581 1598 neque
1607 1515 1723 1577 ulli

89 1636 418 1712 praeterea
446 1628 548 1691 rei
579 1649 750 1712 quae
781 1649 1069 1714 corpora
1095 1628 1358 1692 mittere
1384 1628 1605 1714 possit

90 1744 370 1806 sensibus
403 1750 474 1806 et
501 1751 778 1806 nostros
808 1741 1072 1805 adiectu
1100 1750 1374 1827 tangere
1403 1749 1628 1806 tactus
1646 1791 1659 1804 .

46 1875 53 1913 t
157 1858 387 1921 Dicere
418 1879 631 1943 porro
662 1857 876 1941 ignem
906 1878 1014 1920 res
1046 1857 1259 1921 omnis
1291 1878 1440 1920 esse
1460 1906 1475 1933 ,
1498 1877 1716 1942 neque
1746 1857 1943 1920 ullam

87 1993 207 2034 rem
232 1994 460 2036 veram
488 1972 560 2034 in
588 1992 862 2034 numero
892 1991 1113 2034 rerum
1144 1977 1454 2034 constare
1481 1970 1607 2033 nisi
1635 1971 1883 2056 ignem,

90 2086 251 2168 quod
276 2087 442 2151 facit
468 2086 582 2149 hic
611 2084 782 2148 idem
805 2134 819 2160 ,
840 2083 1244 2170 perdelirum
1276 2107 1424 2149 esse
1452 2084 1745 2149 videtur.

89 2221 219 2262 nam
246 2208 489 2265 contra
519 2221 758 2264 sensus
788 2199 871 2262 ab
902 2199 1208 2264 sensibus
1236 2200 1380 2285 ipse
1409 2207 1767 2285 repugnat,

93 2321 146 2375 et
169 2315 532 2379 labefactat
562 2335 680 2377 eos
699 2363 715 2389 ,
735 2312 912 2377 unde
943 2314 1162 2376 omnia
1191 2313 1446 2377 credita
1473 2312 1802 2399 pendent,

51 2459 56 2483 υ
90 2427 247 2491 unde
272 2428 384 2493 hic
416 2427 731 2515 cognitus
762 2434 866 2490 est
890 2428 1020 2513 ipsi
1053 2449 1249 2512 quem
1276 2429 1577 2493 nominat
1602 2428 1848 2515 ignem:

93 2542 282 2607 credit
309 2545 489 2607 enim
519 2564 757 2606 sensus
784 2542 1003 2627 ignem
1033 2564 1446 2627 cognoscere
1474 2565 1663 2616 vere,

95 2665 291 2722 cetera
316 2681 462 2723 non
492 2656 708 2721 credit
725 2705 741 2730 ,
763 2678 933 2741 quae
961 2657 1096 2721 nilo
1130 2658 1309 2721 clara
1335 2658 1552 2720 minus
1584 2664 1766 2721 sunt.

99 2771 257 2853 quod
285 2774 449 2836 mihi
481 2795 631 2836 cum
659 2792 903 2836 vanum
931 2780 1073 2836 tum
1103 2771 1381 2835 delirum
1412 2792 1560 2834 esse
1589 2770 1884 2836 videtur:

100 2905 212 2966 quo
239 2887 604 2951 referemus
635 2887 804 2949 enim
822 2886 854 2948 ‘r‘
878 2886 1041 2971 quid
1067 2887 1264 2950 nobis
1295 2887 1542 2950 certius
1570 2886 1735 2972 ipsis

56 3013 63 3055 ι
98 3001 380 3065 sensibus
413 3022 564 3065 esse
592 3008 853 3086 potest,
880 3002 993 3086 qui
1019 3024 1182 3065 vera
1211 3023 1288 3064 ac
1318 3002 1488 3065 falsa
1515 3004 1868 3066 notemus?

96 3123 425 3195 praeterea
453 3137 660 3200 quare
691 3117 1039 3200 quisquam
1071 3117 1280 3201 magis
1313 3117 1532 3180 omnia
1565 3117 1753 3180 tollat

101 3234 157 3289 et
179 3229 329 3293 velit
362 3229 624 3293 ardoris
647 3236 951 3294 naturam
978 3231 1277 3315 linquere
1309 3217 1517 3295 solam
1535 3280 1550 3306 ,

102 3361 270 3424 quam
298 3350 504 3428 neget
534 3365 682 3407 esse
709 3344 881 3429 ignis
900 3394 915 3421 ,
941 3344 1206 3430 quidvis
1232 3353 1459 3409 tamen
1490 3366 1637 3409 esse
1666 3345 2044 3429 relinquat?
2103 3355 2114 3362 ’

101 3474 287 3539 aequa
312 3456 585 3521 videtur
616 3458 785 3522 enim
816 3458 1147 3522 dementia
1176 3458 1397 3523 dicere
1426 3468 1812 3548 utrumque.

170 3568 308 3648 Qua
333 3581 619 3657 propter
647 3573 763 3657 qui
787 3574 1127 3637 materiem
1154 3596 1375 3637 rerum
1406 3597 1554 3639 esse
1584 3582 1910 3660 putarunt
1973 3621 1980 3628 ·

101 3681 291 3765 ignem
321 3693 527 3771 atque
561 3708 645 3750 ex
671 3688 805 3773 igni
837 3693 1154 3752 summam
1186 3689 1552 3753 consistere
1581 3711 1815 3775 posse,

106 3805 161 3859 et
184 3800 289 3883 qui
317 3802 712 3887 principium
739 3802 1095 3888 gignundis
1126 3809 1283 3867 aera
1310 3804 1514 3867 rebus

107 3916 488 3980 constituere
508 3966 523 3993 ,
548 3925 667 3980 aut
691 3938 988 3980 umorem
1021 3919 1133 4002 qui
1165 3939 1446 4003 cumque
1473 3925 1798 4004 putarunt

109 4023 329 4111 fingere
357 4053 465 4094 res
491 4031 712 4116 ipsum
740 4052 862 4117 per
893 4053 964 4095 se
983 4081 998 4107 ,
1023 4039 1353 4096 terramve
1385 4054 1613 4097 creare

113 4305 196 4353 680
230 4304 547 4360 descendere
601 4310 621 4376 ΙΙ
677 4314 774 4361 683
814 4320 1044 4364 crearet.
1099 4314 1120 4380 Η
1175 4318 1274 4365 690
1312 4313 1551 4381 iquenem
1610 4313 1630 4379 ΙΙ
1682 4317 1777 4363 694
1817 4309 2130 4362 laebefactat
2174 4307 2194 4374 ΙΙ
2242 4314 2338 4360 703

113 4384 297 4449 quidvis
332 4398 593 4445 missum.
632 4392 653 4461 ΙΙ
690 4397 792 4444 708
827 4401 1105 4462 putantur.
1715 4423 1731 4434 ’
