2840 5008
1185 368 1281 435 ΠΙ

70 555 145 609 et
172 546 311 608 iam
342 550 582 607 cetera
602 541 698 633 'de
727 563 973 628 genere
1002 541 1134 605 hoc
1165 562 1336 625 quae
1368 539 1651 626 cumque
1682 551 1998 606 secimtur
2016 592 2029 614 ‚

74 682 200 723 cur
235 680 318 722 ea
350 666 519 722 sunt
539 707 554 734 ,
577 658 704 732 nisi
732 655 920 741 quod
952 676 1222 720 vemens
1250 656 1567 720 violentia
1595 657 1729 721 vini

77 775 506 839 conturbare
538 773 819 836 animam
849 774 1199 834 consuevit
1228 791 1512 854 corpore
1540 771 1609 835 in
1637 772 1834 856 ipso?

78 899 155 954 at
185 909 366 973 quae
396 908 688 972 cumque
720 893 972 971 queunt
1001 885 1385 948 conturbari
1413 885 1615 970 inque
1645 886 1858 971 pediri
1881 938 1894 960 ‚

21 1023 32 1066 ·›
78 992 505 1089 significant,
528 1001 730 1086 paulo
762 1001 817 1063 si
849 999 1078 1064 durior
1105 998 1458 1063 insinuarit

82 1141 332 1194 causa,
355 1117 506 1180 fore
534 1123 610 1179 ut
637 1123 919 1199 pereant
945 1136 1112 1179 aevo
1140 1109 1405 1198 privata
1432 1114 1658 1179 futuro
1678 1164 1691 1179 .

73 1237 243 1319 quin
279 1233 475 1296 etiam
506 1230 732 1294 subito
763 1229 828 1292 vi
856 1229 1071 1293 morbi
1100 1250 1301 1313 saepe
1332 1236 1607 1293 coactus

88 1357 252 1412 ante
285 1347 519 1411 oculos
552 1345 790 1429 aliquis
819 1352 1092 1407 nostros
1112 1392 1127 1418 ,
1149 1351 1224 1407 ut
1250 1344 1540 1407 fulminis
1569 1344 1733 1420 ictu,

88 1461 398 1528 concidit
429 1468 497 1524 et
526 1479 797 1544 spumas
827 1459 997 1543 agit,
1018 1458 1291 1543 ingemit
1320 1468 1386 1523 et
1417 1460 1640 1523 tremit
1669 1470 1881 1530 artus,

25 1597 41 1642 J
84 1577 345 1662 desipit
362 1624 377 1651 ,
402 1581 710 1639 extentat
736 1594 981 1638 nervos
1000 1621 1014 1646 ‚
1035 1580 1391 1658 torquetur
1408 1622 1424 1649 ‚
1447 1575 1716 1639 anhelat

86 1695 562 1755 inconstanter
580 1737 595 1762 ‚
622 1696 688 1751 et
715 1688 775 1750 in
803 1687 1118 1752 iactando
1148 1689 1444 1752 membra
1469 1688 1733 1774 fatigat.

89 1808 164 1869 ni
193 1806 429 1900 mirum
449 1853 464 1879 ‚
490 1804 649 1888 quia
677 1803 777 1866 vis
806 1802 1020 1866 morbi
1053 1801 1377 1867 distracta
1404 1825 1526 1888 per
1556 1812 1742 1869 artus

89 1921 327 1984 turbat
345 1968 359 1993 ‚
383 1939 590 2004 agens
622 1918 902 1980 animam
933 1925 1230 2003 spumat,
1257 1919 1449 2003 quasi
1476 1920 1544 1981 in
1574 1941 1868 2005 aequore
1899 1924 2077 1987 salso

92 2043 452 2098 ventorum
480 2030 722 2096 validis
750 2031 1137 2096 fervescunt
1167 2033 1419 2097 viribus
1447 2033 1701 2097 undae.

29 2168 51 2211 5
97 2148 491 2234 exprimitur
521 2168 727 2231 porro
758 2147 1038 2231 gemitus
1058 2195 1074 2223 ‚
1099 2148 1255 2231 quia
1282 2149 1578 2212 membra
1607 2148 1838 2214 dolore

97 2262 501 2345 adficiuntur
519 2309 535 2337 ‚
561 2269 631 2325 et
659 2261 922 2324 omnino
953 2260 1141 2345 quod
1171 2262 1423 2325 semina
1447 2263 1634 2327 vocis

97 2378 426 2441 eiciuntur
456 2383 526 2439 et
555 2397 671 2439 ore
698 2375 882 2440 foras
911 2377 1277 2462 glomerata
1305 2376 1611 2441 feruntur

100 2514 239 2578 qua
270 2490 456 2577 quasi
487 2498 897 2556 consuerunt
926 2498 993 2555 et
1023 2498 1182 2556 sunt
1209 2492 1462 2557 munita
1490 2494 1651 2557 viai.

101 2606 501 2693 desipientia
528 2606 604 2669 fit
621 2655 635 2682 ,
660 2607 817 2690 quia
844 2607 947 2671 vis
977 2607 1174 2671 animi
1203 2614 1403 2692 atque
1435 2608 1669 2671 animai

34 2742 58 2786 0
104 2723 547 2788 conturbatur
578 2727 647 2783 et
664 2768 679 2795 ,
701 2729 777 2785 ut
798 2721 1031 2797 docui,
1055 2721 1268 2785 divisa
1299 2742 1600 2790 seorsum

104 2837 495 2900 disiectatur
525 2834 762 2899 eodem
790 2835 902 2899 illo
935 2834 1261 2900 distracta
1289 2857 1580 2899 venen0.

101 2950 264 3016 inde
292 2951 404 3014 ubi
432 2951 559 3013 iam
591 2950 804 3014 morbi
830 2950 1091 3014 reflexit
1120 2971 1354 3025 causa,
1384 2951 1693 3037 reditque

101 3068 170 3129 in
198 3065 493 3129 latebras
524 3077 682 3129 acer·
710 3066 1008 3150 corrupti
1040 3067 1345 3150 corporis
1373 3089 1595 3143 umor,

103 3190 245 3244 tum
278 3180 466 3263 quasi
495 3180 854 3244 vaccillans
883 3181 1166 3264 primum
1194 3182 1541 3266 consurgit
1569 3190 1636 3246 et
1665 3186 1875 3247 omnis

38 3314 60 3357 5
102 3294 413 3381 paulatim
442 3293 621 3358 redit
646 3295 716 3357 in
746 3272 982 3359 sensus
1012 3295 1426 3380 animamque
1452 3305 1759 3381 receptat
1778 3348 1794 3361 .

105 3410 272 3473 haec
297 3409 499 3495 igitur
527 3409 731 3472 tantis
760 3409 875 3473 ubi
902 3410 1152 3474 morbis
1185 3431 1469 3495 corpore
1497 3411 1566 3474 in
1593 3412 1743 3496 ipso

103 3525 431 3587 iactentur
459 3522 852 3607 miserisque
881 3522 1097 3587 modis
1129 3524 1455 3589 distracta
1482 3525 1788 3592 laborent
1807 3578 1821 3595 .

106 3660 222 3702 cur
252 3637 481 3702 eadem
515 3636 736 3702 credis
767 3638 906 3702 sine
937 3660 1222 3723 corpore
1250 3641 1317 3702 in
1347 3647 1501 3704 aere
1532 3650 1765 3727 aperto

107 3774 252 3815 cum
277 3751 519 3816 validis
547 3754 766 3817 ventis
794 3761 1080 3818 aetatem
1113 3752 1358 3840 degere
1387 3756 1638 3838 posse?

42 3882 65 3925 0
107 3873 171 3929 et
198 3868 505 3952 quoniam
534 3875 822 3930 mentem
851 3869 1105 3943 sanari,
1129 3890 1374 3953 corpus
1403 3876 1482 3931 ut
1510 3890 1808 3954 aegrum,

118 3982 434 4045 cernimus
467 3988 537 4044 et
565 3981 745 4046 flecti
772 3982 1330 4068 medicinaposse
1358 3981 1693 4060 videmuS,

110 4093 175 4157 id
203 4116 468 4182 quoque
498 4097 842 4181 praesagit
868 4098 1211 4161 mortalem
1240 4099 1466 4163 vivere
1496 4106 1808 4163 mentem.

116 4345 203 4391 482
238 4341 414 4396 Curba
452 4343 472 4412 ΙΙ
512 4348 611 4395 492
651 4359 755 4413 qua
791 4343 810 4411 ΙΙ
848 4349 944 4395 493
985 4361 1234 4412 spumans
1273 4345 1324 4396 in
1362 4345 1381 4414 Η
1418 4351 1518 4397 497
1555 4344 1853 4400 Eliciuntur

2267 371 2357 438 95
