2840 5008
1174 420 1237 486 11
1387 444 1397 452 ·
2176 420 2307 538 10351

72 604 168 662 est
182 645 198 659 .
218 594 362 660 Hec
392 596 563 679 cepit
590 595 834 658 Corsica
850 594 1184 679 Aleriaque
1210 594 1392 656 urbe.
1416 592 1505 657 Et
1523 604 1753 656 tantum
1772 601 2054 658 venerata
2074 596 2277 681 virum
2296 644 2310 671 ‚

71 697 223 758 hunc
251 694 480 757 sedula
509 703 708 755 curet.
734 691 909 754 Haec
938 692 1151 754 eadem
1180 702 1318 754 ante
1345 692 1518 755 illam
1546 693 1773 776 inpune
1801 702 1858 755 et
1881 691 2109 755 Lesbia
2120 694 2309 780 feeit.

78 793 126 855 O
152 814 249 854 me
261 792 540 878 felicem
554 838 572 868 ‚
595 812 628 852 o
658 811 780 853 nox
805 789 958 851 mihi
987 789 1285 879 qzndida.
1320 788 1449 852 Sed
1474 790 1620 851 dum
1649 790 1814 854 abest
1833 838 1847 852 .
1880 791 2149 854 Reddita
2174 806 2316 857 sunt

72 914 201 952 cnm
228 892 425 953 odore
459 937 473 950 .
529 898 690 950 cocto
717 910 865 948 num
895 887 1065 949 adest
1091 934 1105 948 .
1150 887 1324 950 milia
1353 887 1614 950 militum
1643 896 1771 949 octo
1802 935 1815 948 .
1866 887 2040 950 Dum
2068 890 2309 973 quidem

69 1009 217 1049 unus
237 986 426 1048 homo
460 1034 475 1046 .
513 971 653 1046 non
673 982 1100 1066 pronuntiari
1125 989 1345 1046 autem
1363 1006 1428 1044 m
1449 982 1743 1047 litteram
1764 985 1834 1047 in
1861 984 1968 1049 his
1996 1033 2011 1061 ‚
2056 986 2187 1065 Quo
2207 1011 2309 1050 us-

72 1106 178 1169 que
207 1085 466 1146 tandem
499 1082 778 1160 abnuere,
796 1086 1088 1144 testatur
1115 1079 1482 1144 Diomedes
1512 1103 1576 1165 p.
1593 1081 1715 1145 447
1736 1130 1750 1145 .
1782 1088 1851 1145 et
1871 1082 2106 1150 Velius
2127 1084 2308 1148 Lon-

74 1202 191 1265 gus
226 1204 294 1266 p.
320 1179 501 1246 2238
547 1181 698 1244 Non
735 1180 891 1242 nulli
930 1179 1152 1263 inquit
1192 1178 1597 1265 synaloephas
1631 1203 1867 1266 quoque
1909 1183 2311 1249 observandas

76 1282 232 1342 circa
253 1280 446 1342 talem
466 1279 859 1362 scriptionem
881 1278 1371 1340 existimaverunt
1389 1276 1580 1361 (simet
1614 1278 1865 1342 Verrius
1889 1277 2176 1366 Flaccus)
2209 1294 2308 1361 ut,

75 1377 435 1462 ubicumque
451 1378 676 1460 prima
711 1398 829 1438 vox
855 1399 918 1437 m
947 1376 1144 1438 littera
1170 1375 1466 1462 fhziretur
1491 1422 1511 1453 ,
1551 1397 1802 1460 sequens
1844 1401 1883 1439 a
1919 1379 2117 1441 vocali
2156 1381 2308 1443 inci-

68 1483 235 1555 peret
257 1521 273 1547 ‚
310 1496 362 1535 M
392 1497 525 1537 non
554 1485 675 1538 tota
701 1475 810 1536 sed
823 1496 982 1557 pars
1008 1474 1174 1536 illius
1195 1474 1378 1557 prior
1406 1483 1638 1536 tantu-m
1664 1474 2028 1538 scriberetur
2052 1523 2070 1553 ,
2102 1488 2170 1540 ut
2198 1501 2308 1563 ap-

76 1581 313 1653 pareret
350 1572 628 1655 exprimi
655 1594 777 1634 non
815 1571 1026 1634 debere
1056 1619 1069 1632 .
1119 1570 1243 1633 sed
1274 1570 1724 1649 Quintilianus
1755 1595 1845 1646 1x,
1863 1572 1920 1645 4,
1938 1573 2020 1637 40
2051 1577 2229 1639 etiam
2256 1580 2320 1639 si

80 1668 351 1731 scribitur
372 1716 390 1746 ,
423 1680 632 1732 tamen
648 1691 883 1752 parum
913 1670 1272 1753 exprimitur
1299 1716 1317 1747 ‚
1365 1670 1516 1733 adeo
1544 1681 1613 1732 ut
1624 1667 1829 1753 paene
1859 1673 2175 1736 cuiusdam
2199 1698 2310 1738 no-

82 1787 181 1827 vae
209 1763 449 1829 litterae
479 1789 700 1829 sonum
738 1766 959 1828 reddat
981 1791 1001 1827 .·
1037 1788 1231 1851 neque
1271 1767 1430 1828 enim
1470 1768 1757 1829 eximitur
1775 1815 1793 1846 ‚
1822 1769 1931 1831 sed
1955 1770 2310 1835 obscuratur

86 1873 134 1924 et
155 1873 386 1927 tantum
417 1866 640 1950 aliqua
667 1864 824 1927 inter
853 1864 1008 1926 duas
1035 1865 1267 1927 vocales
1293 1874 1437 1926 nota
1466 1876 1577 1938 est,
1607 1888 1684 1930 ne
1711 1867 1880 1950 ipsae
1909 1877 2122 1932 coeant
2136 1918 2149 1931 .

238 1960 382 2026 998.
430 1985 477 2025 A
492 1986 590 2025 DE
610 1983 814 2024 MPTA
857 1983 895 2022 E
915 1983 1001 2023 ST
1047 2010 1059 2022 .
1110 1960 1225 2024 An
1240 1983 1279 2022 E
1296 1984 1334 2022 P
1349 1983 1443 2023 TA
1488 1970 1837 2026 corrector
1881 1964 2197 2047 quadrati
2240 1976 2311 2032 et

90 2060 281 2122 ceteri
300 2106 314 2121 .
370 2063 373 2070 “
672 2077 707 2095 ·

241 2157 422 2221 1000.
470 2179 688 2233 QUOD
720 2177 1005 2218 MIssUs
1035 2178 1134 2217 Ex
1162 2176 1570 2218 AETHERls
1603 2177 1787 2219 0R1s
1828 2204 1842 2218 .
1890 2158 2094 2241 Apud
2135 2160 2306 2225 Lac-

87 2254 352 2316 tantium
395 2254 613 2317 instit.
642 2276 763 2326 vn,
789 2252 879 2326 12,
900 2252 938 2317 5
976 2254 1143 2316 Cedit
1177 2254 1338 2316 idem
1374 2264 1538 2317 retro
1754 2253 1832 2317 In
1859 2266 2104 2319 terram
2135 2283 2155 2319 .·
2202 2262 2311 2324 sed
2347 2261 2380 2286 ⁶

90 2351 784 2432 quodMISSUMEST.
2379 2441 2384 2445 ὁ

248 2447 422 2513 1001.
471 2471 848 2513 RELATUM
888 2497 903 2514 .
949 2448 1153 2533 Apud
1181 2447 1609 2513 Lactantium
1640 2450 1721 2516 Id
1742 2474 1957 2514 rursus
1987 2455 2142 2518 caeli
2163 2455 2303 2542 ful-

88 2546 272 2625 yentia
299 2550 535 2633 templa
562 2559 898 2633 receptant.

245 2643 422 2708 1002.
455 2644 628 2709 NEC
675 2668 799 2709 sm
844 2667 1294 2708 INTEREMIT
1339 2667 1549 2708 MORs
1592 2667 1687 2708 UT
1732 2668 1873 2710 REs
1918 2669 2302 2714 MATERIA.

90 2734 401 2805 Marullus
430 2766 603 2806 mors
629 2765 721 2805 RE
740 2765 772 2805 s
795 2789 812 2816 ‚
842 2765 939 2805 UT
966 2734 1285 2804 materiai.

246 2838 422 2904 1004.
466 2840 676 2904 ΙΝΒΕ
731 2862 956 2903 ALus
1013 2861 1267 2902 ALIUD
1325 2861 1785 2903 CONIUNGIT
1837 2864 1932 2904 ET
1975 2865 2303 2909 EFFICIT

22 3010 23 3017 ἵ
96 2952 337 2999 OMNES
380 2937 548 3017 RES
593 2960 726 3000 I‘rA
771 2958 1310 3000 CONVERTANT
1355 2958 1708 3001 FORMAs-.
1752 2937 1991 3023 Neque
2034 2953 2102 3005 ut
2143 2965 2302 3008 eon-

94 3028 324 3103 iunctio
350 3037 596 3100 abesse
617 3043 848 3120 potest
870 3083 885 3111 ‚
907 3057 1128 3120 neque
1151 3060 1313 3100 mors
1338 3058 1419 3100 ea
1444 3057 1618 3120 quae
1640 3040 1922 3121 peremit
1944 3043 2304 3109 restituere

97 3124 214 3195 dici
238 3138 470 3216 potest
501 3134 629 3198 nisi
658 3155 783 3218 per
811 3128 1095 3198 technas
1127 3135 1212 3198 ab
1242 3134 1375 3197 11οο
1397 3141 1607 3220 poeta
1629 3135 1915 3213 alienas3
1947 3140 2061 3222 qui
2083 3143 2302 3229 scrip-

97 3222 247 3288 sisse
276 3231 658 3296 censendus
690 3240 795 3296 est
809 3233 978 3296 ‘Inde
1007 3234 1147 3296 aliis
1176 3234 1350 3296 aliud
1378 3257 1413 3296 c
1431 3255 1469 3296 o
1488 3257 1569 3296 NI
1583 3257 1626 3297 υ
1643 3257 1688 3296 N
1705 3258 1782 3298 GI
1796 3259 1836 3297 T
1851 3259 1893 3298 U
1908 3259 1950 3298 R
1986 3283 2003 3312 ‚
2049 3261 2086 3300 E
2102 3263 2142 3302 T
2174 3264 2209 3304 r
2224 3264 2302 3305 1T

95 3340 131 3380 U
145 3345 180 3383 T
209 3347 438 3392 omnes.
1635 3346 1643 3352 ⁴
2095 3405 2102 3411 .

249 3422 424 3488 1007.
467 3448 740 3490 EARUM
783 3450 972 3490 PRIM
992 3450 1030 3491 o
1049 3450 1144 3490 RD
1162 3451 1243 3491 IA
1287 3451 1550 3492 RERUM
1574 3479 1587 3492 .
1618 3430 1698 3493 In
1725 3431 1898 3497 libro
1929 3435 2145 3517 primo
2178 3437 2299 3502 817

97 3511 206 3578 908
230 3541 267 3581 E
282 3542 326 3583 A
340 3546 381 3584 u
399 3547 437 3587 E
453 3547 503 3587 M
527 3526 907 3608 primordia,
931 3526 1158 3609 itaque
1187 3526 1300 3590 hic
1327 3528 1661 3592 Avantius
1681 3576 1695 3591 .

250 3616 426 3683 1010.
455 3619 686 3685 NEVE
730 3636 978 3687 PUT-Es
1022 3645 1229 3686 ARTE
1248 3647 1406 3687 RNA
1449 3649 1703 3688 PENEs
1735 3648 2131 3709 RRslnERE
2163 3654 2299 3695 Po-

101 3729 323 3776 Tssssr.
369 3715 477 3782 Co
498 3741 760 3783 RPORA
805 3742 1056 3782 PRIMA
1087 3769 1102 3793 ‚
1161 3743 1372 3796 QUOD
1418 3746 1503 3785 IN
1547 3744 1847 3799 sumnus
1891 3746 2297 3793 FLUITARE

99 3822 436 3878 vmmms
465 3814 736 3879 mes
769 3865 783 3879 .
813 3815 1007 3880 Haec
1038 3838 1279 3881 cavere
1310 3816 1631 3884 debemus
1663 3840 1749 3882 ne
1780 3819 1867 3884 de
1894 3820 2096 3887 idolis
2127 3829 2301 3892 acei-

99 3899 337 3978 Piamus
368 3958 383 3986 ‚
431 3935 715 3998 quorum
761 3916 1013 3979 mentio
1056 3916 1192 3980 hue
1228 3938 1369 3980 non
1411 3919 1705 4002 pertinet
1725 3965 1740 3993 ‚
1786 3919 1909 3982 sed
1939 3920 2028 3983 ad
2058 3922 2303 3989 librum

104 4010 392 4077 quartum
416 4057 431 4072 .
461 4017 668 4095 poeta
691 4020 954 4077 atomos
976 4021 1182 4099 negat
1191 4039 1383 4099 penes
1405 4028 1655 4080 aelerna
1678 4022 1747 4079 et
1767 4017 2167 4091 immortalia
2196 4046 2302 4089 re-

104 4092 304 4162 sidere
322 4125 523 4186 posse
542 4130 569 4170 :0
583 4107 832 4173 debere
853 4111 1027 4173 enim
1044 4113 1250 4175 omnia
1255 4115 1468 4195 perire
1487 4113 1643 4197 (11οο
1663 4122 1767 4178 est
1782 4116 1854 4178 in
1868 4139 2073 4190 versu
2096 4120 2301 4204 1139),

106 4193 271 4294 quOd
274 4199 474 4284 fluere
502 4217 682 4292 atque
709 4204 988 4271 recedere
1011 4233 1273 4294 corpora
1299 4212 1479 4274 rebus
1509 4213 1712 4276 Multa
1746 4222 2014 4279 constet
2044 4265 2058 4291 ,
2094 4226 2169 4280 ut
2200 4217 2301 4282 di-

105 4291 187 4344 cit
211 4310 403 4361 versu
438 4302 596 4368 1128
619 4351 633 4378 ‚
667 4313 734 4368 et
764 4305 972 4368 multa
1005 4306 1330 4371 accedere
1355 4356 1370 4371 .
1403 4330 1563 4394 ergo
1593 4310 1707 4374 illa
1735 4313 1946 4376 multa
1974 4334 2298 4397 corpora,

107 4396 260 4459 quae
300 4399 625 4464 recedunt
666 4404 870 4468 rebus
919 4412 985 4467 et
1031 4405 1364 4470 accedunt
1385 4453 1400 4481 ,
1411 4406 1672 4495 fluitare
1716 4417 1901 4472 reete
1948 4410 2266 4475 dicuntur
2283 4462 2299 4488 ‚
