2840 5008
477 397 616 465 300
1549 397 1616 465 V

471 571 682 657 magis
709 571 845 635 loca
872 573 1131 655 timia,
1164 571 1352 657 quod
1380 573 1611 657 posuit
1637 572 1997 637 Lambinus
2019 620 2034 636 .
2079 574 2317 638 melius
2345 574 2523 640 foret
2551 589 2682 641 tan-

467 681 619 754 qam
636 717 655 748 ‚
699 667 824 733 sed
851 669 1270 733 verissimum
1300 669 1538 735 eodem
1566 691 1772 735 sensu
1797 683 1854 736 et
1884 673 2019 736 loca
2056 694 2215 737 nm.
2232 696 2436 737 osu-r
2461 723 2475 736 .
2516 676 2591 738 in
2617 699 2682 749 11,

477 767 587 831 141
620 768 770 831 haec
797 768 932 831 loca
961 769 1192 831 circum
1223 769 1527 832 Laetitiae
1552 770 1848 833 mulcent.
1895 768 1982 833 de
2023 770 2318 835 nubibus
2359 771 2431 832 in
2459 793 2550 846 nr,
2573 772 2683 836 136

472 867 644 930 Aera
684 865 1005 929 mulcentes
1040 875 1203 929 mom
1225 914 1238 928 .
1285 864 1625 952 Vergilius
1661 867 1734 929 in
1761 887 1876 941 vn,
1894 867 1976 930 34
2019 866 2107 931 de
2150 869 2390 933 avibus
2422 868 2683 933 Aethera

468 963 808 1027 mulcebant
843 972 1025 1027 can-tu
1049 1011 1062 1024 .
1107 969 1402 1026 ceterum
1447 961 1753 1026 ordinem
1793 983 2107 1028 versuum
2150 966 2407 1048 primus
2437 965 2555 1028 hic
2585 987 2683 1028 os·

469 1059 690 1126 tendit
709 1059 1036 1124 Marullus
1058 1080 1100 1122 a
1120 1059 1610 1125 recentioribus
1634 1059 1817 1124 nulla
1837 1060 2037 1126 laude
2061 1061 2378 1149 dig-natus
2398 1113 2414 1126 .
2439 1061 2686 1126 Wake-

470 1157 709 1223 fieldus
727 1205 744 1234 ‚
776 1158 969 1244 quasi
998 1158 1329 1222 elementa
1357 1178 1561 1222 caeco
1586 1178 1748 1222 casu
1769 1159 1840 1221 in
1861 1159 2038 1223 hanc
2063 1159 2554 1244 disposituram
2577 1160 2686 1225 de-

470 1258 779 1322 venerint
799 1304 818 1336 ,
857 1250 1060 1320 ‘nulla
1103 1263 1207 1320 est
1249 1256 1505 1320 caussa’
1528 1303 1543 1330 ‚
1585 1257 1806 1341 inquit
1826 1304 1843 1332 ‚
1882 1251 1989 1321 ‘de
2033 1260 2167 1343 qua
2208 1270 2520 1343 receptam
2562 1258 2689 1321 loci

472 1354 1019 1420 constitutionem
1050 1354 1157 1418 vel
1181 1354 1531 1419 immutare
1554 1402 1570 1429 ‚
1600 1355 1710 1419 vel
1737 1355 2055 1421 deserere
2071 1403 2088 1431 ‚
2116 1357 2438 1420 velimus’.

636 1453 774 1518 571.
798 1452 1077 1517 FomaA
1108 1474 1428 1528 QUOQUE
1464 1475 1657 1517 nmo
1703 1475 1930 1519 some
1974 1476 2232 1518 nuem-
2275 1475 2684 1528 anumque

468 1574 755 1616 vnn-:m
779 1600 793 1613 .
839 1550 1231 1630 Quadratus
1273 1552 1543 1638 ilumque
1566 1599 1580 1614 .
1626 1552 1984 1617 Turnebus
2025 1554 2097 1616 in
2140 1552 2686 1617 adversariorum

468 1672 603 1722 xiv,
621 1648 703 1711 23
735 1647 1000 1733 egregie
1029 1648 1258 1713 Forma
1287 1651 1430 1714 colis
1458 1671 1878 1725 sunnone
1902 1693 1918 1724 ,
1965 1649 2152 1734 quod
2191 1657 2427 1714 tamen
2467 1671 2685 1734 neque

467 1749 613 1832 ipse
640 1766 766 1809 nec
798 1745 1005 1809 ceteri
1036 1747 1149 1830 qui
1171 1745 1257 1811 de
1280 1746 1414 1811 hoc
1438 1746 1768 1811 vocabulo
1794 1746 2111 1811 dixerunt
2137 1755 2325 1812 recte
2354 1748 2686 1831 interpre-

470 1845 593 1908 tati
616 1850 775 1920 sunt
794 1849 1068 1927 praeter
1088 1840 1496 1907 Bentleium:
1525 1845 1583 1908 is
1607 1843 1694 1908 ad
1718 1865 1984 1909 versum
2007 1845 2123 1909 581
2133 1846 2323 1934 filum
2344 1845 2517 1910 dicit
2541 1866 2684 1909 esse

466 1941 1030 2029 magnitudinem:
1074 1952 1179 2007 est
1220 1950 1443 2007 autem
1470 1942 1747 2027 proprie
1775 1942 2196 2018 crassitud0‚
2241 1944 2435 2028 quod
2464 1943 2579 2007 vel
2607 1964 2685 2006 ex

466 2042 619 2107 libri
649 2063 719 2105 xv
746 2062 949 2106 versu
976 2041 1060 2106 88
1089 2049 1412 2127 apparet,
1455 2042 1570 2106 ubi
1614 2048 1773 2106 sunt
1795 2042 2154 2128 formarum
2191 2044 2445 2126 vestiqia
2484 2042 2685 2125 suptili

453 2143 744 2227 praedita
753 2142 906 2230 βία
939 2140 1175 2204 Cicero
1197 2139 1284 2204 de
1308 2146 1581 2204 oratore
1601 2140 1774 2204 libro
1797 2161 1867 2216 11,
1884 2137 1966 2202 93
1994 2162 2195 2202 omnes
2223 2140 2404 2202 etiam
2432 2148 2566 2202 tum
2592 2162 2681 2201 re-

466 2241 732 2305 tinebant
756 2240 932 2302 illum
949 2229 1191 2303 Pericli
1215 2260 1461 2314 sucum,
1489 2241 1599 2302 sed
1623 2249 1800 2303 erant
1810 2239 2007 2323 paulo
2034 2238 2311 2300 uberiore
2320 2237 2480 2325 βία.
2508 2234 2683 2300 idem

465 2340 534 2403 in
577 2362 673 2413 111,
692 2338 773 2402 96
825 2337 1098 2402 Ornatur
1140 2337 1327 2420 ἱρέων
1363 2338 1564 2400 oratio
1601 2360 1823 2423 ρεπεν-ε
1851 2338 2128 2422 pimum
2169 2346 2245 2398 et
2262 2337 2447 2421 quasi
2490 2336 2682 2398 colore

465 2439 730 2525 quodam
772 2447 829 2499 et
865 2459 1026 2499 suco
1050 2457 1203 2498 suo:
1242 2455 1401 2498 mox
1442 2433 1693 2498 ibidem
1737 2437 1803 2498 in
1844 2445 1959 2499 toto
2000 2444 2344 2520 spectantwr
2372 2433 2526 2497 haec
2554 2454 2681 2496 cor·

451 2560 654 2622 pore:
699 2534 944 2599 deinde
981 2533 1095 2598 103
1137 2534 1288 2598 haec
1311 2534 1657 2620 formanda
1681 2535 1800 2622 filo
1840 2536 1970 2619 ipso
2012 2544 2068 2597 et
2101 2556 2322 2618 qenere
2362 2532 2685 2595 orationis.

463 2634 642 2699 idem
681 2635 752 2696 in
779 2633 1008 2698 Laelio
1038 2632 1118 2695 25
1158 2644 1214 2696 et
1250 2632 1459 2695 audivi
1485 2654 1607 2695 non
1634 2633 1852 2694 invitus
1880 2632 2153 2718 equidem
2193 2629 2684 2715 (philosophos

465 2731 965 2817 disputantes):
995 2731 1105 2794 ced
1129 2731 1305 2794 aliud
1328 2730 1635 2816 quoddam
1644 2730 1832 2818 filum
1860 2731 2150 2793 orationis
2176 2739 2349 2801 tuae,
2380 2726 2519 2790 hoc
2548 2736 2681 2799 est,

463 2829 731 2894 illorum
759 2828 979 2891 oratio
1009 2828 1279 2891 tenuior
1307 2835 1413 2891 est
1434 2876 1451 2902 ‚
1495 2827 1769 2891 uberior
1796 2834 1915 2890 tua
1936 2876 1950 2891 .
1995 2826 2324 2889 Varronis
2355 2827 2573 2889 verba
2602 2824 2681 2889 de

460 2930 689 3014 lingua
716 2925 960 2989 Latina
987 2948 1034 2987 x
1060 2945 1126 3009 p.
1147 2924 1308 2999 546,
1353 2926 1598 3009 quibus
1641 2926 1708 2988 in
1744 2924 1879 2988 hoc
1907 2923 2241 2989 vocabulo
2274 2922 2681 3008 explicando

464 3022 881 3114 grammatici
906 3022 1007 3086 uti
1033 3038 1171 3085 non
1202 3021 1465 3096 solent,
1505 3022 1835 3086 Miillerus
1881 3043 2151 3108 quoque
2177 3022 2352 3086 male
2379 3023 2681 3107 interpo-

464 3127 663 3192 lavit.
709 3121 926 3189 codex
965 3128 1154 3185 recte
1197 3119 1297 3185 Eo
1329 3142 1525 3233 porro
1563 3121 1883 3184 similiores
1923 3132 2062 3185 cum
2100 3122 2206 3206 qui
2229 3121 2412 3206 facie
2447 3132 2679 3207 qaoque

452 3249 611 3310 pene
641 3226 885 3301 eadem,
913 3222 1122 3285 habitu
1151 3220 1455 3305 corpori-9,
1468 3220 1625 3309 βία.
1656 3219 1949 3291 NoniuS‚
1981 3219 2095 3303 qui
2126 3219 2372 3282 ceteris
2403 3239 2680 3303 pravam

464 3320 1091 3405 interpretationem
1121 3319 1536 3402 praecinuit,
1580 3340 1642 3402 p.
1661 3316 1801 3391 313,
1827 3316 1900 3381 12
1931 3316 2171 3388 mlum,
2208 3319 2333 3381 oris
2363 3318 2681 3381 liniamen-

465 3431 591 3482 twm
610 3454 623 3481 .
649 3417 931 3481 Lucilius
953 3416 1053 3478 lib.
1074 3437 1346 3479 XXVIIII
1368 3415 1570 3501 Surqc
1592 3416 1809 3479 mulier
1822 3462 1841 3494 ,
1864 3415 2062 3478 ducito
2065 3415 2254 3503 filum
2273 3438 2400 3478 non
2419 3416 2645 3479 malum
2663 3461 2676 3475 .

464 3517 698 3582 Lucilii
722 3514 931 3580 verba
951 3513 1123 3577 male
1146 3512 1468 3577 distincta
1497 3535 1645 3578 esse
1674 3520 1981 3598 apertum
2011 3518 2116 3575 est
2133 3560 2147 3575 .
2169 3512 2525 3577 novissimi
2547 3511 2673 3576 edi-

462 3626 651 3681 tores
680 3616 920 3696 ducite3
963 3633 1257 3698 quonam
1286 3612 1696 3677 auctore·usi
1714 3659 1730 3686 ‚
1759 3611 2026 3675 nescio:
2068 3632 2222 3673 nam
2251 3618 2414 3675 ante
2445 3632 2522 3674 se
2549 3631 2679 3674 non

461 3716 665 3779 modo
696 3715 1073 3779 Mercerum
1118 3711 1241 3775 sed
1282 3733 1514 3775 omnes
1556 3712 1754 3774 ducito
1785 3708 2057 3774 dedisse
2087 3729 2172 3771 ne
2201 3707 2519 3772 referunt.
2541 3707 2676 3792 qui·

463 3814 645 3875 dem.
679 3811 844 3898 quid
865 3810 1161 3874 Lucilius
1185 3810 1533 3893 scripserit
1556 3807 1689 3872 dici
1709 3828 1845 3870 non
1867 3812 2130 3890 potest:
2155 3816 2447 3890 possunt
2471 3814 2677 3889 tcmp-

462 3912 592 3976 tari
622 3929 798 3994 quae
828 3929 909 3972 eo
941 3908 1147 3995 digna
1178 3909 1346 3983 sint3
1389 3906 1579 3970 velut
1605 3906 1739 3969 hoc
1763 3954 1778 3979 ‚
1836 3905 2061 3988 Viryon
2088 3928 2169 3967 an
2196 3905 2422 3968 mulier
2442 3904 2676 3967 dubito.

444 4012 631 4099 βίιιιη
659 4022 780 4071 n‘on
806 4008 1039 4071 malum
1055 4056 1071 4085 ‚
1105 4008 1349 4071 Nasum
1376 4006 1488 4069 hoc
1517 4010 1854 4089 corpusque
1879 4003 2093 4066 scitum
2111 4051 2124 4065 .

630 4107 768 4171 576.
801 4105 993 4170 Slvr:
1040 4127 1188 4169 suti
1234 4126 1592 4167 rnomuo
1639 4123 1937 4165 morti-r
1984 4123 2077 4163 nn
2125 4122 2496 4165 CORPORE
2545 4122 2677 4163 Lu-

466 4229 650 4270 csm.
695 4204 1029 4268 Antonius
1059 4200 1259 4264 Marii
1296 4208 1365 4264 et
1393 4201 1720 4265 Marullus
1763 4221 1971 4263 SUAM
1997 4247 2010 4260 .
2055 4197 2379 4282 Apuleius
2421 4197 2509 4261 de
2550 4196 2678 4261 deo

465 4304 771 4368 Socratis
815 4326 877 4387 p.
916 4301 1033 4366 113
1090 4297 1248 4362 edit.
1292 4298 1600 4364 Hildebr.
1644 4298 1853 4361 radios
1892 4297 2034 4360 solis
2076 4296 2286 4360 obstici-
2306 4296 2405 4359 vel
2445 4297 2680 4359 adversi

467 4402 718 4485 usurpat
745 4412 800 4464 el
818 4449 834 4480 ‚
880 4412 947 4464 ut
971 4399 1164 4463 verbis
1192 4396 1332 4461 altar
1361 4399 1637 4462 Lucretii
1658 4445 1673 4477 ,
1719 4395 1963 4460 notha-m
1990 4397 2176 4460 iactat
2201 4394 2276 4458 de
2304 4416 2559 4479 corpore
2586 4394 2677 4456 lec-
