2840 5008
1193 421 1311 535 V·
2106 433 2109 437 ’
2218 431 2353 500 179

89 614 200 659 nec
225 593 447 657 minus
478 595 549 657 in
581 602 770 658 certo
802 593 1040 658 dentes
1071 594 1312 659 cadere
1340 598 1625 684 imperat
1654 610 1838 665 aetas

89 719 383 794 tempore
418 716 493 772 et
517 709 838 794 inpubem
867 710 1047 773 molli
1077 711 1447 796 pubescere
1475 724 1666 778 veste

89 835 147 888 et
171 823 729 913 pariter-mollem
760 824 944 888 malis
976 823 1325 889 demittere
1355 827 1664 892 barbam:

19 958 51 1002 25
87 939 353 1004 fulmina
380 946 735 1023 postremo
754 987 771 1014 ‚
792 939 909 1003 nix
927 988 942 1014 ,
965 940 1212 1004 imbres
1230 990 1246 1018 ‚
1272 942 1500 1006 nubila
1517 991 1532 1017 ,
1554 945 1765 1019 venti,

84 1077 207 1119 non
234 1054 440 1117 nimis
469 1053 748 1116 incertis
775 1053 943 1117 fiunt
971 1055 1041 1117 in
1068 1035 1374 1140 partibus
1405 1058 1599 1120 anni.

88 1190 370 1253 namque
401 1169 521 1233 ubi
550 1168 647 1231 sic
675 1166 949 1232 fuerunt
978 1190 1327 1233 causarum
1358 1171 1636 1235 exordia
1663 1173 1877 1257 prima

89 1292 282 1369 atque
311 1284 416 1347 ita
444 1304 557 1346 res
588 1281 815 1345 mundi
845 1282 1148 1349 cecidere
1180 1287 1264 1348 ab
1296 1285 1549 1369 origine
1579 1288 1820 1371 prima,

90 1404 431 1482 conseque
464 1418 737 1482 quoque
766 1397 893 1459 iam
924 1397 1211 1464 redeunt
1244 1421 1327 1463 ex
1356 1398 1592 1463 ordine
1624 1415 1809 1466 certo
1830 1452 1843 1467 .

19 1529 55 1574 ιο
167 1512 497 1576 Crescere
525 1512 819 1596 itemque
852 1510 993 1576 dies
1021 1513 1179 1578 lieet
1210 1523 1278 1577 et
1306 1515 1655 1579 tabescere
1683 1528 1919 1583 noctes
1936 1569 1950 1595 ‚

93 1637 155 1692 et
179 1627 389 1690 minui
418 1626 603 1689 luces
621 1675 636 1702 ‚
662 1648 811 1689 cum
839 1636 1102 1692 sumant
1132 1630 1439 1713 augmina
1467 1638 1702 1694 noctes
1723 1680 1738 1705 ,

90 1749 198 1805 aut
227 1743 391 1826 quia
422 1741 529 1804 sol
554 1739 734 1804 idem
764 1742 888 1806 sub
918 1750 1135 1806 terras
1168 1750 1372 1828 atque
1403 1766 1694 1830 superne

90 1857 447 1940 imparibus
478 1877 753 1921 currens
784 1855 1210 1921 amfractibus
1241 1858 1533 1922 aetheris
1567 1881 1720 1922 oras

94 1973 291 2056 partit
321 1979 390 2035 et
416 1971 486 2033 in
515 1970 725 2055 partis
754 1993 891 2034 non
920 1983 1173 2056 aequas
1203 1972 1442 2037 dividit
1472 1975 1732 2049 orbem,

19 2098 57 2144 35
96 2093 155 2148 et
183 2083 375 2170 quod
405 2086 488 2149 ab
521 2061 844 2149 alterutra
872 2085 1168 2151 detraxit
1193 2097 1387 2175 parte
1405 2137 1420 2164 ‚
1443 2090 1712 2172 reponit

99 2200 228 2262 eius
255 2200 330 2263 in
360 2198 651 2263 adversa
677 2207 866 2264 tanto
897 2202 1046 2287 plus
1077 2210 1270 2287 parte
1299 2195 1550 2266 relatus
1569 2250 1584 2276 ‚

100 2313 309 2378 donec
340 2315 429 2378 ad
456 2314 530 2378 id
559 2314 818 2399 signum
847 2315 1017 2378 caeli·
1042 2318 1346 2399 pervenit
1366 2365 1381 2387 ,
1409 2318 1523 2381 ubi
1553 2320 1708 2381 anni

96 2429 311 2493 nodus
337 2437 704 2493 nocturnas
736 2438 1067 2516 exaequat
1093 2432 1353 2495 lucibus
1381 2433 1684 2497 umbras:

98 2519 242 2608 nam
268 2544 490 2609 medio
522 2566 720 2609 cursu
749 2543 948 2609 flatus
980 2547 1307 2631 aquilonis
1340 2556 1408 2612 et
1438 2550 1646 2612 austri

21 2671 61 2719 9ο
99 2659 394 2736 distinet,
418 2667 707 2744 aequato
739 2661 992 2724 eaelum
1024 2660 1399 2725 discrimine
1429 2672 1686 2727 metans
1705 2714 1719 2737 ‚

102 2783 372 2860 propter
403 2774 699 2860 signiferi
731 2758 1098 2860 posituram
1127 2777 1338 2841 totius
1365 2778 1550 2841 orbis

21 2900 64 2947 93
102 2889 375 2974 obliqui,
404 2898 621 2953 terras
654 2897 721 2953 et
749 2889 1003 2953 caelum
1031 2890 1278 2954 lumine
1305 2891 1602 2956 lustrans

22 3013 67 3061 92
102 3025 309 3067 annua
337 3004 440 3067 sol
465 3004 537 3066 in
569 3025 703 3088 quo
735 3003 1079 3069 concludit
1105 3014 1412 3091 tempora
1441 3028 1749 3093 serpenS‚

22 3128 69 3176 94
102 3127 173 3181 ut
197 3119 361 3183 ratio
395 3117 691 3182 declarat
721 3139 949 3182 eorum
980 3121 1095 3204 qui
1120 3120 1275 3185 loca
1314 3121 1479 3184 caeli

107 3233 314 3296 omnia
342 3231 686 3319 dispositis
716 3233 920 3318 signis
951 3243 1188 3300 ornata
1216 3244 1564 3299 notarunt.

107 3355 213 3411 aut
241 3348 395 3432 quia
424 3347 715 3411 crassior
746 3356 850 3412 est
879 3349 1080 3412 certis
1107 3350 1176 3412 in
1205 3350 1510 3435 partibus
1540 3356 1683 3426 aer,

108 3463 220 3526 sub
249 3463 442 3527 terris
471 3461 627 3525 ideo
660 3461 1011 3526 tremulum
1040 3464 1231 3529 iubar
1260 3463 1548 3529 haesitat
1574 3465 1749 3550 ignis

106 3596 219 3639 nec
245 3585 598 3662 penetrare
627 3585 854 3662 potest
882 3578 1074 3643 facile
1107 3588 1311 3669 atque
1343 3601 1683 3665 emergere
1714 3580 1803 3644 ad
1834 3592 2056 3646 ortus:

106 3699 451 3776 propterea
479 3698 713 3755 noctes
742 3693 1024 3758 hiberno
1056 3701 1360 3780 tempore
1388 3695 1629 3780 longae

23 3812 71 3861 '00
109 3815 355 3871 cessant
373 3855 390 3882 ‚
414 3805 573 3870 dum
602 3807 829 3872 veniat
856 3807 1189 3872 radiatum
1215 3809 1474 3894 insigne
1506 3808 1668 3872 diei.

109 3927 210 3983 aut
237 3921 429 3984 etiam
447 3970 462 3995 ‚
487 3920 643 4004 quia
673 3921 766 3984 sic
796 3922 1067 3986 alternis
1097 3924 1403 4011 partibus
1436 3925 1590 3987 anni

108 4034 347 4100 tardius
379 4043 448 4099 et
478 4035 668 4098 citius
700 4047 1110 4102 consuerunt
1139 4037 1477 4103 confluere
1505 4041 1695 4125 ignes
1713 4089 1727 4114 ‚

114 4219 287 4228 ἡ...

112 4316 196 4363 675
230 4314 475 4368 Flumina
508 4325 790 4386 postromo
842 4319 863 4388 ΙΙ
921 4324 1019 4371 679
1058 4319 1393 4388 Consequiae
1429 4319 1450 4388 ΙΙ
1486 4336 1662 4375 rerum
1702 4320 1722 4389 ΙΙ
1758 4326 1856 4373 684
1895 4337 1924 4371 e
1959 4321 2012 4373 in
2047 4319 2068 4389 ΙΙ
2107 4324 2204 4372 690
2241 4334 2353 4371 me-

111 4405 208 4449 tas.
242 4398 261 4464 ΙΙ
296 4402 395 4450 693
436 4398 671 4468 Obliquo
709 4400 730 4467 ΙΙ
766 4405 864 4453 692
904 4401 1145 4455 contudit
1179 4400 1199 4470 ΙΙ
1239 4407 1337 4455 700
1375 4400 1505 4454 dici.
2219 4398 2224 4407 ⁸

1835 4501 1950 4564 12‘
