2840 5008
1192 386 1277 453 V*
1547 422 1553 429 ·
1627 423 1638 434 ·
2217 390 2346 459 181

99 570 282 646 atque
312 561 442 625 alia
470 559 650 624 illius
680 562 976 646 reparari
1004 562 1071 624 in
1102 569 1295 646 parte
1326 563 1645 648 locoque,

42 696 61 738 5
98 676 418 740 difficilest
445 677 713 740 ratione
744 675 989 739 docere
1020 684 1088 740 et
1115 677 1383 740 vincere
1413 679 1662 750 verbiS‚

97 789 314 854 ordine
346 813 501 854 cum
532 791 796 876 possint
823 800 958 855 tam
989 799 1174 855 certo
1205 792 1412 856 multa
1439 793 1679 857 creari.

92 907 138 969 it
162 927 275 968 ver
307 914 375 970 et
406 905 646 968 Venus
666 954 681 979 ‚
709 914 777 968 et
804 906 979 968 veris
1010 907 1443 990 praenuntius
1474 917 1628 972 ante

92 1028 411 1107 pennatus
442 1019 750 1105 graditur
780 1021 1112 1107 zephyrus
1133 1069 1147 1094 ‚
1172 1023 1456 1108 vestigia
1486 1032 1765 1109 propter

93 1134 278 1199 Flora
308 1137 559 1220 quibus
588 1142 799 1198 mater
829 1157 1319 1222 praespargens
1350 1144 1506 1201 ante
1537 1138 1665 1200 viai

43 1269 56 1312 )
94 1259 319 1314 cuncta
350 1250 697 1314 coloribus
730 1251 1006 1336 egregiis
1041 1259 1110 1315 et
1139 1250 1462 1315 odoribus
1494 1253 1754 1337 opplet.

90 1364 234 1427 inde
262 1364 396 1427 loci
428 1365 733 1448 sequitur
764 1366 945 1428 calor
976 1364 1202 1429 aridus
1238 1375 1306 1430 et
1337 1388 1559 1430 comes
1591 1390 1723 1432 una

93 1479 549 1563 pulverulenta
581 1478 781 1542 Ceres
815 1487 879 1542 et
911 1481 1118 1544 etesia
1145 1480 1356 1545 flabra
1384 1483 1793 1566 aquilonum.

92 1593 233 1656 inde
265 1602 629 1656 autumnus
660 1592 801 1657 adit
821 1644 835 1670 ,
861 1595 1167 1680 graditur
1198 1597 1388 1660 simul
1416 1597 1674 1661 Euhius
1702 1597 1925 1662 Euan.

89 1708 233 1771 inde
263 1709 434 1773 aliae
463 1716 901 1794 tempestates
933 1712 1247 1795 ventique
1278 1720 1627 1789 secuntur,

43 1840 54 1883 5
89 1823 437 1888 altitonans
468 1823 843 1888 Volturnus
875 1834 942 1890 et
972 1835 1196 1890 auster
1224 1826 1495 1889 fulmine
1524 1829 1814 1913 pollens,

89 1937 352 2001 tandem
379 1939 618 2001 bruma
646 1940 834 2003 nives
863 1939 1086 2004 adfert
1116 1942 1508 2028 pigrumque
1537 1944 1852 2029 rigorem,

92 2053 309 2138 prodit
338 2053 596 2140 hiemps
616 2103 630 2129 ‚
653 2055 953 2139 sequitur
984 2058 1319 2142 crepitans
1349 2057 1525 2120 hanc
1557 2057 1871 2123 dentibus
1903 2060 2121 2145 algor.

94 2190 213 2253 quo
242 2168 461 2231 minus
494 2176 599 2231 est
626 2169 861 2233 mirum
880 2219 894 2244 ‚
919 2171 976 2233 si
1007 2180 1192 2235 certo
1222 2179 1524 2257 tempore
1556 2174 1712 2236 luna

132 2283 370 2368 'gnitur
401 2290 470 2346 et
501 2291 688 2346 certo
722 2282 982 2349 deletur
1011 2294 1312 2371 tempore
1341 2310 1568 2362 rusus,

45 2412 57 2456 )
91 2419 224 2460 cum
250 2398 395 2461 fieri
425 2398 691 2483 possint
721 2407 853 2463 tam
886 2371 1072 2464 certo
1104 2412 1405 2488 tempore
1437 2402 1672 2467 multa.

122 2532 131 2541 ·
165 2513 336 2577 Solis
365 2515 523 2578 item
557 2536 823 2599 quoque
856 2515 1159 2581 defectus
1190 2518 1519 2604 lunaeque
1550 2519 1839 2584 latebras

93 2628 378 2714 pluribus
410 2650 446 2691 e
478 2630 696 2693 causis
725 2630 866 2694 fieri
896 2632 1015 2696 tibi
1044 2654 1248 2717 posse
1277 2633 1747 2720 putandumst.

91 2764 229 2805 nam
259 2765 376 2806 cur
404 2745 566 2807 luna
599 2755 801 2830 queat
829 2755 1074 2810 terram
1106 2748 1453 2812 secludere
1485 2749 1644 2812 solis

91 2857 318 2921 lumine
348 2868 416 2923 et
445 2882 485 2923 a
513 2861 711 2924 terris
741 2852 943 2925 altum
975 2871 1175 2947 caput
1205 2864 1556 2957 obstruere
1588 2866 1676 2939 ei,

45 2988 57 3031 3
92 2972 369 3037 obiciens
400 2996 671 3038 caecum
699 2974 903 3039 radiis
934 2975 1324 3041 ardentibus
1357 2979 1618 3055 orbem3

95 3095 377 3175 tempore
409 3088 649 3153 eodem
677 3090 839 3154 aliut
865 3090 1086 3155 facere
1115 3091 1187 3154 id
1213 3114 1351 3157 non
1380 3116 1583 3180 posse
1614 3103 1887 3179 putetur

94 3184 322 3289 corpus
342 3255 356 3280 ‚
379 3203 567 3289 quod
599 3226 859 3268 cassum
886 3205 1152 3270 labatur
1184 3208 1426 3271 lumine
1456 3210 1762 3294 semper?
1803 3226 1812 3234 ·

95 3318 311 3406 solque
341 3341 503 3383 suos
535 3319 731 3383 etiam
763 3319 1090 3385 dimittere
1123 3322 1475 3409 languidus
1503 3324 1673 3408 ignis

98 3440 379 3518 tempore
411 3456 531 3498 cur
562 3442 749 3498 certo
781 3445 1104 3519 nequeat,
1128 3459 1568 3524 recreareque
1599 3440 1845 3515 lumen,

47 3559 60 3604 i
95 3567 226 3610 cum
253 3550 401 3613 loca
428 3549 776 3636 praeteriit
802 3549 1079 3615 flammis
1108 3551 1351 3616 infesta
1377 3575 1499 3639 per
1528 3576 1725 3619 auras
1743 3606 1758 3631 ‚

97 3684 250 3745 quae
276 3642 534 3729 faciunt
561 3664 731 3750 ignis
760 3665 1179 3752 interstingui
1209 3676 1412 3753 atque
1442 3670 1710 3756 perire?

98 3786 157 3840 et
182 3801 291 3843 cur
319 3788 505 3844 terra
535 3787 739 3864 queat
766 3781 986 3845 lunam
1016 3783 1303 3867 spoliare
1332 3784 1619 3847 vicissim

96 3890 314 3959 lumine
345 3903 414 3959 et
443 3916 843 3981 oppressum
873 3896 1081 3960 solem
1112 3920 1314 3983 super
1341 3899 1490 3983 ipsa
1517 3907 1777 3975 tenere,

105 4210 187 4258 736
221 4212 428 4280 possint
467 4219 737 4266 omissum.
797 4214 816 4283 ΙΙ
881 4221 977 4267 737
1020 4216 1229 4268 veneris
1286 4215 1327 4286 ΙΙ.
1361 4222 1460 4268 738
1501 4217 1719 4287 zephyri
1757 4215 1778 4285 ΙΙ
1820 4224 1916 4270 742
1956 4218 2281 4271 Pulverunta
2319 4219 2337 4285 ΙΙ

103 4298 149 4341 et
175 4302 431 4353 omissum.
489 4295 508 4363 ΙΙ
565 4303 661 4349 747
702 4296 863 4351 Redit
900 4299 919 4368 ΙΙ
957 4299 1220 4353 creditans
1258 4300 1277 4367 Η
1318 4298 1450 4368 algi.
1506 4299 1526 4368 ΙΙ
1581 4308 1686 4381 750.
1716 4300 1828 4352 fleri
1881 4302 1899 4370 ΙΙ
1939 4307 2034 4353 753
2073 4298 2275 4371 possis,
2315 4302 2334 4368 Η

105 4377 187 4425 756
224 4377 402 4430 eadem
441 4381 461 4447 ΙΙ
502 4384 595 4431 761
636 4383 822 4451 periri.
