2840 5008
515 364 606 433 96
1601 366 1696 434 III

514 537 764 603 addere
797 537 967 603 enim
995 539 1205 625 partis
1235 546 1349 602 aut
1379 537 1615 604 ordine
1644 540 1970 605 traiecere
2001 553 2298 608 aecumst

513 660 628 716 aut
656 651 908 737 aliquid
933 652 1207 738 prosum
1238 652 1324 716 de
1354 676 1607 719 summa
1637 653 1990 719 detrahere
2019 656 2223 721 hilum
2242 708 2280 734 „

370 785 465 830 515
512 774 917 832 commutare
947 768 1228 832 animum
1260 769 1373 853 qui
1404 790 1686 853 cumque
1716 768 2020 834 adoritur
2051 781 2119 836 et
2146 773 2291 836 infit

513 868 628 947 aut
657 883 847 947 aliam
878 883 1177 967 quamvis
1207 890 1510 947 naturam
1541 883 1807 949 flectere
1842 888 2131 969 quaerit.

513 1006 584 1061 at
610 1019 833 1083 neque
860 997 1208 1062 transferri
1238 998 1362 1062 sibi
1391 999 1602 1083 parti's
1632 1020 1757 1062 nec
1786 1000 1989 1063 tribui
2016 1002 2163 1065 vult

509 1112 855 1177 inmortale
886 1112 1069 1197 quod
1101 1120 1204 1176 est
1233 1112 1587 1197 quicquam
1617 1135 1836 1198 neque
1867 1113 2158 1179 defluere
2186 1117 2422 1181 hilum:

515 1249 666 1292 nam
700 1226 890 1313 quod
919 1248 1198 1311 cumque
1230 1227 1366 1290 suis
1394 1235 1719 1292 mutatum
1746 1229 1987 1293 finibus
2020 1232 2178 1305 exit,

370 1360 465 1406 520
511 1343 826 1407 continuo
856 1342 995 1406 hoc,
1018 1362 1197 1416 mors
1230 1349 1332 1405 est
1358 1342 1531 1406 illius
1562 1339 1747 1427 quod
1775 1343 1900 1408 fuit
1927 1353 2085 1409 ante
2103 1396 2116 1409 .

512 1480 671 1544 ergo
705 1458 959 1521 animus
990 1456 1129 1519 sive
1160 1457 1521 1542 aegrescit,
1544 1458 1846 1522 mortalia
1877 1459 2066 1543 signa
2147 1475 2148 1478 ’

508 1573 709 1637 mittit
726 1621 741 1648 ,
762 1572 860 1635 uti
889 1569 1118 1644 docui,
1142 1592 1261 1634 seu
1288 1571 1579 1636 flectitur
1608 1594 1648 1636 a
1675 1572 2024 1640 medicina.

509 1709 727 1773 usque
756 1686 926 1749 adeo
956 1685 1162 1750 falsae
1191 1687 1435 1750 rationi
1462 1708 1626 1750 vera
1651 1687 1919 1752 videtur

506 1824 617 1868 res
647 1822 996 1866 occurrere
1027 1809 1094 1864 et
1123 1800 1429 1887 effugium
1456 1800 1892 1886 praecludere
1923 1805 2129 1878 eunti,

367 1934 462 1980 525
509 1917 913 2003 ancipitique
940 1915 1231 1980 refutatu
1263 1915 1656 1980 convincere
1684 1916 1950 1993 falsum.

589 2032 894 2116 Denique
925 2052 1127 2115 saepe
1154 2031 1488 2095 hominem
1513 2032 1828 2117 paulatim
1859 2033 2186 2097 cernimus
2215 2035 2311 2097 ire

509 2156 576 2212 et
602 2147 1013 2211 membratim
1037 2147 1304 2211 vitalem
1335 2145 1709 2231 deperdere
1741 2169 2039 2224 sensum3

505 2264 573 2326 in
600 2262 887 2348 pedibus
916 2262 1195 2347 primum
1230 2260 1475 2346 digitos
1504 2262 1822 2326 livescere
1854 2271 1921 2326 et
1947 2264 2217 2348 unguiS‚

505 2378 662 2442 inde
690 2377 901 2463 pedes
933 2384 999 2440 et
1027 2397 1224 2440 crura
1249 2376 1451 2451 mori,
1474 2383 1635 2461 post
1660 2376 1817 2440 inde
1846 2399 1967 2464 per
1997 2385 2184 2442 artus

362 2510 457 2556 530
498 2494 597 2558 ire
627 2494 793 2558 alios
821 2492 1083 2558 tractim
1114 2489 1314 2577 gelidi
1343 2490 1626 2577 vestigia
1648 2491 1798 2555 leti.

506 2609 829 2674 scinditur
858 2630 1070 2693 usque
1102 2605 1271 2670 adeo
1302 2605 1470 2670 haec
1502 2607 1811 2692 quoniam
1840 2615 2078 2672 natura
2106 2630 2392 2674 nec.uno

504 2731 806 2810 tempore
835 2723 1095 2788 sincera
1124 2723 1382 2802 existit,
1406 2723 1703 2787 mortalis
1731 2721 2138 2788 habendast.

507 2838 694 2923 quod
723 2840 778 2903 si
805 2839 982 2903 forte
1010 2847 1210 2924 putas
1240 2839 1449 2922 ipsam
1482 2859 1554 2901 se
1584 2860 1788 2922 posse
1817 2861 1938 2923 per
1968 2846 2153 2903 artus

500 2955 827 3020 introsum
856 2953 1124 3018 trahere
1156 2960 1224 3015 et
1250 2953 1462 3037 partis
1493 2950 1872 3015 conducere
1901 2953 1968 3015 in
1997 2974 2197 3015 unum

360 3085 454 3131 535
500 3079 701 3155 atque
730 3069 883 3133 ideo
916 3067 1172 3131 cunctis
1204 3086 1471 3129 sensum
1504 3064 1843 3128 deducere·
1866 3066 2205 3140 membris,

502 3194 572 3251 at
595 3186 787 3261 locus
814 3183 924 3246 ille
953 3189 1175 3245 tamen
1194 3228 1209 3255 ,
1235 3200 1366 3264 quo
1399 3178 1593 3263 copia
1621 3186 1813 3243 tanta
1840 3179 2074 3272 animai

502 3301 760 3385 cogitur
779 3347 793 3374 ‚
816 3298 883 3360 in
913 3317 1115 3359 sensu
1147 3294 1351 3358 debet
1379 3294 1624 3358 maiore
1655 3292 1898 3370 videri3

501 3414 617 3499 qui
647 3412 955 3497 quoniam
983 3417 1378 3494 nusquamst
1395 3459 1410 3485 ,
1432 3410 1499 3472 ni
1528 3410 1760 3472 mirum
1778 3458 1792 3485 ,
1812 3416 1891 3472 ut
1921 3408 2203 3472 diximus
2234 3417 2418 3484 ante,

427 3571 444 3582 ·
502 3528 818 3592 dilaniata
842 3526 1026 3591 foras
1058 3524 1499 3611 dispargitur,
1520 3524 1748 3588 int—erit
1779 3544 1971 3610 ergo,

354 3661 452 3708 540
500 3644 659 3730 quin
689 3643 882 3708 etiam
912 3642 967 3707 si
995 3642 1123 3705 iam
1151 3641 1358 3705 libeat
1387 3638 1759 3703 concedere
1787 3640 2054 3714 falsum,

500 3769 569 3825 et
597 3760 758 3824 dare
788 3781 990 3847 posse
1021 3757 1301 3822 animam
1329 3755 1679 3842 glomerari
1705 3755 1773 3817 in
1806 3776 2091 3840 corpore
2123 3776 2375 3828 eorum,

497 3876 742 3939 lumina
771 3876 883 3959 qui
908 3874 1167 3938 lincunt
1193 3869 1571 3936 moribundi
1597 3870 2043 3955 particulatim
2062 3919 2076 3943 ‚

497 3990 841 4056 mortalem
871 3997 1092 4053 tamen
1123 4009 1270 4053 esse
1301 3988 1580 4051 animam
1608 3986 1861 4050 fateare
1891 4005 2167 4049 necesse
2185 4033 2199 4060 ‚

503 4283 601 4328 522
639 4274 828 4327 deocui
878 4273 897 4341 ΙΙ
936 4278 1030 4323 523
1068 4261 1289 4322 rationis
1337 4269 1356 4337 ΙΙ
1400 4275 1496 4320 525
1534 4264 1793 4320 refut-atur
1840 4267 1860 4335 ΙΙ
1912 4272 2006 4318 531
2048 4275 2206 4336 atque
2240 4267 2411 4318 animo
2458 4265 2478 4331 ΙΙ
2533 4268 2627 4314 535
2666 4258 2739 4310 di-

502 4361 695 4414 ducere
730 4359 749 4427 ΙΙ
788 4363 886 4410 538
923 4362 1045 4409 ante
1079 4360 1344 4408 omis-sum.
