2840 5008
1184 439 1246 506 11
2191 434 2331 502 117

263 616 404 679 730.
454 636 612 677 Meo
656 635 914 676 nuLcss
957 634 1302 688 Qussser
1345 634 1668 675 LAssoRE
1702 660 1713 672 .
1748 610 1818 672 In
1851 611 2024 673 libro
2057 611 2325 683 111‚4l9,

119 715 454 800 Conquisita
485 714 596 775 diu
623 734 771 773 nm„
790 733 992 795 mque
1018 720 1259 794 reperta
1289 710 1528 773 labore.
1562 708 1854 772 fortasse
1885 707 2327 772 scribidebet

111 812 329 874 dulcei:
353 809 482 873 sed
515 811 600 872 ab
632 808 1038 871 auctoritate
1069 808 1282 892 magis
1306 806 1535 870 valent
1557 808 1755 871 omnei
1785 812 1853 869 et
1883 807 2026 869 talei
2052 806 2120 868 in
2148 806 2321 869 libro
2401 796 2406 803 ¹

109 908 366 982 v1‚1143
401 906 599 971 1251.

261 1005 402 1068 734.
444 1003 654 1068 N1vn
696 1024 952 1065 Anum
996 1007 1348 1076 Qunm'ws
1395 1024 1545 1077 Qun
1592 1023 1794 1065 SUNT
1839 1022 2139 1063 INBUTA
2185 1023 2321 1064 co·

112 1124 144 1163 L
159 1124 329 1165 ORE.
352 1104 520 1165 Nive
545 1101 876 1194 oblopgus
894 1147 908 1174 ‚
931 1100 1162 1183 itaque
1184 1100 1517 1162 Antonius
1540 1098 1771 1177 Marii,
1790 1098 2156 1161 Brixiensis
2183 1097 2322 1161 edi·

112 1199 198 1261 tio
226 1199 430 1263 Huic:
464 1200 638 1264 Neve
669 1196 1041 1283 quadratus
1075 1204 1141 1260 et
1173 1198 1410 1260 ceteri.
1442 1198 1511 1260 in
1542 1197 1715 1261 libro
1747 1220 1842 1270 111,
1860 1194 1984 1259 286
2014 1197 2108 1260 Ni
2137 1202 2322 1259 vete-

111 1318 211 1359 res
238 1304 304 1360 et
334 1298 676 1361 Antonius
708 1343 724 1370 ‚
769 1294 1077 1381 impressi
1115 1296 1218 1359 Ne
1260 1344 1274 1358 .
1319 1295 1709 1358 observavit
1749 1294 1882 1357 hoc
1920 1294 1988 1355 in
2028 1289 2320 1377 utroq'ue

113 1394 249 1459 loco
275 1397 650 1461 Lambinus
684 1419 699 1470 ς
741 1393 928 1478 quod
966 1391 1139 1478 fugit
1167 1392 1507 1455 Handium
1545 1393 1613 1455 in
1643 1391 2008 1457 Tursellini
2037 1399 2219 1454 tomo
2252 1413 2324 1452 1v

114 1516 167 1577 p.
193 1493 302 1557 185
327 1542 341 1565 ‚
389 1494 712 1578 quoniam
756 1493 886 1554 hoc
931 1491 1268 1555 saeculum
1313 1492 1599 1555 avaritia
1640 1490 2061 1555 librariorum
2107 1488 2323 1552 nutrit

113 1588 445 1676 Forbigeri
479 1590 799 1655 sordibus
834 1639 848 1665 ,
895 1590 1007 1673 qui
1038 1595 1357 1672 poterant
1384 1588 1595 1652 multo
1638 1589 1890 1652 rectius
1915 1586 2224 1651 Lambini
2256 1593 2324 1648 et
2408 1621 2427 1649 ·.

119 1685 406 1753 Creechii
475 1688 995 1753 commentarios
1050 1686 1382 1772 huiusque
1435 1686 1883 1772 paraphrasin
1943 1685 2282 1749 recoxisse
2310 1734 2322 1747 .

117 1786 316 1869 ipsum
344 1788 480 1851 hoc
510 1790 581 1850 ni
603 1785 866 1850 Catullo
885 1785 1151 1848 restitui
1173 1808 1305 1860 mu,
1331 1786 1481 1850 153.
1509 1785 1845 1848 Pacuvius
1868 1785 1933 1847 in
1960 1783 2323 1846 Duloreste
2346 1818 2352 1825 ·

109 1886 363 1967 primum
405 1886 537 1950 hoc'
569 1885 674 1948 abs
711 1895 763 1947 te
801 1906 908 1946 oro
936 1931 954 1961 ,
995 1884 1063 1945 ni
1088 1905 1182 1945 me
1228 1882 1439 1966 (nimis
1471 1882 1655 1968 apud
1685 1881 1971 1945 Nonium
2001 1903 2066 1964 p.
2093 1876 2322 1963 184,6)

119 1982 533 2047 inexorabilem
565 1982 756 2045 Famis
773 2006 793 2042 .·
825 1981 893 2041 ni
931 1981 1221 2064 mrpassis
1262 1982 1610 2043 vanitudine
1641 1990 1894 2042 aetatem
1921 1988 2090 2041 tuam
2112 2026 2127 2051 ‚
2166 1976 2291 2040 Oro
2306 2026 2324 2056 ‚

120 2081 235 2141 nive
269 2083 391 2164 (mi
418 2105 496 2143 ne
527 2079 711 2164 apud
738 2078 1031 2142 Nonium
1060 2073 1419 2163 p.'160,11)
1449 2079 1686 2163 plectas
1709 2077 1904 2163 fandi
1943 2078 2028 2138 mi
2056 2076 2323 2160 prolixi-

123 2178 366 2241 tudinem
407 2229 420 2242 .
467 2180 542 2242 in
588 2183 889 2241 extrema
942 2183 1136 2262 parte
1167 2198 1405 2239 versus
1436 2178 1695 2240 colorem
1722 2174 2057 2238 Antonius
2101 2179 2171 2236 et
2203 2173 2323 2234 im-

122 2276 352 2355 pressi.
377 2276 505 2339 sed
533 2276 793 2339 colorem
813 2276 1039 2338 imbuta
1056 2274 1420 2338 Lambinus
1439 2273 1678 2337 Latine
1704 2272 1836 2335 dici
1858 2269 2062 2356 posse
2086 2278 2291 2355 negat
2309 2319 2323 2345 ,

121 2370 566 2437 Wakefieldus
583 2373 711 2436 sibi
723 2373 1113 2456 saepissime
1129 2373 1372 2435 lectum
1392 2373 1516 2445 ait,
1534 2370 1861 2455 Forbiger
1876 2368 2325 2431 notissimum:

124 2470 242 2533 utri
268 2471 443 2568 parti
475 2469 787 2545 creditis,
820 2469 1116 2549 Quirites
1143 2470 1175 2533 ⁴?
1227 2469 1674 2534 Forcellinum
1708 2468 2012 2532 Charisio
2047 2474 2328 2529 auctore

124 2588 294 2630 usum
324 2590 472 2633 esse
505 2570 683 2633 scio:
715 2569 838 2633 sed
865 2568 935 2631 in
963 2568 1162 2632 huius
1193 2570 1366 2632 libro
1396 2592 1442 2632 v
1471 2592 1534 2654 p.
1555 2566 1678 2631 266
1704 2566 2207 2630 Lindemannus
2240 2583 2325 2626 ex

126 2665 338 2730 codice
361 2689 499 2731 non
522 2667 734 2731 Imbuo
759 2666 948 2730 dedit
970 2714 984 2741 ‚
1012 2666 1133 2729 sed
1151 2667 1623 2752 Induffpuerum
1643 2666 1955 2729 rubricam
1973 2675 2028 2727 et
2043 2663 2325 2725 rubrica.

124 2761 331 2846 itaque
349 2766 720 2829 Lambinus
745 2762 1017 2849 scripsit
1044 2766 1259 2829 induta
1289 2767 1548 2829 colorem
1562 2790 1586 2845 ,-
1610 2763 1716 2826 cui
1747 2759 2196 2825 emendationi
2224 2767 2326 2821 ta·

124 2879 257 2922 men
285 2884 420 2926 non
449 2864 618 2927 satis
647 2862 806 2926 fidei
835 2862 996 2926 facit
1027 2861 1214 2947 quod
1242 2861 1705 2925 Wakefieldus
1747 2856 2087 2923 ex'Ovidii
2118 2864 2325 2920 meta-

127 2960 561 3043 morphoseon
584 2984 626 3036 1,
645 2960 767 3024 270
791 2960 1015 3023 attulit
1035 3009 1051 3035 ,
1078 2959 1320 3024 Nuntia
1343 2959 1596 3023 Iunonis
1624 2954 1825 3022 varios
1856 2958 2069 3025 induta
2098 2952 2327 3017 colores

131 3053 382 3142 Concipit
407 3060 536 3123 Iris
566 3082 760 3145 aquas
795 3084 815 3120 .·
855 3080 1009 3121 nam
1049 3057 1139 3120 ibi
1180 3056 1309 3120 dea
1338 3064 1595 3120 vestem
1626 3055 1991 3140 sumpsisse
2020 3053 2326 3137 fingitur,

126 3157 192 3213 ut
221 3153 477 3221 Hector
507 3155 936 3242 Vergilianus
981 3155 1227 3217 exuvias
1270 3155 1514 3217 indutas
1552 3154 1819 3231 Achilli,
1866 3172 2013 3213 cum
2055 3169 2173 3212 eae
2216 3168 2326 3210 res

128 3271 279 3333 quas
306 3252 665 3318 Lucretius
697 3252 860 3315 dicit
886 3252 1074 3336 ipsae
1106 3250 1554 3315 se'coloribus
1584 3251 1864 3313 tinxisse
1908 3269 2044 3310 non
2085 3252 2326 3331 puten-

129 3353 224 3410 tur
254 3398 266 3411 .
309 3349 775 3438 quare'potius
807 3357 910 3412 est
938 3356 1014 3410 ut
1044 3347 1379 3414 scribatur
1409 3349 1572 3411 Nive
1600 3349 1792 3411 aliam
1821 3347 2087 3433 quemvis
2117 3393 2133 3423 ,
2175 3365 2325 3419 Quo

127 3458 250 3509 sunt
272 3451 479 3514 inbuta
510 3451 709 3514 colore
723 3494 738 3521 ‚
765 3447 1097 3532 Propterea
1118 3456 1333 3530 yerere
1360 3446 1520 3509 hunc
1548 3447 1763 3509 creda-s·
1782 3494 1794 3507 .
1889 3466 1892 3472 ·

274 3544 412 3610 736.
455 3569 646 3612 Tmo
665 3567 757 3609 TA
812 3567 847 3608 o
867 3568 955 3608 o1⁴
973 3567 1114 3608 oss
1163 3593 1176 3607 .
1239 3542 1604 3608 Corrector
1649 3542 1965 3628 quadrati
2009 3547 2076 3604 et
2120 3539 2334 3618 ceteri.

132 3659 453 3705 COLORE.
2056 3651 2060 3655 '

277 3739 411 3802 741.
469 3762 701 3804 soms
765 3760 1281 3815 QU1·NUM1NA
1342 3758 1738 3812 NUMQUAM
1797 3736 2324 3799 DESPEXERE.

131 3830 441 3901 Antonius
459 3837 659 3900 Marii
678 3844 746 3900 et
762 3837 1087 3899 Marullus
1106 3859 1144 3897 L
1158 3857 1202 3899 u
1217 3859 1263 3897 M
1277 3859 1298 3898 1
1313 3858 1357 3898 N
1373 3859 1414 3898 A
1440 3885 1453 3898 .
1470 3835 1800 3899 Avantius
1818 3833 1880 3896 D
1895 3857 1919 3895 1
1935 3856 1966 3896 s
1983 3855 2021 3894 P
2037 3855 2074 3894 E
2087 3854 2134 3894 x
2147 3853 2185 3893 E
2199 3854 2242 3894 R
2256 3853 2295 3894 E
2314 3881 2327 3894 .

280 3933 414 3998 743.
443 3935 562 3999 Ex
595 3957 938 3998 mmmm:
970 3956 1180 3997 AEvo
1215 3981 1228 3995 .
1272 3932 1403 3996 Hic
1432 3954 1671 3995 versus
1702 3952 1995 4016 quonam
2023 3929 2175 3993 loco
2205 3952 2328 4014 po-

134 4028 374 4094 nendu's
405 4041 586 4098 esset
608 4033 948 4096 Bentleius
973 4031 1272 4095 ostendit
1290 4080 1304 4094 .
1330 4031 1494 4115 quid
1517 4028 1977 4094 Wakefieldus
1995 4028 2027 4090 P
2044 4022 2060 4047 ‘⁸
2079 4029 2212 4112 qua
2243 4027 2331 4092 de

139 4129 380 4189 caussa’
407 4131 626 4215 inquit
649 4179 664 4206 ,
689 4125 854 4193 ‘non
887 4130 1192 4215 equidem
1228 4130 1418 4191 valeo
1454 4128 1786 4213 dispicere
1810 4127 1854 4190 .’
1901 4126 2064 4211 quid
2092 4125 2329 4189 Forbi-

135 4222 290 4300 ger?
316 4219 540 4292 ‘Hunc
562 4228 857 4292 versum’
891 4227 1108 4312 inquit
1138 4221 1387 4289 ‘BentL
1410 4227 1624 4289 melius
1645 4232 1807 4309 post
1833 4247 1893 4287 v.
1914 4222 2036 4286 748
2066 4271 2078 4284 .
2120 4222 2330 4286 locari

138 4323 379 4384 censet?
405 4324 573 4390 alter
603 4326 944 4388 levitatem
975 4345 1164 4387 suam
1195 4322 1481 4387 candide
1503 4321 1756 4386 fatetur
1775 4369 1790 4398 ‚
1814 4321 1986 4384 alter
2011 4320 2330 4382 mentitur
