<?xml version="1.0" encoding="UTF-8"?>
<!DOCTYPE html PUBLIC "-//W3C//DTD XHTML 1.0 Transitional//EN"
    "http://www.w3.org/TR/xhtml1/DTD/xhtml1-transitional.dtd">
<html xmlns="http://www.w3.org/1999/xhtml" xml:lang="en" lang="en">
 <head>
  <title>
</title>
<meta http-equiv="Content-Type" content="text/html;charset=utf-8" />
  <meta name='ocr-system' content='tesseract 3.04.00' />
  <meta name='ocr-capabilities' content='ocr_page ocr_carea ocr_par ocr_line ocrx_word'/>
</head>
<body>
  <div class='ocr_page' id='page_1' title='image "./tlucreticarider02lachgoog_0122.png"; bbox 0 0 2840 5008; ppageno 0'>
   <div class='ocr_carea' id='block_1_1' title="bbox 540 360 1816 454">
    <p class='ocr_par' dir='ltr' id='par_1_1' title="bbox 540 360 1816 454">
     <span class='ocr_line' id='line_1_1' title="bbox 540 360 1816 454; baseline -0.002 -10"><span class='ocrx_word' id='word_1_1' title='bbox 540 360 685 447; x_wconf 42' lang='grc' dir='ltr'><strong>κ114</strong></span> <span class='ocrx_word' id='word_1_2' title='bbox 1631 374 1727 441; x_wconf 93' lang='lat'><strong>111</strong></span> <span class='ocrx_word' id='word_1_3' title='bbox 1803 447 1816 454; x_wconf 73' lang='grc'><em>,</em></span> 
     </span>
    </p>
   </div>
   <div class='ocr_carea' id='block_1_2' title="bbox 371 545 2462 2710">
    <p class='ocr_par' dir='ltr' id='par_1_2' title="bbox 371 545 2462 2710">
     <span class='ocr_line' id='line_1_2' title="bbox 623 545 2397 636; baseline 0.003 -27"><span class='ocrx_word' id='word_1_4' title='bbox 623 545 930 630; x_wconf 89' lang='lat' dir='ltr'><strong>Denique</strong></span> <span class='ocrx_word' id='word_1_5' title='bbox 959 553 1152 611; x_wconf 80' lang='lat' dir='ltr'><strong>tanto</strong></span> <span class='ocrx_word' id='word_1_6' title='bbox 1184 568 1390 634; x_wconf 91' lang='lat' dir='ltr'><strong>opere</strong></span> <span class='ocrx_word' id='word_1_7' title='bbox 1418 548 1488 611; x_wconf 90' lang='lat' dir='ltr'><strong>in</strong></span> <span class='ocrx_word' id='word_1_8' title='bbox 1518 546 1735 611; x_wconf 90' lang='lat' dir='ltr'><strong>dubiis</strong></span> <span class='ocrx_word' id='word_1_9' title='bbox 1767 548 2110 636; x_wconf 80' lang='lat' dir='ltr'><strong>trepidare</strong></span> <span class='ocrx_word' id='word_1_10' title='bbox 2132 553 2397 635; x_wconf 83' lang='lat' dir='ltr'><strong>periclis</strong></span> 
     </span>
     <span class='ocr_line' id='line_1_3' title="bbox 543 661 2077 748; baseline 0.003 -24"><span class='ocrx_word' id='word_1_11' title='bbox 543 682 713 746; x_wconf 85' lang='lat' dir='ltr'><strong>quae</strong></span> <span class='ocrx_word' id='word_1_12' title='bbox 740 661 913 724; x_wconf 88' lang='lat' dir='ltr'><strong>mala</strong></span> <span class='ocrx_word' id='word_1_13' title='bbox 940 683 1065 725; x_wconf 91' lang='lat' dir='ltr'><strong>nos</strong></span> <span class='ocrx_word' id='word_1_14' title='bbox 1096 662 1344 747; x_wconf 81' lang='lat' dir='ltr'>subigit</span> <span class='ocrx_word' id='word_1_15' title='bbox 1372 663 1534 727; x_wconf 85' lang='lat' dir='ltr'><strong>vitai</strong></span> <span class='ocrx_word' id='word_1_16' title='bbox 1561 671 1751 727; x_wconf 88' lang='lat' dir='ltr'><strong>tanta</strong></span> <span class='ocrx_word' id='word_1_17' title='bbox 1781 663 2026 748; x_wconf 87' lang='lat' dir='ltr'><strong>cupido</strong></span> <span class='ocrx_word' id='word_1_18' title='bbox 2045 666 2077 728; x_wconf 81' lang='lat'><strong>⁴?</strong></span> 
     </span>
     <span class='ocr_line' id='line_1_4' title="bbox 543 775 2120 860; baseline 0.004 -22"><span class='ocrx_word' id='word_1_19' title='bbox 543 783 727 859; x_wconf 84' lang='lat' dir='ltr'><strong>certa</strong></span> <span class='ocrx_word' id='word_1_20' title='bbox 758 775 1023 860; x_wconf 90' lang='lat' dir='ltr'><strong>quidem</strong></span> <span class='ocrx_word' id='word_1_21' title='bbox 1050 776 1199 841; x_wconf 90' lang='lat' dir='ltr'><strong>finis</strong></span> <span class='ocrx_word' id='word_1_22' title='bbox 1227 778 1405 842; x_wconf 83' lang='lat' dir='ltr'><strong>vitae</strong></span> <span class='ocrx_word' id='word_1_23' title='bbox 1435 779 1828 843; x_wconf 77' lang='lat' dir='ltr'>mortalibus</span> <span class='ocrx_word' id='word_1_24' title='bbox 1857 777 2084 844; x_wconf 77' lang='lat' dir='ltr'><strong>adstat</strong></span> <span class='ocrx_word' id='word_1_25' title='bbox 2104 829 2120 852; x_wconf 90' lang='lat'>‚</span> 
     </span>
     <span class='ocr_line' id='line_1_5' title="bbox 538 891 1997 979; baseline 0.001 -24"><span class='ocrx_word' id='word_1_26' title='bbox 538 914 663 955; x_wconf 88' lang='lat' dir='ltr'><strong>nee</strong></span> <span class='ocrx_word' id='word_1_27' title='bbox 695 891 972 956; x_wconf 81' lang='lat' dir='ltr'><strong>devitari</strong></span> <span class='ocrx_word' id='word_1_28' title='bbox 1003 893 1206 955; x_wconf 90' lang='lat' dir='ltr'><strong>letum</strong></span> <span class='ocrx_word' id='word_1_29' title='bbox 1236 901 1399 977; x_wconf 90' lang='lat' dir='ltr'><strong>pote</strong></span> <span class='ocrx_word' id='word_1_30' title='bbox 1418 942 1434 969; x_wconf 84' lang='lat'>‚</span> <span class='ocrx_word' id='word_1_31' title='bbox 1460 895 1618 979; x_wconf 88' lang='lat' dir='ltr'><strong>quin</strong></span> <span class='ocrx_word' id='word_1_32' title='bbox 1649 895 1965 958; x_wconf 88' lang='lat' dir='ltr'><strong>obeamus</strong></span> <span class='ocrx_word' id='word_1_33' title='bbox 1984 943 1997 957; x_wconf 89' lang='lat'><strong>.</strong></span> 
     </span>
     <span class='ocr_line' id='line_1_6' title="bbox 379 1006 2359 1096; baseline 0.003 -27"><span class='ocrx_word' id='word_1_34' title='bbox 379 1023 509 1071; x_wconf 85' lang='lat'>1080</span> <span class='ocrx_word' id='word_1_35' title='bbox 539 1015 890 1094; x_wconf 76' lang='lat' dir='ltr'><strong>praeterea</strong></span> <span class='ocrx_word' id='word_1_36' title='bbox 917 1029 1261 1072; x_wconf 83' lang='lat' dir='ltr'><strong>versamur</strong></span> <span class='ocrx_word' id='word_1_37' title='bbox 1290 1006 1535 1071; x_wconf 81' lang='lat' dir='ltr'>ibidem</span> <span class='ocrx_word' id='word_1_38' title='bbox 1564 1017 1769 1094; x_wconf 89' lang='lat' dir='ltr'><strong>atque</strong></span> <span class='ocrx_word' id='word_1_39' title='bbox 1797 1009 2090 1073; x_wconf 88' lang='lat' dir='ltr'><strong>insumus</strong></span> <span class='ocrx_word' id='word_1_40' title='bbox 2119 1033 2359 1096; x_wconf 84' lang='lat' dir='ltr'><strong>usque,</strong></span> 
     </span>
     <span class='ocr_line' id='line_1_7' title="bbox 537 1123 2154 1210; baseline 0.002 -26"><span class='ocrx_word' id='word_1_41' title='bbox 537 1144 662 1185; x_wconf 88' lang='lat' dir='ltr'><strong>nee</strong></span> <span class='ocrx_word' id='word_1_42' title='bbox 690 1144 870 1186; x_wconf 88' lang='lat' dir='ltr'><strong>nova</strong></span> <span class='ocrx_word' id='word_1_43' title='bbox 897 1123 1188 1187; x_wconf 87' lang='lat' dir='ltr'><strong>vivendo</strong></span> <span class='ocrx_word' id='word_1_44' title='bbox 1221 1124 1621 1210; x_wconf 84' lang='lat' dir='ltr'><strong>procuditur</strong></span> <span class='ocrx_word' id='word_1_45' title='bbox 1649 1125 1784 1188; x_wconf 89' lang='lat' dir='ltr'><strong>ulla</strong></span> <span class='ocrx_word' id='word_1_46' title='bbox 1811 1125 2154 1210; x_wconf 84' lang='lat' dir='ltr'><strong>voluptas:</strong></span> 
     </span>
     <span class='ocr_line' id='line_1_8' title="bbox 548 1237 2462 1326; baseline 0.004 -24"><span class='ocrx_word' id='word_1_47' title='bbox 548 1237 672 1302; x_wconf 88' lang='lat' dir='ltr'><strong>sed</strong></span> <span class='ocrx_word' id='word_1_48' title='bbox 705 1238 860 1301; x_wconf 91' lang='lat' dir='ltr'><strong>dum</strong></span> <span class='ocrx_word' id='word_1_49' title='bbox 893 1240 1085 1303; x_wconf 87' lang='lat' dir='ltr'><strong>abest</strong></span> <span class='ocrx_word' id='word_1_50' title='bbox 1117 1237 1302 1324; x_wconf 88' lang='lat' dir='ltr'><strong>quod</strong></span> <span class='ocrx_word' id='word_1_51' title='bbox 1331 1261 1601 1303; x_wconf 84' lang='lat' dir='ltr'><strong>avemus</strong></span> <span class='ocrx_word' id='word_1_52' title='bbox 1620 1288 1634 1314; x_wconf 85' lang='lat'>‚</span> <span class='ocrx_word' id='word_1_53' title='bbox 1656 1238 1726 1302; x_wconf 89' lang='lat' dir='ltr'><strong>id</strong></span> <span class='ocrx_word' id='word_1_54' title='bbox 1758 1261 2161 1326; x_wconf 89' lang='lat' dir='ltr'><strong>exsuperare</strong></span> <span class='ocrx_word' id='word_1_55' title='bbox 2190 1242 2462 1312; x_wconf 83' lang='lat' dir='ltr'><strong>videtur</strong></span> 
     </span>
     <span class='ocr_line' id='line_1_9' title="bbox 541 1355 2240 1440; baseline 0.001 -22"><span class='ocrx_word' id='word_1_56' title='bbox 541 1365 800 1419; x_wconf 84' lang='lat' dir='ltr'><strong>cetera:</strong></span> <span class='ocrx_word' id='word_1_57' title='bbox 826 1362 985 1440; x_wconf 91' lang='lat' dir='ltr'><strong>post</strong></span> <span class='ocrx_word' id='word_1_58' title='bbox 1014 1355 1176 1418; x_wconf 87' lang='lat' dir='ltr'><strong>aliut</strong></span> <span class='ocrx_word' id='word_1_59' title='bbox 1194 1404 1208 1429; x_wconf 86' lang='lat'>‚</span> <span class='ocrx_word' id='word_1_60' title='bbox 1234 1376 1382 1418; x_wconf 88' lang='lat' dir='ltr'><strong>eum</strong></span> <span class='ocrx_word' id='word_1_61' title='bbox 1413 1355 1695 1439; x_wconf 84' lang='lat' dir='ltr'><strong>contigit</strong></span> <span class='ocrx_word' id='word_1_62' title='bbox 1721 1355 1887 1418; x_wconf 88' lang='lat' dir='ltr'><strong>illud</strong></span> <span class='ocrx_word' id='word_1_63' title='bbox 1906 1404 1920 1430; x_wconf 93' lang='lat'>‚</span> <span class='ocrx_word' id='word_1_64' title='bbox 1945 1377 2240 1428; x_wconf 80' lang='lat' dir='ltr'><strong>avemuS,</strong></span> 
     </span>
     <span class='ocr_line' id='line_1_10' title="bbox 540 1449 2021 1555; baseline 0 -22"><span class='ocrx_word' id='word_1_65' title='bbox 540 1478 606 1534; x_wconf 87' lang='lat' dir='ltr'><strong>et</strong></span> <span class='ocrx_word' id='word_1_66' title='bbox 637 1449 782 1534; x_wconf 80' lang='lat' dir='ltr'><strong>sitis</strong></span> <span class='ocrx_word' id='word_1_67' title='bbox 812 1491 1028 1555; x_wconf 88' lang='lat' dir='ltr'><strong>aequa</strong></span> <span class='ocrx_word' id='word_1_68' title='bbox 1056 1477 1242 1533; x_wconf 87' lang='lat' dir='ltr'><strong>tenet</strong></span> <span class='ocrx_word' id='word_1_69' title='bbox 1269 1470 1429 1534; x_wconf 85' lang='lat' dir='ltr'><strong>vitai</strong></span> <span class='ocrx_word' id='word_1_70' title='bbox 1458 1491 1721 1555; x_wconf 80' lang='lat' dir='ltr'><strong>semper</strong></span> <span class='ocrx_word' id='word_1_71' title='bbox 1751 1468 2021 1534; x_wconf 80' lang='lat' dir='ltr'><strong>hiantis,</strong></span> 
     </span>
     <span class='ocr_line' id='line_1_11' title="bbox 375 1584 2442 1672; baseline 0.002 -25"><span class='ocrx_word' id='word_1_72' title='bbox 375 1601 502 1648; x_wconf 86' lang='lat'>1085</span> <span class='ocrx_word' id='word_1_73' title='bbox 532 1594 942 1672; x_wconf 87' lang='lat' dir='ltr'><strong>posteraque</strong></span> <span class='ocrx_word' id='word_1_74' title='bbox 972 1586 1037 1648; x_wconf 90' lang='lat' dir='ltr'><strong>in</strong></span> <span class='ocrx_word' id='word_1_75' title='bbox 1070 1584 1343 1649; x_wconf 86' lang='lat' dir='ltr'><strong>dubiost</strong></span> <span class='ocrx_word' id='word_1_76' title='bbox 1369 1585 1707 1648; x_wconf 87' lang='lat' dir='ltr'><strong>fortunam</strong></span> <span class='ocrx_word' id='word_1_77' title='bbox 1736 1607 1936 1670; x_wconf 90' lang='lat' dir='ltr'><strong>quam</strong></span> <span class='ocrx_word' id='word_1_78' title='bbox 1965 1587 2169 1650; x_wconf 87' lang='lat' dir='ltr'><strong>vehat</strong></span> <span class='ocrx_word' id='word_1_79' title='bbox 2196 1596 2407 1662; x_wconf 83' lang='lat' dir='ltr'><strong>aetaS‚</strong></span> <span class='ocrx_word' id='word_1_80' title='bbox 2439 1591 2442 1594; x_wconf 77' lang='grc'><strong>’</strong></span> 
     </span>
     <span class='ocr_line' id='line_1_12' title="bbox 535 1699 2169 1786; baseline 0.002 -24"><span class='ocrx_word' id='word_1_81' title='bbox 535 1699 782 1784; x_wconf 89' lang='lat' dir='ltr'><strong>quidve</strong></span> <span class='ocrx_word' id='word_1_82' title='bbox 810 1699 983 1764; x_wconf 85' lang='lat' dir='ltr'><strong>ferat</strong></span> <span class='ocrx_word' id='word_1_83' title='bbox 1008 1701 1204 1765; x_wconf 90' lang='lat' dir='ltr'><strong>nobis</strong></span> <span class='ocrx_word' id='word_1_84' title='bbox 1236 1723 1431 1764; x_wconf 81' lang='lat' dir='ltr'><strong>casus</strong></span> <span class='ocrx_word' id='word_1_85' title='bbox 1462 1701 1660 1786; x_wconf 88' lang='lat' dir='ltr'><strong>quive</strong></span> <span class='ocrx_word' id='word_1_86' title='bbox 1692 1702 1909 1764; x_wconf 85' lang='lat' dir='ltr'><strong>exitus</strong></span> <span class='ocrx_word' id='word_1_87' title='bbox 1936 1702 2169 1766; x_wconf 84' lang='lat' dir='ltr'><strong>instet.</strong></span> 
     </span>
     <span class='ocr_line' id='line_1_13' title="bbox 533 1815 2160 1901; baseline 0.001 -22"><span class='ocrx_word' id='word_1_88' title='bbox 533 1838 658 1879; x_wconf 87' lang='lat' dir='ltr'><strong>nee</strong></span> <span class='ocrx_word' id='word_1_89' title='bbox 687 1837 997 1901; x_wconf 90' lang='lat' dir='ltr'><strong>prorsum</strong></span> <span class='ocrx_word' id='word_1_90' title='bbox 1025 1817 1232 1880; x_wconf 85' lang='lat' dir='ltr'><strong>vitam</strong></span> <span class='ocrx_word' id='word_1_91' title='bbox 1262 1815 1575 1880; x_wconf 87' lang='lat' dir='ltr'><strong>ducendo</strong></span> <span class='ocrx_word' id='word_1_92' title='bbox 1609 1815 1927 1879; x_wconf 90' lang='lat' dir='ltr'><strong>demimus</strong></span> <span class='ocrx_word' id='word_1_93' title='bbox 1958 1816 2160 1880; x_wconf 93' lang='lat' dir='ltr'><strong>hilum</strong></span> 
     </span>
     <span class='ocr_line' id='line_1_14' title="bbox 535 1926 2056 2018; baseline 0 -25"><span class='ocrx_word' id='word_1_94' title='bbox 535 1938 837 2018; x_wconf 89' lang='lat' dir='ltr'><strong>tempore</strong></span> <span class='ocrx_word' id='word_1_95' title='bbox 870 1930 957 1994; x_wconf 87' lang='lat' dir='ltr'><strong>de</strong></span> <span class='ocrx_word' id='word_1_96' title='bbox 985 1932 1219 1996; x_wconf 89' lang='lat' dir='ltr'><strong>mortis</strong></span> <span class='ocrx_word' id='word_1_97' title='bbox 1249 1953 1376 1994; x_wconf 87' lang='lat' dir='ltr'><strong>nee</strong></span> <span class='ocrx_word' id='word_1_98' title='bbox 1409 1930 1702 1994; x_wconf 87' lang='lat' dir='ltr'><strong>delibare</strong></span> <span class='ocrx_word' id='word_1_99' title='bbox 1731 1926 2056 2006; x_wconf 81' lang='lat' dir='ltr'><strong>valemus,</strong></span> 
     </span>
     <span class='ocr_line' id='line_1_15' title="bbox 540 2046 2203 2133; baseline 0.001 -24"><span class='ocrx_word' id='word_1_100' title='bbox 540 2068 673 2131; x_wconf 91' lang='lat' dir='ltr'><strong>quo</strong></span> <span class='ocrx_word' id='word_1_101' title='bbox 704 2047 917 2110; x_wconf 92' lang='lat' dir='ltr'><strong>minus</strong></span> <span class='ocrx_word' id='word_1_102' title='bbox 949 2069 1098 2111; x_wconf 91' lang='lat' dir='ltr'><strong>esse</strong></span> <span class='ocrx_word' id='word_1_103' title='bbox 1131 2046 1243 2111; x_wconf 93' lang='lat' dir='ltr'><strong>diu</strong></span> <span class='ocrx_word' id='word_1_104' title='bbox 1273 2047 1608 2132; x_wconf 89' lang='lat' dir='ltr'><strong>possimus</strong></span> <span class='ocrx_word' id='word_1_105' title='bbox 1637 2047 1815 2111; x_wconf 88' lang='lat' dir='ltr'><strong>forte</strong></span> <span class='ocrx_word' id='word_1_106' title='bbox 1844 2050 2203 2133; x_wconf 89' lang='lat' dir='ltr'><strong>perempti.</strong></span> 
     </span>
     <span class='ocr_line' id='line_1_16' title="bbox 371 2160 2253 2248; baseline 0.003 -27"><span class='ocrx_word' id='word_1_107' title='bbox 371 2176 499 2223; x_wconf 88' lang='lat'>1090</span> <span class='ocrx_word' id='word_1_108' title='bbox 530 2160 812 2246; x_wconf 89' lang='lat' dir='ltr'><strong>proinde</strong></span> <span class='ocrx_word' id='word_1_109' title='bbox 841 2163 999 2228; x_wconf 88' lang='lat' dir='ltr'><strong>lieet</strong></span> <span class='ocrx_word' id='word_1_110' title='bbox 1029 2169 1196 2248; x_wconf 90' lang='lat' dir='ltr'><strong>quot</strong></span> <span class='ocrx_word' id='word_1_111' title='bbox 1223 2163 1325 2226; x_wconf 88' lang='lat' dir='ltr'><strong>vis</strong></span> <span class='ocrx_word' id='word_1_112' title='bbox 1353 2160 1646 2225; x_wconf 87' lang='lat' dir='ltr'><strong>vivendo</strong></span> <span class='ocrx_word' id='word_1_113' title='bbox 1679 2161 1969 2226; x_wconf 86' lang='lat' dir='ltr'><strong>condere</strong></span> <span class='ocrx_word' id='word_1_114' title='bbox 2002 2163 2253 2226; x_wconf 82' lang='lat' dir='ltr'><strong>saecla:</strong></span> 
     </span>
     <span class='ocr_line' id='line_1_17' title="bbox 532 2278 2175 2352; baseline 0.001 -13"><span class='ocrx_word' id='word_1_115' title='bbox 532 2299 713 2340; x_wconf 92' lang='lat' dir='ltr'><strong>mors</strong></span> <span class='ocrx_word' id='word_1_116' title='bbox 745 2285 1018 2341; x_wconf 86' lang='lat' dir='ltr'><strong>aeterna</strong></span> <span class='ocrx_word' id='word_1_117' title='bbox 1048 2288 1272 2341; x_wconf 89' lang='lat' dir='ltr'><strong>tamen</strong></span> <span class='ocrx_word' id='word_1_118' title='bbox 1299 2278 1436 2341; x_wconf 89' lang='lat' dir='ltr'><strong>nilo</strong></span> <span class='ocrx_word' id='word_1_119' title='bbox 1467 2278 1681 2340; x_wconf 91' lang='lat' dir='ltr'><strong>minus</strong></span> <span class='ocrx_word' id='word_1_120' title='bbox 1710 2278 1821 2340; x_wconf 88' lang='lat' dir='ltr'><strong>illa</strong></span> <span class='ocrx_word' id='word_1_121' title='bbox 1849 2278 2140 2342; x_wconf 87' lang='lat' dir='ltr'><strong>manebit</strong></span> <span class='ocrx_word' id='word_1_122' title='bbox 2161 2328 2175 2352; x_wconf 83' lang='lat'>‚</span> 
     </span>
     <span class='ocr_line' id='line_1_18' title="bbox 530 2392 2165 2467; baseline 0.001 -13"><span class='ocrx_word' id='word_1_123' title='bbox 530 2413 655 2456; x_wconf 89' lang='lat' dir='ltr'><strong>nee</strong></span> <span class='ocrx_word' id='word_1_124' title='bbox 684 2392 898 2456; x_wconf 89' lang='lat' dir='ltr'><strong>minus</strong></span> <span class='ocrx_word' id='word_1_125' title='bbox 927 2393 1036 2456; x_wconf 92' lang='lat' dir='ltr'><strong>ille</strong></span> <span class='ocrx_word' id='word_1_126' title='bbox 1070 2392 1180 2455; x_wconf 87' lang='lat' dir='ltr'><strong>diu</strong></span> <span class='ocrx_word' id='word_1_127' title='bbox 1214 2394 1341 2455; x_wconf 87' lang='lat' dir='ltr'><strong>iam</strong></span> <span class='ocrx_word' id='word_1_128' title='bbox 1371 2415 1508 2456; x_wconf 88' lang='lat' dir='ltr'><strong>non</strong></span> <span class='ocrx_word' id='word_1_129' title='bbox 1540 2393 1697 2467; x_wconf 80' lang='lat' dir='ltr'><strong>erit,</strong></span> <span class='ocrx_word' id='word_1_130' title='bbox 1726 2415 1807 2456; x_wconf 89' lang='lat' dir='ltr'><strong>ex</strong></span> <span class='ocrx_word' id='word_1_131' title='bbox 1837 2394 2165 2457; x_wconf 88' lang='lat' dir='ltr'><strong>hodierno</strong></span> 
     </span>
     <span class='ocr_line' id='line_1_19' title="bbox 498 2508 1809 2594; baseline 0.005 -27"><span class='ocrx_word' id='word_1_132' title='bbox 498 2560 501 2567; x_wconf 74' lang='grc'><strong>,</strong></span> <span class='ocrx_word' id='word_1_133' title='bbox 530 2509 773 2574; x_wconf 90' lang='lat' dir='ltr'><strong>lumine</strong></span> <span class='ocrx_word' id='word_1_134' title='bbox 805 2510 918 2594; x_wconf 91' lang='lat' dir='ltr'><strong>qui</strong></span> <span class='ocrx_word' id='word_1_135' title='bbox 944 2509 1142 2573; x_wconf 89' lang='lat' dir='ltr'><strong>finem</strong></span> <span class='ocrx_word' id='word_1_136' title='bbox 1169 2509 1331 2572; x_wconf 86' lang='lat' dir='ltr'><strong>vitai</strong></span> <span class='ocrx_word' id='word_1_137' title='bbox 1357 2508 1518 2572; x_wconf 87' lang='lat' dir='ltr'><strong>feeit</strong></span> <span class='ocrx_word' id='word_1_138' title='bbox 1536 2557 1550 2584; x_wconf 84' lang='lat'>‚</span> <span class='ocrx_word' id='word_1_139' title='bbox 1576 2518 1643 2572; x_wconf 85' lang='lat' dir='ltr'><strong>et</strong></span> <span class='ocrx_word' id='word_1_140' title='bbox 1670 2510 1778 2573; x_wconf 93' lang='lat' dir='ltr'><strong>ille</strong></span> <span class='ocrx_word' id='word_1_141' title='bbox 1795 2559 1809 2583; x_wconf 86' lang='lat'>‚</span> 
     </span>
     <span class='ocr_line' id='line_1_20' title="bbox 532 2623 2204 2710; baseline -0.001 -23"><span class='ocrx_word' id='word_1_142' title='bbox 532 2626 868 2689; x_wconf 90' lang='lat' dir='ltr'><strong>mensibus</strong></span> <span class='ocrx_word' id='word_1_143' title='bbox 900 2633 1102 2709; x_wconf 88' lang='lat' dir='ltr'><strong>atque</strong></span> <span class='ocrx_word' id='word_1_144' title='bbox 1132 2623 1321 2690; x_wconf 89' lang='lat' dir='ltr'><strong>a&#39;nnis</strong></span> <span class='ocrx_word' id='word_1_145' title='bbox 1353 2625 1467 2710; x_wconf 87' lang='lat' dir='ltr'><strong>qui</strong></span> <span class='ocrx_word' id='word_1_146' title='bbox 1496 2625 1716 2688; x_wconf 89' lang='lat' dir='ltr'><strong>multis</strong></span> <span class='ocrx_word' id='word_1_147' title='bbox 1749 2624 1994 2688; x_wconf 86' lang='lat' dir='ltr'><strong>occidit</strong></span> <span class='ocrx_word' id='word_1_148' title='bbox 2023 2633 2204 2688; x_wconf 83' lang='lat' dir='ltr'><strong>ante.</strong></span> 
     </span>
    </p>
   </div>
   <div class='ocr_carea' id='block_1_3' title="bbox 552 2811 933 2817">
    <p class='ocr_par' dir='ltr' id='par_1_3' title="bbox 552 2811 933 2817">
     <span class='ocr_line' id='line_1_21' title="bbox 552 2811 933 2817; baseline 0 0"><span class='ocrx_word' id='word_1_149' title='bbox 552 2811 933 2817; x_wconf 95' lang='lat' dir='ltr'><strong> </strong></span> 
     </span>
    </p>
   </div>
   <div class='ocr_carea' id='block_1_4' title="bbox 540 2906 2780 3060">
    <p class='ocr_par' dir='ltr' id='par_1_4' title="bbox 540 2906 2780 3060">
     <span class='ocr_line' id='line_1_22' title="bbox 542 2906 2780 2976; baseline 0 -19"><span class='ocrx_word' id='word_1_150' title='bbox 542 2913 668 2958; x_wconf 89' lang='grc'>1078</span> <span class='ocrx_word' id='word_1_151' title='bbox 708 2906 870 2958; x_wconf 84' lang='lat' dir='ltr'><strong>Certe</strong></span> <span class='ocrx_word' id='word_1_152' title='bbox 907 2907 1146 2976; x_wconf 85' lang='lat' dir='ltr'><strong>equidem</strong></span> <span class='ocrx_word' id='word_1_153' title='bbox 1197 2908 1217 2974; x_wconf 80' lang='grc' dir='ltr'>Η</span> <span class='ocrx_word' id='word_1_154' title='bbox 1271 2914 1394 2958; x_wconf 79' lang='grc'>1084</span> <span class='ocrx_word' id='word_1_155' title='bbox 1433 2907 1658 2958; x_wconf 76' lang='lat' dir='ltr'><strong>hient-is.</strong></span> <span class='ocrx_word' id='word_1_156' title='bbox 1707 2909 1725 2975; x_wconf 78' lang='grc' dir='ltr'><strong>ΙΙ</strong></span> <span class='ocrx_word' id='word_1_157' title='bbox 1783 2913 1906 2957; x_wconf 80' lang='grc'>1085</span> <span class='ocrx_word' id='word_1_158' title='bbox 1946 2906 2153 2958; x_wconf 73' lang='lat' dir='ltr'><strong>fortuna</strong></span> <span class='ocrx_word' id='word_1_159' title='bbox 2203 2907 2221 2975; x_wconf 77' lang='grc' dir='ltr'>Η</span> <span class='ocrx_word' id='word_1_160' title='bbox 2272 2913 2401 2958; x_wconf 86' lang='grc'>1088</span> <span class='ocrx_word' id='word_1_161' title='bbox 2438 2906 2732 2961; x_wconf 78' lang='lat' dir='ltr'><strong>deliberare</strong></span> <span class='ocrx_word' id='word_1_162' title='bbox 2764 2906 2780 2973; x_wconf 82' lang='grc' dir='ltr'><strong>ΙΙ</strong></span> 
     </span>
     <span class='ocr_line' id='line_1_23' title="bbox 540 2995 987 3060; baseline 0.002 -19"><span class='ocrx_word' id='word_1_163' title='bbox 540 2995 668 3042; x_wconf 86' lang='grc'>1089</span> <span class='ocrx_word' id='word_1_164' title='bbox 704 3008 987 3060; x_wconf 87' lang='lat' dir='ltr'><strong>possumus</strong></span> 
     </span>
    </p>
   </div>
  </div>
 </body>
</html>
