2840 5008
1108 328 1113 336 ’
1223 373 1291 438 v
1898 371 1901 374 ·
2226 377 2364 445 327

98 551 323 616 locuti
349 556 532 614 sunt
554 567 731 613 novo
754 569 941 612 more
959 597 974 622 ,
1000 554 1298 633 postque
1317 569 1435 613 eos
1457 549 1819 614 Phaedrus
1840 552 2029 635 iuryii
2044 600 2062 631 ,
2086 552 2362 632 luscinii,

105 647 509 715 Columella
536 647 604 709 in
631 670 695 721 x,
718 645 835 710 182
866 645 988 709 356
1024 646 1277 710 Caecilii
1321 654 1390 710 et
1434 649 1769 711 marrubii.
1814 649 2033 713 minus
2065 656 2324 715 certum
2345 701 2362 729 ,

96 755 273 833 puto
295 794 314 822 ‚
347 748 429 810 in
454 746 751 830 Priapeo
775 744 856 808 50
883 745 1227 829 supercilii,
1258 746 1374 810 ubi
1397 746 1692 810 ablativo
1718 748 1972 830 pariter
2002 748 2192 812 locus
2224 756 2361 813 est:

102 846 321 910 Dirae
347 892 366 920 ,
416 844 768 908 Moretum
790 891 805 918 ,
854 842 1129 907 Gratius
1153 890 1169 917 ,
1215 844 1508 928 epitome
1536 843 1788 909 Iliados
1810 894 1826 921 ,
1862 845 2032 909 Ciris
2056 894 2072 921 ,
2117 846 2328 911 Culex
2345 892 2360 919 ‚

103 944 343 1007 neutri
365 943 565 1027 pa'rti
586 941 818 1006 favent
835 990 849 1005 .
882 948 1117 1006 tenent
1136 963 1385 1005 novum
1408 964 1661 1006 morem
1689 943 1948 1008 Seneca
1964 992 1980 1019 ‚
2010 944 2325 1009 Lucanus
2343 995 2358 1018 ‚

103 1042 495 1106 Petronius
520 1089 536 1116 ,
561 1040 872 1105 Valerius
900 1041 1182 1105 Flaccus
1204 1088 1219 1115 ‚
1253 1041 1513 1116 Statius
1536 1089 1553 1118 ,
1584 1041 1783 1106 Silius
1807 1089 1822 1116 ‚
1851 1042 2181 1124 Martialis
2206 1095 2221 1119 ,
2251 1044 2359 1108 Iu-

100 1141 369 1204 venalis
391 1190 407 1203 .
442 1140 847 1225 Propertius
874 1159 1037 1203 vero
1070 1136 1478 1202 adiectivum
1503 1160 1771 1223 quoque
1792 1146 2036 1203 nomen
2059 1140 2357 1206 breviori

105 1237 222 1301 illa
250 1237 571 1325 genetivi
612 1236 972 1302 inflexione
1035 1235 1313 1310 extulit,
1360 1236 1483 1301 sed
1515 1257 1719 1299 unum
1740 1285 1756 1312 ,
1801 1239 1991 1302 Nunc
2019 1237 2179 1302 Iovis
2207 1241 2359 1303 inci-

95 1339 280 1421 piam
323 1360 561 1402 cau-sas
603 1335 845 1420 aperire
873 1333 1115 1407 Feretri
1134 1382 1151 1412 ,
1199 1339 1268 1397 et
1298 1333 1466 1398 Hinc
1500 1333 1735 1399 Feretri
1777 1336 1942 1400 elicta
1983 1346 2068 1399 est
2110 1360 2228 1400 ara
2255 1361 2357 1400 su-

94 1435 298 1519 perba
326 1431 506 1499 Iovis
527 1482 541 1497 .
586 1433 764 1498 idem
795 1433 911 1518 qui
939 1439 1212 1517 praeter
1242 1432 1423 1497 hunc
1450 1434 1601 1503 ausi
1629 1433 1763 1497 sint
1786 1481 1802 1508 ,
1843 1433 2225 1497 Iuvenalem
2251 1435 2353 1498 in·

107 1534 309 1596 venio
335 1582 353 1609 ,
404 1534 599 1597 cuius
632 1539 733 1595 est
760 1532 831 1594 in
861 1531 1070 1604 satira
1098 1552 1187 1605 vl,
1208 1531 1328 1595 385
1359 1532 1620 1596 nominis
1647 1534 1816 1617 Appi
1833 1580 1852 1611 ,
1888 1540 1966 1615 ,et
1996 1531 2357 1608 Senecam,

113 1632 226 1715 qui
251 1632 544 1716 scripsit
565 1632 634 1695 in
651 1629 1032 1716 Hippolyto
1062 1628 1220 1693 1022
1243 1653 1469 1694 numen
1489 1630 1803 1716 Ispidauri
1823 1631 1946 1710 clei,
1969 1652 2125 1695 nam
2145 1630 2357 1716 fuisse

111 1730 221 1813 qui
252 1729 488 1816 Satyri
524 1730 771 1793 Tarenti
787 1728 870 1795 in
899 1727 1237 1814 georgicis
1267 1727 1558 1814 Vergilii
1587 1751 1657 1804 11,
1684 1728 1800 1791 197
1834 1735 1904 1792 et
1930 1731 2193 1813 scopulis
2219 1754 2356 1793 sur-

115 1828 250 1891 dior
277 1828 499 1902 Icari,
533 1826 719 1910 quod
752 1833 857 1890 est
888 1827 1070 1912 apud
1100 1827 1465 1891 Horatium
1490 1848 1690 1891 carm.
1717 1850 1815 1905 111,
1834 1826 1891 1901 7,
1911 1825 2026 1901 21,
2057 1828 2154 1891 ita
2185 1829 2358 1891 acci-

114 1933 362 2008 perent
381 1925 588 2011 quasi
606 1932 832 1989 essent
849 1924 1087 2010 Satyrii
1105 1931 1173 1987 et
1190 1925 1414 2003 Icarii,
1435 1945 1656 2008 neque
1676 1923 1997 1989 credibile
2015 1931 2121 1989 est
2137 1946 2360 2010 neque

118 2022 395 2108 dignum
427 2023 785 2086 memoria.
815 2042 1033 2106 nuper
1063 2029 1288 2087 tamen
1321 2022 1522 2085 homo
1558 2022 1829 2106 quidam
1862 2022 2108 2087 doctus
2139 2025 2401 2087 comici·

115 2144 370 2185 versum.
398 2142 608 2206 quem
649 2119 813 2184 dicit
839 2120 1095 2185 Plinius
1134 2120 1204 2183 in
1246 2120 1573 2185 naturalis
1617 2120 1941 2185 historiae
1969 2143 2105 2196 X1v,
2131 2121 2223 2195 14,
2247 2121 2356 2195 16,

118 2239 242 2301 pro
273 2218 635 2283 Luciliano
678 2217 1071 2282 hexametro
1100 2216 1490 2282 venditavit
1515 2218 1710 2281 nimis
1752 2239 1988 2282 secure
2017 2219 2114 2282 ita
2144 2220 2355 2302 scrip-

116 2323 255 2379 tum
277 2364 293 2391 ‚
321 2318 641 2402 ‘Quinque
677 2317 867 2380 Thasi
902 2318 1027 2381 vini
1072 2317 1457 2401 depromam,
1505 2317 1650 2390 bina
1679 2316 1974 2382 Falerni.
2016 2317 2180 2381 mihi
2213 2339 2354 2381 cer-

120 2422 259 2480 tum
286 2416 571 2480 videtur
598 2413 884 2477 Plinium
928 2414 1110 2478 hunc
1155 2436 1427 2479 versum
1456 2414 1712 2479 referre
1745 2416 1832 2479 ad
1863 2421 2172 2499 tempora
2204 2415 2354 2479 Sul-

121 2513 304 2578 lana:
329 2522 638 2580 ceterum
662 2512 1118 2600 copiasSiligii
1144 2514 1606 2600 expectandas
1632 2536 1876 2579 censeo
1896 2562 1912 2590 ,
1935 2536 2059 2578 nec
2083 2535 2358 2598 possum

125 2610 371 2679 dicere.
395 2634 605 2698 quam
645 2632 806 2676 vere
851 2612 1283 2676 scribendum
1327 2613 1725 2676 coniecerim
1776 2613 1937 2692 Quin
1980 2613 2193 2678 Tha'sii
2233 2614 2359 2685 vini

122 2710 274 2775 dena
282 2733 587 2796 promam
602 2759 621 2790 ,
644 2711 787 2774 bina
809 2709 1067 2774 Falerni
1089 2711 1255 2774 dolia
1273 2759 1286 2772 .
1309 2730 1518 2794 porro
1543 2711 2123 2786 substantivorum
2148 2710 2356 2776 Grae-

130 2828 356 2875 corum
396 2811 756 2896 genetivos
798 2809 867 2872 in
896 2808 1199 2872 vocalem
1229 2810 1253 2871 i
1282 2809 1645 2893 simplicem
1678 2817 2000 2881 exeuntes
2028 2830 2167 2873 non
2195 2808 2361 2872 nulli

121 2910 507 2988 probarunt
526 2955 540 2983 ‚
570 2908 669 2971 ita
698 2915 925 2971 tamen
954 2908 1011 2971 si
1042 2914 1199 2971 ante
1232 2929 1376 2972 eam
1403 2908 1636 2991 plures
1665 2929 1896 2972 morae
1928 2916 2188 2983 essent,
2220 2929 2358 2971 non

128 3026 255 3069 una
275 3014 580 3071 tantum:
603 3027 755 3069 nam
778 3006 1168 3070 Priscianus
1196 3007 1692 3091 imperitissime
1716 3007 1785 3070 in
1806 3006 2147 3072 Aeneidos
2172 3029 2214 3080 1,
2233 3004 2355 3068 222

129 3103 279 3167 Fata
309 3105 478 3192 Lyci
506 3105 992 3188 interpretatur
1023 3105 1241 3192 Lycii,
1272 3127 1335 3188 p.
1354 3104 1477 3168 946
1500 3152 1516 3180 ,
1563 3115 1632 3168 et
1662 3104 1834 3168 dixit
1862 3104 2108 3168 Bromii
2136 3104 2357 3168 tribus

130 3201 404 3286 syllabis
444 3201 674 3267 Varro
720 3202 906 3286 apud
945 3201 1238 3266 Nonium
1278 3204 1562 3287 p.71,18
1585 3251 1600 3278 ,
1647 3202 2025 3288 Dcfrondem
2047 3250 2064 3280 ,
2113 3201 2356 3265 Bromii

128 3303 541 3366 autumnitatis
567 3303 814 3366 avidam
846 3350 862 3377 ,
900 3303 1029 3365 nisi
1058 3308 1283 3371 tamen
1310 3301 1384 3364 id
1411 3290 1659 3365 nomen
1687 3299 1920 3385 potius
1950 3299 2357 3364 adiectivum

132 3405 261 3462 est.
293 3401 392 3464 sic
420 3401 632 3486 igitur
659 3400 941 3464 Plautus
980 3402 1040 3465 Τ
1033 3401 1259 3486 althybi
1287 3401 1357 3463 in
1387 3399 1626 3464 Sticho
1658 3423 1728 3476 11,
1747 3398 1804 3479 2,
1824 3399 1938 3479 33,
1975 3401 2261 3485 yymnasi
2287 3399 2355 3462 in

135 3493 495 3563 Bacchisin
518 3521 616 3573 111,
634 3498 690 3573 3,
709 3498 823 3574 21,
846 3498 1202 3577 Lucretius
1219 3499 1380 3584 Aeyi
1392 3547 1411 3578 ,
1437 3499 1720 3579 absinthi,
1743 3499 2042 3577 centauri,
2066 3497 2355 3584 conchyli,

132 3590 427 3661 Catullus
472 3597 646 3660 Pelei
697 3598 946 3661 montis
976 3643 992 3671 ‚
1051 3597 1325 3684 conchyli
1352 3640 1368 3671 ‚
1416 3597 1702 3682 yymnasi
1731 3641 1747 3669 ‚
1807 3594 2092 3658 Ovidius
2152 3592 2357 3671 semel

134 3689 324 3776 Rheyi
361 3701 630 3758 metam.
661 3718 800 3769 x1v,
822 3695 859 3756 5
884 3741 900 3768 ,
943 3696 1166 3758 Aconti
1208 3695 1277 3756 in
1318 3694 1609 3777 Priapeo
1654 3715 1773 3756 xvi
1797 3739 1812 3766 ,
1857 3692 2116 3755 balausti
2158 3689 2354 3752 Colu-

135 3789 319 3853 mella
345 3792 418 3855 in
447 3816 512 3866 x,
531 3791 682 3867 297,
714 3791 975 3856 Statius
1007 3792 1222 3857 Theb.
1245 3816 1336 3867 x1,
1355 3792 1478 3855 636
1508 3792 1669 3870 Lai,
1702 3789 1888 3875 quod
1916 3789 2161 3852 vitiose
2193 3789 2356 3851 scri-

130 3883 304 3951 bitur
333 3890 522 3953 Laii.
562 3888 884 3954 Horatius
915 3889 1002 3957 ad
1031 3891 1212 3954 hunc
1241 3890 1516 3954 modum
1548 3889 1724 3954 dixit
1752 3889 1978 3952 Libros
2001 3887 2260 3950 Panaeti
2291 3895 2359 3950 et

140 3979 391 4071 Dionysi
400 3988 582 4074 filius
598 4012 619 4049 .·
655 3986 742 4050 de
771 3970 907 4052 hoc
939 3989 1112 4052 enim
1139 3988 1431 4053 Bentleii
1460 3987 1862 4051 sententiam
1894 3986 2213 4070 probabit
2244 3985 2358 4069 qui

138 4095 211 4138 ea
238 4083 770 4149 consideraverit
801 4105 973 4168 quae
1006 4085 1287 4149 Carolus
1317 4085 1573 4148 Keilius
1601 4083 1667 4146 in
1701 4083 2060 4167 specimine
2090 4103 2359 4146 onoma-

137 4174 341 4264 tologi
386 4179 667 4257 Graeci,
712 4183 983 4266 Lipsiae
1026 4205 1204 4246 anno
1256 4183 1414 4247 1840
1461 4183 1643 4247 edito
1668 4229 1684 4257 ,
1730 4181 2104 4265 disputavit
2148 4205 2208 4266 p.
2239 4179 2319 4241 24
2342 4225 2356 4251 ,

145 4291 264 4335 nec
305 4274 502 4344 facile
545 4302 947 4366 quemquam
980 4282 1289 4367 Dionysus
1319 4280 1835 4344 Trimalchionis
1880 4299 2114 4342 servus
2157 4275 2355 4338 alior-

142 4387 278 4432 sum
324 4377 550 4442 trahet
574 4428 587 4441 .
634 4379 757 4455 sed
797 4379 996 4464 longe
1039 4378 1328 4443 maxima
1372 4400 1534 4462 pars
1581 4384 1931 4463 poetarum
1968 4375 2100 4439 hac
2142 4373 2360 4438 forma
