2840 5008
451 326 590 397 200
1546 330 1615 395 V

288 518 416 564 1314
446 503 813 566 turbabant
842 504 1024 567 saevi
1052 478 1235 568 nullo
1266 503 1645 569 discrimine
1673 511 1957 586 turmas,

290 633 418 679 1316
447 638 572 681 nec
602 625 918 704 poterant
949 620 1205 705 equites
1233 619 1503 685 fremitu
1529 621 1888 705 perterrita
1918 642 2241 706 equorum

451 739 731 818 pectora
759 733 1048 800 mulcere
1081 742 1149 799 et
1175 735 1381 799 frenis
1414 741 1807 800 convertere
1837 736 1905 800 in
1932 736 2151 801 hostis
2171 786 2187 801 .

452 847 722 912 inritata
748 849 892 912 leae
921 850 1253 916 iaciebant
1283 872 1572 936 corpora
1600 851 1777 915 saltu

451 962 749 1049 undique
768 1015 782 1041 ‚
808 973 874 1030 et
903 964 1259 1030 adversum
1286 967 1706 1030 venientibus
1737 987 1857 1029 ora
1884 968 2235 1052 petebant,

293 1093 423 1140 1320
457 1086 524 1143 et
552 1101 675 1143 nec
705 1080 1038 1167 opinantis
1071 1104 1110 1145 a
1140 1092 1331 1168 tergo
1364 1080 1811 1169 deripiebant,

456 1192 915 1281 deplexaeque
947 1196 1201 1262 dabant
1227 1198 1294 1260 in
1323 1204 1570 1260 terram
1599 1196 1873 1260 volnere
1902 1195 2148 1272 vict08‚

456 1311 788 1376 morsibus
818 1311 1079 1376 adfixae
1109 1311 1346 1377 validis
1376 1318 1580 1396 atque
1611 1312 1944 1397 unguibus
1973 1312 2188 1376 uncis.

460 1426 933 1511 iactabantque
964 1450 1124 1492 suos
1154 1427 1328 1492 tauri
1354 1426 1777 1512 pedibusque
1808 1427 2145 1502 terebant,

463 1548 531 1603 et
557 1540 769 1605 latera
799 1564 877 1605 ac
906 1550 1178 1607 ventres
1206 1543 1568 1607 hauribant
1596 1549 1826 1626 supter
1858 1563 2176 1626 equorum

303 1670 430 1716 1325
463 1656 779 1721 cornibus
799 1709 814 1733 ‚
839 1667 903 1722 et
931 1666 1175 1723 terram
1204 1657 1532 1722 minitanti
1561 1656 1784 1720 fronte
1813 1657 2124 1720 ruebant.

464 1779 531 1835 et
558 1771 797 1837 validis
827 1775 1047 1840 socios
1080 1774 1452 1838 caedebant
1482 1772 1792 1836 dentibus
1825 1772 1999 1857 apri,

464 1887 598 1950 tela
623 1886 909 1954 infracta
938 1913 1060 1954 suo
1091 1891 1470 1976 tinguentes
1501 1887 1822 1974 sanguine
1851 1887 2063 1963 saevi,

303 2015 431 2062 1329
461 2002 959 2089 permixtasque
993 2005 1247 2070 dabant
1276 2006 1571 2090 equitum
1601 2002 2036 2090 peditumque
2063 2004 2319 2067 ruinas:

463 2139 618 2181 nam
647 2127 1036 2186 transversa
1062 2122 1246 2185 feros
1279 2121 1550 2184 exibant
1581 2118 1799 2183 dentis
1838 2118 2120 2183 adactus

463 2234 759 2298 iumenta
789 2244 901 2299 aut
929 2236 1215 2323 pedibus
1244 2244 1486 2301 ventos
1520 2242 1744 2298 erecta
1771 2211 2120 2319 petebant,

466 2370 551 2412 ne
584 2351 898 2435 quiquam
919 2400 933 2427 ,
960 2353 1271 2437 quoniam
1303 2351 1386 2413 ab
1417 2350 1640 2413 nervis
1674 2350 1934 2413 succisa
1961 2348 2227 2414 videres

469 2466 822 2530 concidere
853 2476 1056 2553 atque
1085 2467 1274 2554 gravi
1307 2475 1553 2531 terram
1583 2474 2014 2531 consternere
2046 2486 2230 2529 casu,

470 2581 524 2644 si
556 2604 728 2667 quos
760 2590 913 2646 ante
946 2583 1125 2647 domi
1157 2582 1447 2647 domitos
1477 2582 1642 2646 satis
1675 2604 1820 2645 esse
1849 2582 2202 2667 putabant.

310 2713 435 2758 1335
470 2697 906 2761 effervescere
937 2700 1302 2762 cernebant
1326 2700 1396 2762 in
1426 2699 1627 2762 rebus
1659 2695 1969 2783 agundiS‚

472 2812 856 2876 volneribus
876 2863 893 2893 ,
918 2814 1203 2878 clamore
1223 2864 1238 2888 ‚
1260 2814 1419 2899 fuga
1439 2863 1453 2889 ‚
1478 2821 1740 2878 terrore
1760 2862 1774 2888 ‚
1797 2811 2116 2886 tumultu,

474 2949 600 2990 1100
615 2935 940 3013 poterant
969 2930 1166 2993 ullam
1194 2938 1455 3014 partem
1483 2928 1856 2993 redducere
1888 2948 2147 2990 eorum:

479 3043 863 3128 diffugiebat
894 3045 1058 3108 enim
1085 3045 1338 3109 varium
1368 3067 1579 3131 genus
1611 3064 1805 3108 omne
1833 3042 2154 3119 ferarum3

478 3167 552 3223 ut
580 3181 758 3223 nunc
789 3181 989 3245 saepe
1016 3162 1229 3224 boves
1258 3161 1449 3225 lucae
1478 3160 1658 3223 ferro
1688 3159 1858 3222 male
1886 3164 2142 3221 mactae

318 3291 444 3337 1340
478 3272 826 3368 diffugiunt
845 3324 858 3349 ‚
878 3275 1021 3340 fera
1049 3276 1188 3341 fata
1218 3277 1355 3340 suis
1387 3298 1537 3340 cum
1565 3274 1772 3337 multa
1805 3271 2053 3336 dedere
2072 3321 2086 3335 .

479 3391 574 3453 sic
602 3389 728 3454 fuit
754 3398 829 3454 ut
856 3391 1157 3455 facerent
1176 3440 1189 3455 .
1213 3391 1336 3455 sed
1365 3392 1480 3455 vix
1509 3389 1814 3454 adducor
1845 3394 1955 3463 111,
1980 3394 2133 3451 ante
2190 3400 2192 3402 ’

317 3522 443 3568 1343
477 3528 675 3591 quam
706 3528 1051 3570 commune
1079 3507 1320 3570 malum
1348 3507 1539 3570 fieret
1566 3503 1973 3589 foedumque
1993 3551 2007 3578 ,
2029 3502 2326 3565 futurum

320 3638 445 3684 1342
475 3645 613 3686 11011
644 3623 933 3707 quierint
962 3623 1178 3686 animo
1209 3621 1622 3707 praesentire
1654 3629 1857 3706 atque
1888 3617 2147 3684 videre.

320 3751 446 3798 1347
480 3736 603 3800 sed
630 3737 851 3802 facere
879 3737 952 3802 id
981 3760 1119 3802 non
1147 3747 1282 3803 tam
1312 3736 1623 3804 vincendi
1653 3757 1774 3822 spe
1802 3734 2186 3808 voluerunt,

493 4012 620 4060 1315
661 4006 946 4059 Terrificas
983 4007 1210 4076 capitum
1248 4006 1544 4074 quatientes
1581 4002 1812 4072 undique
1847 4001 2060 4053 cristas,
2131 4002 2151 4068 ΙΙ
2226 4004 2359 4050 1319
2395 4000 2668 4069 patebant.
2719 4002 2738 4067 ΙΙ

491 4097 619 4143 1325
657 4099 835 4144 mente
907 4089 927 4160 ΙΙ
1002 4095 1131 4141 1328
1168 4088 1231 4140 111
1268 4106 1328 4141 se
1362 4088 1533 4142 fracta
1568 4105 1666 4140 suo
1701 4088 2007 4156 tinguentes
2045 4084 2303 4156 sanguine
2336 4083 2473 4136 tela.
2534 4085 2556 4154 ΙΙ
2620 4089 2739 4136 1330

489 4177 768 4229 adauctus·
823 4177 842 4243 ΙΙ
903 4178 1022 4224 1331
1068 4173 1306 4242 petebat.
1360 4175 1380 4242 ΙΙ
1440 4178 1569 4226 1340
1606 4173 1746 4225 facta
1780 4170 1801 4237 ΙΙ
1845 4174 1969 4221 1341
2013 4168 2070 4222 Si
2127 4168 2147 4237 ΙΙ
2214 4174 2343 4221 1344
2381 4166 2456 4221 Ε1
2492 4169 2656 4239 magis
2689 4168 2739 4219 id

489 4261 669 4330 possis
704 4257 901 4309 factum
937 4255 1262 4308 contendere
1297 4256 1349 4307 in
1387 4256 1555 4308 omni.
1617 4257 1637 4326 Η
1715 4261 1841 4308 1345
1863 4280 1932 4300 =
1956 4258 2079 4308 528.
2143 4252 2163 4323 ΙΙ
2226 4259 2356 4307 1346
2395 4252 2569 4316 Quam
2603 4259 2740 4305 certo

493 4352 651 4412 atque
687 4360 792 4395 uno
826 4349 1085 4395 terrarum
1124 4357 1226 4410 quo
1262 4339 1395 4391 libet
1429 4338 1575 4394 orbi.
