2840 5008
494 427 628 494 194
1471 474 1476 477 -
1553 421 1649 489 111

495 598 824 664 Marullus
869 594 1151 683 addiyit?
1188 596 1519 660 Antonius
1554 645 1569 669 ‚
1614 594 1943 659 Avantius
1968 643 1983 669 ,
2012 594 2396 682 Naugerius
2430 645 2445 671 ‚
2491 599 2714 682 anime,

497 697 685 783 quod
713 696 1080 760 Lambinus
1112 695 1453 782 praesenti
1483 701 1790 778 tempore
1821 694 2071 779 accipit
2101 744 2113 757 .
2148 695 2366 758 eidem
2393 695 2714 759 Lambino

493 796 800 860 Gifanius
833 795 1163 860 adscribit
1185 816 1228 857 A
1245 817 1285 856 n
1301 816 1337 855 r
1351 816 1375 855 1
1391 816 1427 857 c
1443 817 1466 857 1
1484 817 1524 857 'r
1547 841 1563 868 ‚
1579 792 1784 878 'quod
1815 800 1882 855 et
1913 792 2025 856 hic
2049 793 2246 856 unice
2267 814 2504 856 verum
2526 798 2633 856 est
2652 802 2716 856 et

488 896 561 958 in
590 915 793 958 versu
824 894 947 957 853
981 943 993 956 .
1024 894 1330 978 proxime
1354 899 1512 956 ante
1535 892 1703 956 hacc
1724 892 2058 978 oblongus
2080 915 2204 955 esse
2222 915 2502 977 soporem
2518 941 2535 971 ,
2560 912 2714 975 qua-

493 994 734 1058 dratus
781 1016 902 1055 esse
935 1014 1196 1077 praemo
1226 1017 1247 1054 .·
1284 1011 1444 1053 mox
1485 989 1666 1053 idem
1697 989 2072 1075 quadratus
2103 1001 2244 1053 tunc
2270 991 2385 1053 illa
2400 1013 2525 1075 per
2552 1001 2716 1068 artu,

493 1098 634 1155 tum
657 1090 913 1154 motibus
931 1101 1171 1153 serrant
1184 1138 1202 1168 ‚
1226 1087 1472 1152 deinde
1495 1090 1705 1152 turbae
1727 1089 2005 1151 cli-§lectus
2028 1095 2096 1151 et
2124 1087 2527 1174 Consequitur
2546 1089 2687 1151 lecto
2694 1112 2717 1167 ,-

494 1190 717 1253 omnia
745 1189 990 1252 vitiose
1034 1236 1049 1263 ,
1096 1196 1166 1251 et
1195 1188 1464 1250 omnino
1496 1187 1811 1253 librarius
1856 1235 1872 1262 ‚
1917 1186 2060 1250 sive
2088 1185 2235 1270 ipse
2265 1187 2410 1249 sive
2437 1186 2499 1248 is
2530 1206 2716 1269 quem

495 1290 848 1372 sequitur,
889 1285 1519 1372 neglegentissimus
1548 1283 1723 1360 fuit,
1769 1292 1845 1348 ut
1872 1305 2011 1348 non
2041 1284 2291 1349 debeat
2319 1305 2450 1347 nos
2480 1283 2719 1346 morari

492 1387 898 1469 ubicumque
929 1383 1264 1469 oblongus
1295 1389 1488 1446 recta
1519 1391 1588 1446 et
1619 1389 1858 1466 aperta
1885 1382 2203 1466 praebet

661 1483 801 1546 935.
866 1482 1053 1545 ΝΛΜ
1117 1502 1415 1544 GRATts
1480 1503 1670 1544 rum·
1735 1503 1904 1543 r1131
1969 1503 2161 1544 vri-A
2224 1501 2445 1543 ANTE
2513 1501 2717 1543 Aci-A

496 1604 626 1644 ΡΜ
645 1603 797 1656 ono
814 1602 945 1642 un.
977 1579 1054 1642 In
1082 1578 1190 1641 his
1219 1578 1387 1642 nihil
1415 1578 1826 1664 reprehendi
1856 1578 2062 1642 debet
2090 1579 2219 1642 nisi
2250 1578 2563 1642 defectus
2594 1578 2719 1664 syl·

494 1679 691 1742 labae
714 1725 729 1751 ,
754 1698 955 1760 quam
976 1676 1287 1740 facillime
1308 1677 1406 1740 ita
1430 1677 1890 1761 supplebimus
1915 1725 1930 1751 ‚
1955 1679 2128 1740 Nam
2143 1677 2492 1765 qratisficit
2518 1698 2718 1740 HAEC

494 1776 600 1839 tibi
618 1777 742 1838 vita
766 1823 779 1836 .
806 1774 963 1837 olim
984 1775 1297 1859 impressi
1320 1777 1496 1840 Nam
1511 1773 1901 1862 yratusmfuit
1912 1800 1937 1857 ,-
1965 1775 2146 1838 unde
2170 1776 2397 1839 exorsi
2419 1774 2719 1861 plerique

494 1872 856 1937 vanissima
881 1874 1317 1957 protulerunt
1346 1922 1360 1936 .
1405 1873 1531 1937 sed
1559 1872 1887 1936 Marullus
1916 1873 2094 1937 idem
2127 1871 2315 1957 quod
2344 1895 2474 1943 nos
2504 1874 2575 1936 in
2605 1894 2719 1936 suo

497 1972 733 2036 codice
762 1973 1090 2056 scriptum
1115 1973 1376 2035 invenit
1416 1972 1609 2055 (nam
1649 1992 1734 2034 ne
1778 1973 1862 2034 ab
1892 1971 2191 2035 Antonio
2224 1970 2500 2056 quidem
2529 1970 2723 2034 Marii

494 2071 629 2134 filio
663 2070 846 2133 aliud
876 2070 1246 2134 exhibitum
1277 2069 1418 2153 est)
1440 2118 1453 2141 ‚
1481 2090 1565 2132 ex
1589 2090 1723 2154 quo
1747 2067 1908 2132 fecit
1932 2071 2107 2133 Num
2123 2069 2565 2156 qratisfluxit5
2592 2089 2719 2131 me-

496 2170 626 2233 lius
657 2176 842 2233 certe
873 2189 1074 2253 quam
1094 2165 1559 2231 Wakefieldus
1589 2168 1763 2231 Nam
1785 2166 2277 2253 ,qratumfum‘iss
2304 2163 2495 2250 quod
2523 2165 2719 2229 Eich-

499 2266 760 2331 stadius
793 2275 864 2331 et
888 2266 1212 2352 Forbiger
1244 2273 1472 2330 ament
1499 2266 1657 2330 licet
1679 2315 1692 2329 .
1723 2266 2101 2353 Naugerius
2130 2287 2268 2329 non
2295 2267 2530 2350 inepte
2553 2267 2721 2330 Nam

497 2369 551 2428 si
572 2376 758 2451 ,φαῖσι
770 2365 906 2450 fuit
922 2414 935 2427 .

664 2463 805 2528 941.
848 2462 1216 2539 V1'rAQun
1262 2485 1348 2526 IN
1393 2483 1875 2527 OFFENsosr
1906 2511 1921 2537 ,
1967 2485 2115 2527 cun
2171 2486 2534 2528 AMPLms
2577 2485 2717 2527 An-

499 2585 705 2624 DERE
768 2583 1121 2638 QUAEms
1164 2561 1504 2625 Runsum
1563 2583 1780 2636 Quon
1834 2583 2149 2625 PEREAT
2194 2584 2412 2625 MALE
2455 2586 2553 2625 ET
2597 2584 2718 2624 IN-

503 2681 827 2723 GRATUM
858 2680 1215 2723 occmAr
1248 2662 1463 2722 o'MNE
1490 2707 1504 2721 .
1535 2658 1613 2723 In
1643 2660 1918 2747 offen-§ost
1943 2659 2317 2744 quadratus
2342 2660 2504 2723 etin
2527 2660 2722 2723 litura

502 2757 836 2843 oblongus
860 2806 874 2832 ‚
910 2758 980 2820 in
1011 2779 1146 2842 quo
1176 2756 1451 2821 videtur
1476 2758 1693 2842 prima
1721 2779 1924 2820 manu
1950 2757 2160 2821 fuisse
2187 2760 2253 2821 in
2282 2760 2509 2847 offenst.
2539 2765 2720 2821 recte

500 2856 866 2919 Lambinus
909 2858 973 2919 in
1019 2879 1057 2919 o
1077 2879 1164 2919 FF
1181 2879 1218 2918 E
1237 2878 1329 2919 Ns
1346 2879 1437 2920 us
1457 2880 1497 2918 r
1516 2904 1531 2920 .
1562 2864 1704 2919 tum
1749 2856 2082 2941 oblongus
2126 2863 2196 2919 et
2232 2856 2388 2919 olim
2415 2855 2722 2941 impressi

503 2955 729 3019 addere
758 2978 970 3041 queres
1003 2962 1070 3018 et
1098 2954 1403 3035 inversu
1434 2954 1648 3019 altero
1677 2957 1830 3018 mali
1857 2966 1947 3018 et.
1970 2955 2103 3020 hoc
2132 2976 2296 3019 vero
2324 2956 2551 3041 ipsum
2576 2956 2722 3018 mali

502 3065 589 3128 et,
624 3074 772 3115 cum
801 3051 1228 3116 Wakefieldo
1262 3053 1633 3138 elegantius
1664 3054 1881 3116 visum
1911 3061 2094 3117 esset
2121 3102 2135 3128 ‚
2168 3055 2298 3118 arti
2326 3060 2575 3139 poetae
2608 3053 2719 3117 ad-

501 3150 762 3214 versari
783 3150 875 3213 M.
896 3149 1233 3237 Hauptius
1267 3150 1500 3214 docuit
1529 3151 1597 3214 in
1630 3152 2216 3216 observationibus
2248 3152 2498 3216 criticis
2529 3175 2591 3237 p.
2618 3152 2718 3215 17.

501 3269 781 3332 possum
808 3248 1064 3310 instare
1093 3248 1411 3313 vitiosum
1442 3250 1640 3333 plane
1672 3270 1821 3313 esse
1853 3257 1919 3313 et
1964 3250 2106 3313 sine
2151 3250 2460 3334 exemplo
2511 3299 2527 3314 .
2570 3271 2720 3313 nam

505 3368 625 3408 cur
656 3343 926 3407 credam
960 3344 1286 3408 Senecam
1314 3347 1385 3409 in
1405 3347 1798 3410 Phoenissis
1829 3346 1952 3410 394
1982 3348 2253 3411 dedisse
2290 3350 2440 3413 Vide
2454 3361 2524 3413 ut
2542 3347 2722 3413 atra?

504 3457 655 3507 cum
681 3449 920 3526 posset
949 3443 1246 3506 scribere
1290 3444 1528 3507 Viden?
1552 3457 1689 3509 atra
1716 3447 1899 3510 nube-s·
1914 3448 2168 3531 pulvere
2197 3448 2508 3511 abscondit
2535 3448 2718 3511 diem.

501 3542 572 3605 in
592 3540 830 3604 Lucilii
862 3548 1084 3604 autem
1119 3541 1431 3607 versibus
1464 3544 1577 3626 qui
1602 3552 1758 3607 sunt
1781 3544 1964 3628 apud
1984 3544 2279 3608 Nonium
2306 3568 2375 3630 p.
2393 3545 2537 3621 260,
2553 3546 2636 3609 28
2660 3551 2723 3608 et

502 3640 858 3725 308‚181(ii
886 3662 1124 3703 versus
1154 3640 1290 3704 hoc
1317 3640 1524 3705 modo
1558 3643 1898 3707 scribendi
1926 3653 2082 3708 sunt
2118 3693 2133 3718 ‚
2187 3645 2339 3709 Cum
2368 3646 2554 3729 poclo
2595 3644 2723 3707 bibo

502 3741 741 3818 eodem,
766 3742 1096 3824 amplector
1113 3787 1127 3814 ‚
1153 3740 1332 3804 labra
1360 3741 1596 3804 labellis
1625 3741 1803 3804 Rota
1831 3743 1959 3804 eius
1987 3765 2310 3827 compono,
2334 3742 2448 3807 hoc
2476 3754 2564 3806 est
2590 3765 2723 3805 cum
2779 3764 2784 3767 ’

492 3839 962 3920 psolocopumae
1032 3837 1236 3902 Nonii
1267 3838 1679 3924 exemplaria
1704 3839 1992 3904 Fictrz'ces
2010 3889 2029 3917 ,
2052 3840 2313 3904 Nonius
2343 3841 2491 3924 ipse
2503 3843 2666 3930 ficta
2688 3861 2723 3902 a

486 3935 780 4022 finyendo
811 3934 1004 3998 duxit
1020 3983 1035 4009 ‚
1062 3958 1211 3999 cum
1242 3938 1332 4000 sit
1362 3959 1401 4000 a
1411 3938 1690 4026 fiyendo)
1709 3986 1724 4012 ‚
1748 3937 1816 4001 in
1836 3938 1944 4000 his
1968 3939 2099 4002 bibo
2122 3938 2352 4002 littera
2373 3962 2408 4003 o
2432 3947 2553 4002 aut
2578 3960 2722 4004 cor·

503 4037 700 4115 repta
730 4037 846 4093 aut
874 4034 1099 4115 potius
1127 4056 1264 4098 non
1296 4035 1469 4098 elisa‘
1490 4035 1847 4099 dicendum
1889 4044 1992 4099 est
2034 4086 2047 4099 .
2091 4036 2314 4099 nullus
2359 4038 2537 4101 enim
2563 4043 2722 4122 poe-

502 4136 723 4193 tarum
766 4138 1040 4213 praeter
1068 4140 1333 4196 veteres
1377 4134 1726 4198 scaenicos
1766 4135 2245 4198 vocabulorum
2284 4136 2724 4201 'iambico'rum

500 4227 805 4291 vocalem
836 4236 1201 4291 extremam
1232 4252 1380 4293 cum
1408 4232 1602 4295 brevi
1632 4231 1894 4316 syllaba
1924 4232 2302 4317 copulavit.
2328 4219 2723 4319 argumento

503 4346 651 4388 esse
680 4332 913 4409 potest
938 4326 1163 4389 hiatus
1203 4326 1273 4388 in
1314 4326 1449 4390 hoc
1489 4347 1734 4412 genere
1775 4350 1912 4392 non
1955 4328 2345 4414 infrequens
2387 4379 2405 4410 ‚
2447 4338 2526 4393 ut
2557 4330 2725 4418 Hyla

502 4421 727 4504 Hyla5
766 4425 1064 4508 iustosque
1093 4426 1231 4506 pati
1255 4424 1671 4509 hymenaeos·
1646 4475 1664 4506 ,
1721 4427 2010 4491 Maeonia
2032 4450 2319 4512 yetzerose
2350 4429 2581 4508 domo,
2626 4427 2726 4491 ubi
