2840 5008
336 378 427 444 24
1449 334 1568 449 1¹

332 558 636 615 naturam
670 574 866 636 quam
893 561 1079 617 totus
1109 555 1316 619 habet
1346 578 1548 640 super
1577 557 1745 641 ignis
1775 558 2128 623 haberent.

151 709 156 713 -
190 679 288 725 650
335 666 551 729 acrior
582 666 786 731 ardor
817 668 988 731 enim
1017 669 1371 734 conductis
1402 671 1705 755 partibus
1737 680 1949 747 esset,

334 779 709 865 languidior
740 804 943 868 porro
976 781 1271 848 disiectis
1305 784 1545 869 disque
1576 787 1859 870 supatis:

337 895 615 980 amplius
643 897 775 960 hoc
804 897 944 960 fieri
972 897 1065 959 nil
1095 905 1199 961 est
1229 898 1414 982 quod
1444 921 1646 984 posse
1675 901 1882 963 rearis

336 1009 580 1089 talibus
610 1011 676 1073 in
706 1013 922 1075 causis
942 1060 956 1086 ‚
979 1033 1064 1074 116
1097 1011 1253 1075 dum
1281 1013 1606 1076 variantia
1632 1035 1852 1076 rerum

337 1128 524 1187 tanta
556 1133 758 1208 queat
787 1125 1011 1190 densis
1039 1128 1344 1212 rarisque
1375 1149 1458 1190 ex
1486 1128 1748 1213 ignibus
1781 1149 1958 1194 6336.

196 1250 293 1296 655
336 1235 406 1298 id
439 1259 709 1323 quoque
729 1289 742 1313 ‚
769 1241 824 1304 si
851 1240 1099 1305 faciant
1128 1240 1491 1305 admixtum
1523 1241 1722 1304 rebus
1751 1242 1975 1317 inane,

343 1349 611 1415 denseri
637 1361 957 1438 poterunt
983 1357 1173 1439 ignes
1201 1355 1471 1439 rarique
1501 1355 1814 1439 relinqui:

341 1465 463 1528 sed
493 1466 649 1551 quia
676 1468 879 1532 multa
908 1447 1039 1532 sibi
1062 1477 1344 1533 cernunt
1372 1469 1707 1532 contraria
1736 1468 1978 1552 adesse

345 1587 412 1642 et
439 1580 726 1666 fugitant
753 1583 820 1645 in
851 1584 1049 1646 rebus
1078 1584 1272 1646 inane
1300 1583 1678 1667 relinquere
1706 1606 1944 1668 purum
1961 1633 1975 1658 ‚

345 1695 556 1758 ardua
588 1695 744 1758 dum
771 1705 1074 1760 metuunt
1093 1747 1107 1773 ‚
1132 1700 1442 1768 amittunt
1468 1718 1632 1760 vera
1657 1698 1817 1772 viai,

201 1824 298 1871 660
341 1831 464 1872 nec
492 1833 756 1874 rursum
787 1819 1068 1875 cernunt
1099 1821 1407 1897 exempto
1439 1814 1641 1876 rebus
1659 1813 1847 1875 inani

347 1926 565 1987 omnia
596 1924 862 1988 denseri
889 1926 1163 2011 fierique
1196 1948 1278 1989 ex
1309 1928 1615 1990 omnibus
1645 1949 1847 1989 unum

346 2060 592 2123 corpus
612 2089 626 2115 ,
648 2041 740 2102 nil
769 2041 852 2104 ab
885 2062 957 2103 se
990 2040 1176 2124 quod
1204 2043 1423 2127 possit
1451 2042 1710 2105 mittere
1740 2041 2010 2124 raptim;

348 2153 619 2227 aestifer
645 2156 816 2239 ignis
843 2156 941 2219 uti
967 2155 1190 2218 lumen
1217 2156 1373 2219 iacit
1401 2165 1603 2240 atque
1635 2175 1948 2239 vaporem
1966 2203 1983 2229 ,

348 2275 425 2330 ut
452 2268 685 2332 videas
715 2291 852 2332 non
884 2291 918 2331 e
949 2269 1209 2353 stipatis
1238 2271 1543 2355 partibus
1575 2290 1751 2332 esse.

205 2398 302 2444 665
349 2382 533 2468 quod
565 2384 620 2446 si
648 2383 823 2446 forte
854 2383 982 2446 alia
1012 2382 1296 2447 credunt
1322 2384 1585 2453 ratione
1615 2390 1893 2468 potesse

309 2509 312 2516 ’
346 2498 518 2583 ignis
545 2499 614 2562 in
644 2507 842 2563 coetu
874 2497 1113 2583 stingui
1144 2506 1537 2583 mutareque
1568 2520 1847 2583 corpus,

354 2615 639 2690 scilicet,
664 2636 749 2676 ex
778 2613 958 2676 nulla
985 2612 1206 2677 facere
1235 2613 1307 2677 id
1337 2614 1394 2676 si
1425 2619 1619 2697 parte
1647 2620 2005 2697 reparcent
2023 2663 2040 2688 ‚

354 2727 620 2792 occidet
648 2727 736 2791 ad
762 2729 966 2791 nilum
985 2777 999 2803 ‚
1022 2730 1088 2791 ni
1119 2729 1350 2792 mirum
1371 2778 1386 2804 ‚
1406 2726 1709 2792 funditus
1741 2723 1955 2794 ardor.

354 2843 565 2905 omnis
598 2850 665 2905 et
695 2827 729 2904 6
758 2843 892 2905 nilo
924 2842 1086 2905 fient
1117 2863 1287 2926 quae
1318 2864 1599 2926 cumque
1632 2850 1976 2906 creantur:

209 2973 306 3020 670
349 2978 500 3020 nam
533 2955 720 3040 quod
751 2977 1033 3040 cumque
1064 2956 1202 3018 suis
1230 2964 1555 3019 mutatum
1582 2956 1823 3021 finibus
1856 2958 2020 3030 exit,

357 3072 669 3134 continuo
700 3070 833 3133 hoc
862 3092 1042 3133 mors
1076 3077 1180 3134 est
1207 3069 1379 3132 illius
1413 3070 1598 3154 quod
1625 3070 1751 3134 fuit
1781 3077 1964 3133 ante.

352 3182 637 3270 proinde
667 3186 900 3270 aliquit
929 3205 1248 3269 superare
1276 3206 1553 3248 necesse
1586 3193 1689 3249 est
1716 3184 2042 3247 incolume
2075 3182 2220 3245 ollis
2239 3231 2255 3257 ‚

356 3320 441 3361 ne
470 3299 593 3363 tibi
620 3322 730 3363 res
757 3299 1039 3363 redeant
1068 3299 1157 3363 ad
1184 3300 1388 3362 nilum
1417 3298 1717 3363 funditus
1750 3318 1982 3361 omnes

360 3413 444 3476 de
472 3413 744 3498 niloque
774 3423 1010 3479 renata
1037 3415 1337 3499 vigescat
1366 3414 1560 3499 copia
1588 3434 1810 3475 rerum
1829 3462 1842 3475 .

214 3545 311 3590 675
354 3551 532 3592 nunc
560 3529 762 3614 igitur
794 3531 1105 3615 quoniam
1135 3528 1504 3592 certissima
1533 3548 1820 3611 corpora
1852 3524 2176 3609 quaedam

358 3651 548 3719 sunt,
573 3664 745 3728 quae
777 3651 1181 3707 conservant
1208 3649 1515 3705 naturam
1546 3662 1807 3724 semper
1838 3638 2117 3704 eandem
2135 3688 2150 3714 ‚

361 3780 643 3842 quorum
674 3759 857 3822 abitu
886 3767 999 3823 aut
1029 3757 1215 3821 aditu
1242 3762 1631 3840 mutatoque
1663 3753 1898 3818 ordine
1927 3761 2181 3819 mutant

359 3880 661 3936 naturam
690 3895 799 3937 res
831 3881 896 3936 et
926 3878 1328 3938 convertunt
1358 3892 1647 3955 corpora
1676 3891 1823 3934 sese
1841 3919 1855 3944 ‚

364 4192 462 4237 649
499 4187 740 4238 haberet.
780 4187 800 4255 ΙΙ
839 4193 932 4237 651
964 4184 1254 4255 Langidior
1293 4184 1312 4252 ΙΙ
1352 4188 1450 4234 657
1477 4199 1650 4234 muse.
1690 4184 1710 4251 ΙΙ
1750 4187 1848 4233 659
1886 4198 1976 4233 ver
2003 4180 2144 4233 aula.
2183 4179 2203 4248 ΙΙ
2243 4184 2341 4230 660
2380 4179 2590 4238 inane.
2650 4191 2680 4258 Η

367 4273 462 4319 662
501 4269 693 4338 raptis.
743 4268 762 4335 ΙΙ
809 4273 906 4320 665
944 4268 1047 4318 mia
1082 4266 1102 4334 ΙΙ
1139 4271 1237 4317 666
1275 4272 1460 4317 coetus
1498 4266 1517 4335 ΙΙ
1555 4281 1870 4333 musareque
1908 4266 1928 4333 Η
1972 4269 2069 4315 668
2107 4261 2344 4315 funditur
2382 4263 2590 4320 arbor.
2652 4275 2686 4342 Η

370 4355 466 4401 669
505 4369 533 4403 6
569 4358 831 4405 omissum.
872 4349 891 4418 ΙΙ
928 4355 1026 4401 670
1064 4355 1351 4401 mutuatum
1389 4349 1409 4417 Η
1450 4354 1548 4400 674
1586 4350 1820 4401 vive-scat
