2840 5008
1169 402 1275 470 VI
2019 456 2022 459 .
2208 401 2346 468 245

112 605 220 648 nec
248 581 512 667 requies
544 585 693 643 erat
719 577 854 641 ulla
883 577 1068 640 mali:
1093 574 1358 639 defessa
1386 574 1695 666 iacebant

53 716 87 761 ³9
112 718 407 782 corpora.
432 693 779 758 mussabat
806 692 1017 756 tacito
1049 689 1376 753 medicina
1404 690 1671 766 timore,

115 811 344 897 quippe
374 809 674 894 patentia
703 828 851 870 cum
883 806 1128 870 totiens
1159 825 1238 867 ac
1266 804 1500 868 nuntia
1529 806 1759 870 mortis

112 925 337 988 lumina
364 928 718 987 versarent
747 920 1089 984 oculorum
1119 919 1422 1005 expertia
1451 940 1714 982 somno,

112 1038 429 1122 multaque
461 1042 815 1124 praeterea
841 1034 1073 1097 mortis
1104 1040 1242 1097 tum
1271 1033 1462 1117 signa
1492 1032 1856 1112 dabantur,

112 1153 491 1242 perturbata
521 1149 718 1213 animi
748 1168 934 1210 mens
963 1147 1030 1210 in
1058 1168 1318 1210 merore
1346 1154 1662 1232 metuque
1680 1198 1695 1224 ‚

114 1266 283 1328 triste
314 1263 737 1351 supercilium
758 1311 773 1335 ,
796 1261 1089 1325 furiosus*
1115 1261 1340 1325 voltus
1374 1269 1442 1325 et
1472 1282 1656 1343 acer,

53 1395 89 1440 35
113 1379 417 1443 sollicitae
447 1398 656 1463 porro
686 1377 1055 1462 plenaeque
1087 1377 1443 1439 sonoribus
1474 1397 1700 1453 aures,

117 1495 332 1556 creber
361 1491 641 1578 spiritus
672 1498 788 1554 aut
813 1490 1047 1575 iugem
1077 1491 1367 1575 raroque
1398 1488 1704 1567 coortuS‚

116 1605 497 1691 sudorisque
526 1602 804 1667 madens
834 1625 955 1690 per
987 1605 1224 1668 collum
1258 1604 1653 1690 splendidus
1682 1629 1901 1685 umor,

117 1720 317 1783 tenvia
346 1726 549 1807 sputa
576 1719 858 1793 minuta,
884 1720 1060 1782 croci
1091 1727 1404 1783 contacta
1435 1719 1660 1783 colore

118 1833 405 1919 salsaque
425 1883 441 1909 ‚
463 1855 587 1919 per
614 1832 841 1897 fauces
869 1853 1106 1896 raucas
1135 1833 1249 1897 vix
1278 1833 1460 1898 edita
1492 1836 1687 1899 tussi.

55 1959 93 2007 90
113 1947 169 2009 in
194 1949 493 2012 manibus
521 1968 683 2010 vero
714 1936 902 2010 nervi
932 1946 1200 2010 trahere
1232 1955 1310 2012 et
1328 1957 1612 2012 tremere
1642 1959 1828 2016 artus

120 2082 151 2122 a
175 2062 587 2148 pedibusque
616 2061 983 2124 minutatim
1015 2058 1379 2125 succedere
1408 2062 1620 2147 frigus

117 2155 237 2238 non
265 2175 649 2241 dubitabat:
672 2176 829 2239 item
860 2174 947 2238 ad
977 2197 1355 2261 supremum
1389 2175 1676 2262 denique
1708 2186 1970 2267 tempus

122 2297 503 2375 conpressae
531 2310 729 2353 nares
749 2338 764 2365 ‚
784 2290 929 2353 nasi
958 2289 1265 2375 primoris
1295 2311 1574 2354 acumen

121 2409 293 2467 tenve
310 2455 323 2480 ‚
349 2404 572 2469 cavati
602 2404 775 2468 oculi
793 2453 808 2479 ‚
833 2425 998 2467 cava
1026 2412 1332 2489 tempora
1348 2454 1363 2481 ‚
1385 2405 1631 2490 frigida
1660 2409 1853 2492 pellis

55 2529 98 2575 95
124 2516 401 2606 duraque
420 2570 435 2597 ‚
456 2520 933 2583 inhorrescens
961 2519 1231 2595 rictum,
1253 2520 1442 2584 frons
1474 2529 1661 2585 tenta
1691 2525 2013 2589 tumebat.

124 2653 228 2695 nec
251 2635 452 2699 nimio
482 2632 679 2719 rigidi
710 2641 868 2721 post
897 2640 1083 2697 artus
1114 2644 1328 2699 morte
1355 2636 1693 2702 iacebant.

126 2754 482 2834 octavoque
513 2748 653 2812 fere
685 2747 999 2819 candenti
1026 2748 1269 2811 lumine
1299 2750 1458 2813 solis
1525 2803 1537 2816 .

125 2869 225 2926 aut
251 2864 445 2927 etiam
474 2884 656 2926 nona
683 2862 1058 2926 reddebant
1088 2863 1392 2948 lampade
1420 2865 1649 2929 vitam

129 2996 387 3058 quorum
421 2978 630 3062 siquis
660 2978 775 3041 vix
803 2977 1049 3041 vitarat
1076 2977 1312 3041 funera
1346 2979 1487 3054 leti,

57 3101 103 3147 00
126 3089 441 3156 ulceribus
470 3092 705 3156 taetris
738 3099 806 3156 et
833 3092 1021 3177 nigra
1049 3092 1353 3178 proluvie
1383 3094 1513 3157 alvi

125 3207 442 3285 posterius
470 3214 695 3270 tamen
721 3207 901 3270 hunc
930 3208 1119 3270 tabes
1136 3207 1487 3292 ‘letumque
1517 3213 1856 3290 manebat,

128 3326 228 3381 aut
255 3321 448 3385 etiam
478 3322 725 3385 multus
758 3322 990 3407 capitis
1022 3343 1169 3384 cum
1200 3343 1402 3409 saepe
1436 3322 1671 3389 dolore

128 3444 461 3521 corruptus
494 3437 764 3521 sanguis
797 3437 1081 3521 expletis
1111 3438 1384 3501 naribus
1413 3440 1587 3503 ibat:

126 3543 244 3610 huc
267 3548 554 3614 hominis
583 3558 767 3614 totae
797 3551 974 3615 vires
1006 3573 1385 3636 corpusque
1415 3550 1695 3619 fluebat.

59 3670 102 3716 05
126 3662 499 3743 profluvium
530 3687 732 3750 porro
766 3665 878 3749 qui
913 3668 1107 3730 taetri
1138 3668 1480 3753 sanguinis
1511 3691 1663 3733 acre

132 3776 397 3855 exierat,
416 3788 638 3843 tamen
668 3779 733 3840 in
763 3801 1011 3844 nervos
1040 3781 1197 3845 huic
1227 3785 1500 3847 morbus
1533 3793 1600 3848 et
1630 3794 1814 3849 artus

128 4122 252 4170 ’1177
287 4124 417 4175 mari
471 4123 491 4195 u
550 4131 679 4178 1180
716 4125 958 4180 ardentia
993 4128 1221 4181 morbis.
1285 4129 1303 4198 ΙΙ
1370 4136 1498 4182 1186
1536 4131 1778 4201 spiritum
1837 4134 1858 4202 ΙΙ
1926 4141 2050 4186 1187
2090 4152 2295 4187 umum.
2353 4137 2373 4205 ΙΙ

140 4205 251 4252 1189
286 4222 441 4258 rauca
510 4208 530 4276 ΙΙ
598 4216 774 4262 tusse.
849 4210 868 4278 ΙΙ
944 4218 1070 4263 1192
1110 4229 1375 4265 suremum
1435 4214 1455 4282 ΙΙ
1514 4223 1715 4286 temps,
1778 4217 1797 4284 ΙΙ
1864 4223 1990 4269 1195
2030 4218 2375 4269 inhorctiacet

136 4291 318 4337 rectum
373 4288 394 4355 ΙΙ
444 4291 645 4343 mebat.
701 4292 720 4362 ΙΙ
781 4299 908 4346 1196
946 4295 1117 4364 rigida
1155 4296 1173 4363 ΙΙ
1226 4302 1355 4349 1198
1394 4298 1502 4349 Avi
1540 4299 1560 4366 ΙΙ
1604 4305 1731 4351 1199
1768 4305 1827 4352 ut
1864 4307 1947 4352 est
1982 4298 2001 4366 ΙΙ
2043 4306 2173 4352 1200
2210 4298 2372 4351 Vicc-

138 4364 270 4420 ribus
305 4370 325 4438 ΙΙ
368 4377 490 4426 1205
531 4373 614 4427 cul
648 4376 835 4428 taetris
