2840 5008
488 373 627 441 202
1581 374 1650 439 V

321 565 451 612 1380
483 554 638 612 ante
665 546 790 610 fuit
818 546 1025 610 multo
1060 567 1258 631 quam
1285 547 1459 612 levia
1488 536 1779 612 carmina
1809 556 2012 613 cantu

486 662 954 727 concelebrare
981 661 1283 727 homines
1313 673 1597 748 possent
1626 665 1940 750 aurisque
1967 665 2197 730 iuvare
2215 715 2228 728 .

487 786 557 843 et
584 777 896 864 zephyri,
920 798 1086 841 cava
1114 798 1237 863 per
1266 779 1671 861 calamorum
1689 828 1705 856 ‚
1730 780 1921 845 sibila
1946 781 2231 865 primum

481 893 763 980 agrestis
795 891 1085 956 docuere
1115 915 1318 957 cavas
1346 893 1578 958 inflare
1610 895 1861 959 cicutas
1881 946 1895 959 .

478 1008 634 1074 inde
661 1008 1032 1073 minutatim
1064 1006 1275 1072 dulcis
1308 1008 1601 1074 didicere
1633 1010 1992 1095 querellaS‚

317 1143 444 1191 1385
473 1125 635 1190 tibia
665 1145 831 1210 quas
860 1122 1084 1207 fundit
1113 1123 1337 1210 digitis
1366 1125 1635 1211 pulsata
1663 1133 2053 1202 canentum,

480 1241 630 1305 avia
656 1261 779 1326 per
807 1260 1083 1314 nemora
1111 1260 1190 1303 ac
1219 1240 1419 1303 silvas
1451 1241 1800 1326 saltusque
1828 1249 2101 1328 reperta
2119 1292 2134 1318 ,

474 1378 597 1444 per
625 1356 777 1424 loca
803 1362 1153 1441 pastorum
1185 1354 1455 1420 deserta
1482 1363 1684 1441 atque
1716 1356 1854 1420 otia
1883 1354 2024 1420 dia.

316 1489 444 1538 1390
472 1473 642 1536 haec
671 1471 926 1535 animos
957 1470 1103 1534 ollis
1131 1470 1509 1535 mulcebant
1539 1478 1741 1557 atque
1770 1471 2093 1537 iuvabant

479 1609 628 1651 cum
656 1586 894 1650 satiate
925 1585 1051 1648 cibi
1071 1609 1085 1648 ε
1109 1607 1263 1648 nam
1291 1593 1434 1649 tum
1462 1594 1620 1650 sunt
1650 1586 1940 1650 carmina
1970 1584 2187 1651 cordi.

477 1723 680 1787 saepe
707 1702 933 1786 itaque
960 1701 1131 1764 inter
1161 1722 1233 1764 se
1262 1701 1588 1787 prostrati
1613 1701 1682 1764 in
1709 1702 2005 1786 gramine
2031 1701 2212 1765 molli

476 1824 756 1905 propter
785 1837 999 1901 aquae
1026 1816 1240 1881 rivom
1268 1816 1392 1879 sub
1423 1816 1623 1879 ramis
1653 1818 1912 1881 arboris
1943 1816 2117 1881 altae

475 1955 615 1998 non
643 1933 899 2017 magnis
932 1933 1171 2017 opibus
1199 1929 1490 1995 iucunde
1522 1954 1810 2018 corpora
1836 1933 2205 2009 habebant,

313 2065 440 2114 1395
468 2050 860 2137 praesertim
891 2069 1038 2111 cum
1068 2054 1434 2132 tempestas
1461 2045 1728 2112 ridebat
1758 2056 1825 2112 et
1852 2048 2007 2110 anni

471 2173 779 2251 tempora
805 2164 1172 2250 pingebant
1199 2161 1553 2226 viridantis
1582 2162 1858 2228 floribus
1885 2163 2159 2226 herbaS.

471 2289 613 2345 tum
639 2280 820 2356 ioca,
841 2287 981 2343 tum
1011 2299 1228 2341 sermo
1249 2327 1264 2352 ‚
1287 2285 1429 2341 tum
1460 2276 1690 2342 dulces
1722 2299 1870 2341 esse
1901 2279 2208 2342 cachinni

473 2402 881 2461 consuerant
899 2443 913 2456 .
939 2393 1222 2478 agrestis
1255 2393 1427 2456 enim
1456 2401 1596 2475 tum
1622 2415 1813 2457 musa
1840 2393 2143 2478 vigebat:

470 2523 612 2578 tum
642 2520 845 2600 caput
874 2519 1078 2596 atque
1105 2532 1372 2573 umeros
1402 2509 1615 2596 plexis
1644 2509 1952 2573 redimire
1983 2509 2250 2574 coronis

308 2646 438 2694 1400
469 2629 746 2694 floribus
779 2636 844 2692 et
871 2627 1045 2691 foliis
1073 2626 1344 2689 lascivia
1371 2626 1551 2689 laeta
1576 2627 1924 2701 monebat,

473 2752 677 2830 atque
708 2749 899 2806 extra
926 2763 1270 2805 numerum
1299 2741 1672 2827 procedere
1698 2742 1995 2805 membra
2020 2745 2370 2803 moventes

472 2859 727 2923 duriter
759 2866 825 2922 et
857 2857 1026 2921 duro
1058 2866 1306 2922 terram
1333 2856 1511 2944 pede
1540 2857 1791 2942 pellere
1818 2863 2123 2930 matrem3

465 2972 647 3037 unde
677 2973 1061 3037 oriebantur
1089 2973 1262 3036 risus
1295 2970 1659 3056 dulcesque
1689 2971 2025 3047 cachinni,

470 3088 687 3152 omnia
718 3087 903 3172 quod
930 3109 1109 3151 nova
1135 3095 1275 3150 tum
1303 3088 1511 3171 magis
1540 3086 1710 3150 haec
1742 3095 1806 3151 et
1833 3087 1998 3150 mira
2029 3087 2373 3172 vigebant.

310 3222 438 3267 1405
473 3212 541 3267 et
567 3204 993 3289 vigilantibus
1021 3202 1178 3266 hinc
1207 3201 1492 3266 aderant
1521 3203 1770 3266 solacia
1798 3202 2038 3276 somni,

470 3318 716 3382 ducere
744 3317 1149 3382 multimodis
1177 3339 1381 3382 voces
1413 3325 1482 3381 et
1508 3316 1777 3382 flectere
1809 3325 2045 3381 cantus

471 3443 535 3499 et
566 3456 809 3521 supera
841 3433 1129 3498 calamos
1159 3455 1335 3496 unco
1365 3454 1760 3519 percurrere
1790 3433 2011 3508 labr03

466 3548 647 3613 unde
678 3549 874 3613 etiam
904 3549 1134 3634 vigiles
1164 3569 1343 3611 nunc
1373 3548 1545 3612 haec
1575 3556 1855 3634 accepta
1882 3555 2187 3618 tuentur,

470 3674 538 3730 et
564 3687 908 3729 numerum
936 3685 1206 3729 servare
1239 3665 1423 3727 sonis
1457 3663 1750 3727 didicere
1770 3713 1784 3740 ‚
1806 3684 2026 3748 neque
2054 3663 2194 3726 hilo

306 3797 436 3845 1410
466 3781 781 3844 maiorem
808 3780 1067 3843 interea
1096 3780 1367 3867 capiunt
1397 3779 1748 3843 dulcedini'
1776 3777 2066 3843 fructum

470 3917 667 3981 quam
696 3896 1002 3959 silvestre
1031 3917 1241 3980 genus
1273 3896 1579 3981 capiebat
1610 3896 2093 3980 terrigenarum
2114 3941 2127 3956 .

477 4215 763 4262 13881389
787 4234 855 4253 =
884 4216 1013 4261 1454
1045 4216 1198 4262 1455.
1247 4211 1268 4279 ΙΙ
1322 4218 1449 4264 1390
1489 4212 1725 4264 iuvabat.
1764 4212 1783 4282 ΙΙ
1828 4217 1952 4264 1391
1995 4211 2172 4263 omnia
2206 4211 2226 4279 ΙΙ
2269 4215 2398 4261 1392
2438 4213 2684 4281 gramina
2720 4213 2739 4280 ΙΙ

477 4300 603 4346 1393
644 4293 913 4364 Proptere
950 4290 968 4361 Η
1014 4298 1139 4346 1397
1176 4294 1299 4347 loca
1335 4295 1354 4364 ΙΙ
1399 4301 1526 4347 1399
1564 4295 1825 4348 redimere
1862 4296 1880 4364 ΙΙ
1925 4301 2055 4347 1400
2092 4294 2364 4347 movebat.
2413 4295 2433 4364 Η
2490 4302 2622 4350 1404
2662 4298 2739 4349 vi-

472 4379 657 4447 gebat.
696 4378 715 4445 ΙΙ
759 4385 886 4431 1405
925 4396 1140 4431 somno,
1180 4378 1199 4446 ΙΙ
1241 4385 1368 4432 1409
1406 4396 1577 4449 genus
1616 4381 1635 4449 ΙΙ
1677 4386 1805 4433 1410
1843 4379 2052 4432 Maiore
2091 4378 2111 4446 ΙΙ
2147 4377 2430 4431 dulcedine
