2840 5008
1117 413 1214 480 IV
2135 411 2274 479 257

232 594 365 659 798.
430 592 748 655 Pansa-o
797 611 928 652 SIN
974 607 1443 652 s1MuLAan
1499 606 1752 649 Locos
1799 607 1882 647 IN
1929 606 2278 663 QUISQUE

90 714 372 758 PARATA
392 739 405 754 .
437 689 789 773 Oblongus
812 686 1021 750 Proeto
1044 688 1109 748 in
1130 685 1465 748 simulacra
1485 731 1496 744 .
1525 688 1711 745 recte
1728 683 2064 755 Antonius
2083 684 2279 747 Marii

92 801 150 856 et
174 789 488 855 Marullus
519 809 551 850 s
564 809 588 848 1
604 809 647 848 Ν
661 809 701 848 r
728 833 740 846 .
788 782 912 846 sed
939 782 1115 846 idem
1147 781 1478 845 Marullus
1508 779 1682 843 male
1705 827 1720 853 ,
1755 781 2056 865 quamvis
2085 781 2278 865 plau-

91 890 268 953 dente
295 882 715 950 Wakefieldo
749 931 763 957 ,
818 885 977 946 locos
1018 883 1084 944 in
1126 902 1392 967 quosque
1423 905 1443 942 .·
1502 899 1722 963 neque
1767 878 1939 943 enim
1980 878 2054 942 id
2097 902 2276 969 nunc

91 988 313 1073 agitur,
342 986 412 1048 in
435 1002 760 1069 quaenam
790 981 941 1044 loca
966 985 1123 1043 eant
1153 977 1508 1042 simulacra
1527 1026 1540 1040 .
1565 983 1752 1042 recte
1769 977 2104 1042 Antonius
2136 1002 2174 1040 L
2191 1001 2231 1042 o
2247 1015 2273 1025 -

91 1109 118 1147 c
133 1109 154 1148 1
171 1108 199 1148 s
225 1087 288 1147 in
315 1084 594 1169 quisque.

230 1179 590 1246 799—801.
656 1177 938 1241 Tmn
983 1198 1534 1240 MOB1L1TASST
1580 1199 1673 1239 Er
1717 1199 1982 1241 RERUM
2027 1200 2276 1242 coru.

89 1303 359 1344 ΤΑΝΤΛ.
387 1278 512 1342 Ho
535 1300 569 1341 c
615 1299 748 1339 UBI
782 1298 1039 1340 rmum
1082 1297 1326 1339 rmum
1354 1295 1722 1350 Amooun
1765 1298 1908 1339 Esrr
1952 1299 2274 1340 ALTERA

89 1399 269 1442 NATA
322 1378 526 1441 Imm
572 1397 854 1453 saun-U,
909 1395 1150 1437 rmore
1192 1394 1329 1436 1110
1388 1395 1702 1436 GESTUM
1756 1395 2109 1439 MUTAssn
2152 1398 2275 1439 VI-

88 1498 266 1539 nnrn
281 1499 351 1540 R.
375 1474 568 1537 Haec
592 1480 660 1537 et
684 1471 1103 1536 emendatius
1127 1471 1384 1556 scripta
1408 1478 1476 1535 et
1498 1492 1620 1534 suo
1645 1472 1798 1536 loco
1821 1474 2047 1558 posita
2070 1497 2277 1559 supra

85 1573 335 1659 legimus
352 1573 475 1636 774
492 1571 610 1634 771
636 1571 672 1632 7
677 1571 714 1633 7
719 1570 756 1633 2
774 1595 790 1647 3
816 1592 990 1655 quae
1010 1571 1123 1635 hic
1144 1570 1401 1636 frustra
1420 1570 1787 1655 adscripsit
1806 1572 2024 1637 lector
2041 1621 2056 1647 ‚
2079 1596 2276 1659 quem

85 1675 198 1736 iam
222 1674 527 1737 novimus
550 1718 565 1747 ,
594 1670 706 1735 ille
734 1670 1185 1755 philosophus
1209 1720 1225 1734 .
1255 1671 1500 1734 horum
1529 1691 1844 1734 versuum
1877 1671 2051 1735 duos
2079 1672 2276 1736 Lam-

87 1771 259 1835 binus
287 1770 571 1844 delevit,
602 1769 886 1854 primum
919 1770 1161 1833 ceteris
1192 1791 1330 1832 non
1361 1769 1695 1853 aptiorem
1724 1767 1994 1852 reliquit
2012 1819 2025 1833 .

227 1869 361 1933 802.
416 1890 591 1932 NISI
641 1889 790 1942 Qun
838 1889 1348 1931 conrssnmrr.
1390 1867 1605 1930 Recte
1634 1865 2002 1931 Lambinus
2043 1871 2166 1932 nisi
2195 1892 2276 1934 sn

87 1968 397 2032 contendit.
437 1967 511 2030 in
540 1965 861 2050 proximis
902 1972 1008 2029 est
1035 1966 1174 2050 Ipse
1205 1975 1403 2051 parat
1425 1987 1550 2027 sese
1577 1987 1775 2050 porro
1792 2011 1810 2043 ,
1850 1965 2007 2028 item
2038 1979 2277 2031 conten-

86 2067 206 2129 dere
230 2089 290 2129 se
317 2076 496 2151 atque
528 2086 801 2149 parare,
848 2062 1139 2147 denique
1169 2063 1385 2149 quibus
1426 2064 1602 2126 estin
1643 2063 1822 2125 rebus
1850 2063 2086 2127 deditus
2112 2067 2241 2150 ipse
2263 2114 2276 2130 .

86 2184 157 2226 ex
194 2164 425 2248 quibus
466 2161 904 2246 perspicuum
949 2167 1053 2224 est
1081 2181 1219 2224 non
1258 2158 1466 2223 modo
1512 2160 1623 2223 hic
1651 2159 2046 2225 Lambinum
2090 2172 2277 2227 recte

84 2263 344 2326 sensisse
360 2310 377 2341 ,
398 2258 898 2326 Wakefieldum
943 2266 1165 2322 autem
1197 2258 1511 2342 turpiter,
1530 2258 1666 2321 labi
1689 2308 1705 2338 ,
1753 2260 1866 2344 qui
1913 2260 2278 2347 coniungat

84 2383 218 2445 qnae
244 2385 484 2425 cernere
518 2361 851 2438 contendit,
882 2357 1006 2422 sed
1037 2359 1235 2422 etiam
1264 2359 1334 2421 in
1365 2380 1569 2421 versu
1596 2358 1904 2441 proximo
1929 2406 1944 2433 ,
1977 2380 2174 2442 quem
2202 2360 2277 2423 li-

84 2459 176 2522 bri
194 2460 289 2524 bis
311 2459 639 2524 exhibent
656 2506 672 2533 ‚
699 2456 822 2522 sed
848 2456 1221 2543 quadratus
1244 2457 1366 2523 ubi
1388 2456 1606 2521 alieno
1630 2455 1784 2520 loco
1808 2456 2052 2543 legitur
2077 2457 2276 2522 adra·-

86 2578 241 2634 sum,
268 2560 475 2623 verba
508 2564 744 2641 aperte
776 2564 1128 2641 corrupta,
1164 2577 1336 2641 quae
1368 2562 1529 2620 sunt
1557 2555 1755 2619 huius
1785 2555 2004 2635 modi,

226 2657 360 2721 804.
390 2656 535 2722 808.
566 2677 977 2729 mensumn,
1020 2677 1186 2719 NISI
1220 2676 1368 2731 Qun
1412 2677 1516 2717 Ex
1559 2675 1643 2717 sn
1675 2675 1849 2717 11>s1³
1896 2675 2276 2730 PARAVIT,

83 2753 164 2815 ita
192 2752 589 2841 corrigenda
620 2774 769 2817 esse
799 2760 875 2816 ut
903 2751 1228 2816 faciamus
1255 2753 1378 2816 nisi
1412 2775 1444 2816 s
1464 2776 1485 2815 1
1533 2773 1741 2827 QUAE
1783 2773 1886 2815 An
1916 2776 1981 2815 se
2007 2754 2135 2838 ipse
2151 2778 2275 2839 pa-

82 2853 258 2915 ravit.
299 2873 447 2914 nam
481 2872 623 2914 non
665 2848 915 2913 sufficit
954 2851 1299 2914 inventum
1326 2850 1682 2924 Lambini,
1718 2851 1844 2913 nisi
1869 2853 1958 2915 sic
1985 2875 2109 2915 sese
2150 2853 2281 2937 ipse

72 2950 342 3031 paravit,·
384 2949 575 3035 quod
607 2970 725 3012 cur
754 2948 1175 3033 Forbigero
1157 2969 1227 3011 111
1259 2947 1608 3013 codicibus
1640 2949 1778 3012 suis
1810 2950 2148 3014 invenisse
2178 2953 2278 3014 vi-

82 3043 331 3122 deatur,
373 3067 517 3111 non
547 3066 841 3131 quaem,
888 3047 1203 3130 quoniam
1233 3047 1374 3110 scio
1409 3068 1556 3110 eum
1600 3046 1734 3110 hoc
1765 3055 1841 3111 ut
1871 3055 2101 3112 cetera
2132 3049 2277 3113 sine

79 3144 316 3210 ratione
362 3145 590 3210 dicere
613 3192 627 3207 .
674 3144 789 3228 qui
833 3168 908 3208 ex
950 3145 1523 3229 praepositionem
1564 3146 1863 3228 probant
1884 3193 1899 3220 ,
1956 3168 2097 3210 rem
2138 3168 2277 3209 non

78 3250 509 3328 perceperunt
538 3291 552 3305 .
594 3241 773 3306 infra
807 3243 967 3308 1046
996 3266 1114 3329 quo
1156 3267 1220 3307 se
1251 3245 1550 3307 contendit
1576 3244 1715 3307 dira
1746 3245 1950 3308 lubido
1982 3294 1995 3307 .
2039 3247 2094 3309 si
2122 3269 2280 3333 quae

78 3343 414 3423 corpuscula
472 3341 751 3426 legimus
812 3362 1018 3425 supra
1069 3341 1185 3405 199
1245 3342 1381 3426 (ita
1443 3342 1615 3405 enim
1673 3349 1859 3429 recte
1914 3343 2278 3408 Marullus:

76 3444 298 3517 postea
317 3440 715 3503 Lambinum
745 3439 960 3503 secuti
993 3438 1628 3504 distinxerunt-cum
1659 3462 1915 3504 summo
1949 3442 2278 3505 orationis

78 3531 413 3620 dispendio
442 3540 499 3601 si
514 3585 531 3616 ,
563 3537 786 3623 quae),
818 3558 1037 3622 neque
1068 3559 1353 3622 usquam
1381 3561 1507 3625 qua
1527 3539 1758 3623 posuit
1780 3539 2136 3603 Lucretius
2154 3588 2170 3617 ,
2202 3547 2279 3602 ut

75 3630 135 3692 in
160 3653 243 3707 w,
255 3635 370 3698 841
408 3634 682 3699 dubium
711 3655 850 3697 non
881 3636 967 3699 sit
998 3636 1158 3720 quin
1185 3637 1239 3698 si
1268 3659 1427 3722 qnae
1457 3636 1753 3699 scribere
1785 3643 2100 3719 oporteat
2120 3685 2133 3697 .

222 3730 363 3796 805.
424 3754 900 3809 erRArQUE
945 3755 1324 3797 FUTURAM
1351 3783 1364 3797 .
1455 3732 1725 3819 Optime
1767 3733 2097 3797 Marullus
2141 3757 2276 3797 FU-

75 3846 360 3892 runnu.

222 3924 360 3989 811.
407 3950 725 3991 NOCERE
772 3951 1084 3993 Possm.
1142 3931 1297 3994 Itali
1328 3942 1396 3994 et
1424 3931 1737 4016 impressi
1765 3953 2164 3995 noscmzn.

222 4021 880 4088 815.PRAETEREA
905 4049 1128 4102 QUAM
1155 4051 1449 4104 omnus
1473 4030 1995 4093 Es'r.Avantius
2017 4030 2278 4093 PRAE-

70 4137 153 4177 ΤΕ
171 4139 211 4180 R
237 4142 453 4204 qnam.
473 4134 800 4207 praeterea
829 4146 1048 4209 quam,
1082 4124 1268 4209 quod
1300 4125 1644 4190 Bentleius
1676 4128 2061 4212 probabat
2044 4147 2114 4188 ln
2145 4126 2204 4187 T
2211 4146 2275 4187 e-

70 4216 268 4283 rentii
281 4218 541 4283 Andria
570 4242 656 4295 1v,
676 4221 732 4296 4,
756 4220 866 4296 13,
904 4221 1217 4286 Latinum
1248 4243 1397 4286 esse
1429 4231 1634 4310 negat
1661 4223 2019 4288 Handius
2003 4245 2072 4285 111
2102 4222 2274 4286 Tur-

70 4309 271 4381 sellini
312 4321 494 4401 tomo
526 4340 597 4384 1v
624 4339 688 4402 p.
708 4318 877 4383 548.
921 4329 1104 4384 certe
1135 4319 1378 4384 Latina
1409 4329 1569 4386 sunt
1598 4333 1814 4407 postea
1842 4344 2028 4408 qetam
2075 4325 2142 4382 et
2171 4343 2246 4382 ar
2250 4355 2276 4366 -

1798 4420 1871 4481 17
