2840 5008
1202 422 1264 488 ΙΙ
1425 452 1428 453 ’
2278 426 2365 491 53

80 598 303 661 dicere
340 597 534 661 enim
565 596 791 681 possis
822 594 1172 658 caelestem
1200 594 1489 657 fulminis
1518 595 1734 679 ignem

33 731 41 773 s
79 712 400 797 suptilem
434 712 664 796 magis
696 732 730 773 e
759 710 986 795 parvis
1019 716 1327 772 constare
1355 708 1615 794 figuriS‚

81 833 280 910 atque
309 825 488 889 ideo
521 825 814 888 transire
841 824 1163 886 foramina
1195 844 1364 908 quae
1393 823 1626 907 nequit
1654 824 1842 908 ignis,

82 948 310 1003 noster
341 941 471 1003 hic
504 962 542 1002 e
575 938 768 1024 lignis
798 949 950 1002 ortu
982 937 1308 1022 taedaque
1341 945 1635 1001 creatus,
1803 930 1806 933 ’

82 1061 450 1138 praeterea
481 1055 710 1117 lumen
736 1074 858 1139 per
888 1075 1162 1116 cornum
1191 1053 1467 1127 transit,
1492 1058 1562 1114 at
1588 1052 1798 1114 imber

83 1170 434 1253 respuitur
456 1222 470 1234 .
501 1189 713 1254 quare
731 1167 762 1228 Ρ
783 1168 909 1230 nisi
936 1168 1195 1230 luminis
1223 1165 1334 1229 illa
1363 1165 1620 1229 minora

33 1299 45 1343 )
82 1303 373 1367 corpora
409 1292 583 1346 sunt
613 1303 808 1366 quam
841 1280 924 1344 de
956 1282 1196 1365 quibus
1229 1288 1331 1343 est
1357 1280 1579 1364 liquor
1610 1279 1817 1342 almus
1850 1300 2199 1362 aquarum.

84 1407 146 1460 et
172 1398 502 1481 quamvis
536 1396 756 1460 subito
785 1417 909 1480 per
941 1395 1154 1458 colum
1185 1396 1339 1456 vina
1367 1393 1671 1456 videmus

82 1508 456 1593 perfluere:
486 1519 559 1573 at
590 1518 825 1573 contra
852 1508 1117 1572 tardum
1149 1512 1501 1570 cunctatur
1533 1506 1805 1580 olivmn,

84 1634 190 1688 aut
220 1626 387 1710 quia
408 1674 426 1701 ‚
453 1624 525 1686 ni
555 1625 789 1687 mirum
809 1672 824 1697 ‚
849 1622 1206 1685 maioribus
1238 1628 1340 1684 est
1372 1621 1713 1684 elementis

83 1747 190 1800 aut
215 1739 445 1823 magis
483 1737 719 1800 amatis
747 1738 922 1800 inter
953 1757 1026 1799 se
1054 1756 1310 1821 perque
1338 1733 1662 1818 plicatiS,

33 1870 43 1911 ἰ
81 1861 276 1936 atque
304 1851 482 1915 ideo
512 1851 591 1914 fit
618 1850 715 1913 uti
743 1871 879 1913 non
909 1858 1044 1913 tam
1075 1848 1350 1912 diducta
1378 1857 1654 1932 repente

79 1950 244 2030 inter
276 1957 356 2030 se
388 1966 670 2049 possint
695 1962 1060 2049 primordia
1089 1963 1343 2048 singula
1374 1942 1681 2047 quaeque

82 2081 342 2165 singula
372 2101 508 2165 per
541 2079 861 2162 cuiusque
890 2077 1214 2141 foramina
1242 2098 1663 2162 permanare.

156 2194 312 2257 Huc
345 2192 621 2258 accedit
648 2193 746 2256 uti
773 2192 983 2254 mellis
1010 2192 1335 2275 lactisque
1363 2192 1673 2276 liquores·

79 2308 375 2372 iucundo
411 2328 622 2371 sensu
650 2306 912 2391 linguae
938 2284 1316 2370 tractentur
1343 2307 1411 2369 in
1443 2327 1590 2368 ore:

33 2440 42 2484 ι
78 2433 142 2486 at
168 2431 423 2488 contra
453 2430 674 2486 taetra
702 2421 995 2484 absinthi
1024 2430 1267 2484 natura
1292 2420 1552 2506 ferique

81 2539 382 2602 centauri
410 2535 621 2600 foedo
652 2543 1102 2621 pertorquent
1133 2558 1252 2599 ora
1281 2557 1556 2621 sapore3

80 2661 147 2715 ut
172 2652 378 2716 facile
410 2672 746 2735 agnoscas
777 2672 811 2713 e
840 2651 1098 2715 levibus
1128 2659 1328 2736 atque
1358 2649 1669 2714 rutundis

83 2786 221 2831 esse
254 2789 339 2831 ea
372 2787 552 2852 quae
584 2787 820 2830 sensus
848 2764 1138 2828 iucunde
1170 2775 1445 2850 tangere
1477 2773 1793 2849 possunt,

81 2889 143 2943 at
170 2889 420 2945 contra
452 2901 627 2964 quae
658 2901 881 2943 amara
910 2887 1114 2964 atque
1146 2902 1385 2967 aspera
1414 2902 1697 2964 cumque
1727 2879 2067 2957 videntur,

33 3009 43 3053 ἰ
77 2993 235 3059 haec
266 2995 493 3080 magis
524 2996 758 3058 amatis
785 2995 964 3057 inter
995 3016 1068 3057 se
1095 3017 1268 3058 nexa
1295 2972 1537 3070 teneri,

78 3118 582 3196 proptereaque
613 3109 828 3171 solere
858 3110 998 3172 vias
1027 3109 1410 3174 rescindere
1439 3109 1691 3172 nostris

82 3224 395 3288 sensibus
423 3223 838 3307 introituque
868 3246 990 3287 suo
1019 3246 1452 3309 perrumpere
1484 3246 1758 3308 corpus,

157 3338 410 3401 Omnia
436 3344 784 3423 postremo
815 3339 994 3402 bona
1024 3340 1329 3403 sensibus
1361 3348 1428 3403 et
1455 3338 1627 3401 mala
1656 3345 1841 3400 tactu

83 3451 382 3517 dissimili
410 3454 588 3516 inter
619 3473 691 3515 se
719 3461 1023 3538 pugnant
1050 3453 1350 3538 perfecta
1377 3454 1621 3538 figura3

33 3580 45 3625 )
79 3588 153 3629 ne
179 3575 254 3630 tu
283 3567 470 3631 forte
498 3575 698 3652 putes
729 3589 952 3630 serrae
983 3566 1330 3630 stridentis
1359 3568 1670 3630 acerbum

79 3679 428 3746 horrorem
458 3688 771 3744 constare
804 3681 1139 3744 elementis
1168 3681 1428 3744 levibus
1459 3702 1670 3765 aeque

80 3816 151 3858 ac
176 3817 454 3860 musaea
483 3795 655 3857 mele
674 3843 688 3868 ,
712 3816 831 3878 per
861 3794 1156 3858 chordas
1188 3796 1482 3880 organici
1515 3816 1684 3878 quae

79 3911 425 3974 mobilibus
458 3909 683 3994 digitis
714 3909 1183 3994 expergefacta
1209 3910 1530 3995 figurant3

80 4043 202 4085 neu
229 4024 422 4088 simili
451 4031 807 4109 penetrare
839 4030 1036 4109 putes
1066 4024 1431 4108 primordia
1459 4024 1673 4087 forma

86 4283 175 4354 384
212 4304 456 4357 fulmines
506 4304 551 4371 ΙΙ-
578 4310 676 4355 387
718 4311 865 4355 ortus
894 4305 924 4371 ἸΙ
961 4309 1057 4378 3900
1094 4303 1278 4357 alimus
1316 4304 1335 4372 ΙΙ
1375 4310 1472 4355 396
1510 4304 1740 4372 singulta
1776 4304 1794 4371 ΙΙ
1834 4309 1929 4355 403
1970 4300 2219 4353 iucundet
2253 4309 2332 4353 ta-

86 4400 199 4437 cere
235 4387 256 4454 l!
295 4393 389 4439 403
429 4385 718 4439 Nobilibus
758 4385 777 4453 ΙΙ
814 4393 913 4438 414
950 4387 1219 4456 penetrale
