2840 5008
1199 353 1291 444 11⁴
1593 346 1602 356 ·
1659 368 1667 375 ·
2262 359 2352 425 63

27 554 33 591 ι
68 518 206 595 cum
237 538 485 593 tamen
522 530 712 592 inter
743 549 812 591 se
842 548 1078 590 versus
1108 530 1183 589 ac
1213 524 1422 589 verba
1450 520 1724 589 necesse
1754 536 1858 591 est

71 646 448 709 confiteare
486 643 627 706 alia
661 662 743 703 ex
775 641 913 705 aliis
945 648 1255 719 constare
1287 639 1661 722 elementisg

70 782 195 823 non
228 781 377 844 quo
412 758 645 821 multa
676 776 902 840 parum
935 754 1295 818 communis
1327 755 1550 819 littera
1582 765 1806 819 currat

71 884 177 936 aut
201 873 375 935 nulli
409 873 609 935 inter
639 892 712 934 se
744 870 874 933 duo
906 871 1043 932 sint
1072 891 1155 932 ex
1187 868 1490 932 omnibus
1519 867 1726 946 idem,

73 988 186 1050 sed
216 987 386 1072 quia
417 1007 576 1049 non
607 985 806 1069 volgo
839 983 1025 1068 paria
1056 984 1358 1048 omnibus
1391 984 1611 1047 omnia
1629 991 1983 1050 constent.

22 1118 35 1163 ·›
72 1102 159 1164 sic
188 1102 338 1165 aliis
371 1102 453 1163 in
488 1100 701 1163 rebus
728 1099 884 1161 item
918 1098 1285 1161 communia
1313 1098 1521 1161 multa
1587 1084 1592 1091 ’

72 1216 434 1278 multarum
468 1235 700 1277 rerum
731 1234 884 1293 cum,
907 1212 1040 1274 sint
1069 1211 1437 1297 primordia
1456 1203 1723 1286 {verum

76 1328 376 1393 dissimili
409 1337 653 1392 tamen
680 1328 854 1390 inter
882 1348 954 1390 se
988 1326 1352 1390 consistere
1385 1346 1633 1390 summa

76 1452 401 1526 possunt3
429 1449 515 1506 ut
545 1441 785 1505 merito
818 1462 901 1504 ex
930 1442 1073 1505 aliis
1104 1449 1414 1504 constare
1445 1440 1698 1505 feratur

77 1558 448 1621 humanum
482 1578 702 1641 genus
734 1564 799 1619 et
826 1555 1052 1640 fruges
1084 1556 1492 1639 arbustaque
1520 1556 1725 1620 laeta.

18 1688 40 1734 o
151 1671 296 1734 Nec
328 1679 580 1734 tamen
613 1669 1005 1733 omnimodis
1038 1669 1295 1732 conecti
1321 1691 1527 1753 posse
1558 1671 1927 1755 putandum
1959 1683 2063 1738 est

83 1787 331 1848 omnia:
358 1805 532 1847 nam
564 1784 765 1869 volgo
794 1785 932 1847 fieri
963 1790 1277 1869 portenta
1304 1782 1601 1860 videres,

84 1898 437 1962 semiferas
471 1897 813 1961 hominum
843 1899 1102 1983 species
1134 1898 1417 1961 existere
1438 1947 1453 1972 ,
1479 1905 1546 1962 et
1573 1900 1748 1963 altos

81 2014 250 2076 inter
283 2012 465 2075 dum
497 2033 724 2074 ramos
755 2012 971 2097 egigni
1001 2034 1284 2098 corpore
1313 2013 1504 2086 viv0‚

84 2127 435 2211 multaque
474 2126 736 2190 conecti
765 2127 1107 2189 terrestria
1134 2126 1428 2190 membra
1456 2128 1724 2192 marinis
1742 2178 1755 2203 ‚

13 2254 48 2300 »5
85 2248 217 2302 tum
247 2240 604 2303 flammam
633 2248 851 2304 taetro
883 2241 1195 2325 spirantis
1227 2262 1342 2303 ore
1375 2240 1757 2306 Chimaeras

84 2376 364 2441 pascere
395 2362 718 2416 naturam
748 2376 866 2438 per
896 2362 1109 2417 terras
1140 2355 1643 2439 omniparentis,

88 2490 377 2555 quorum
405 2467 509 2532 nil
536 2468 682 2532 fieri
707 2467 1118 2533 manifestum
1151 2477 1254 2534 est
1272 2519 1287 2545 ‚
1312 2470 1530 2534 omnia
1560 2471 1832 2555 quando

92 2569 467 2647 seminibus
501 2583 704 2646 certis
735 2591 921 2646 certa
949 2584 1285 2668 genetrice
1317 2591 1543 2647 creata

91 2718 510 2762 conservare
542 2717 753 2781 genus
785 2699 1155 2762 crescentia
1184 2720 1387 2783 posse
1417 2697 1746 2762 videmuS.

11 2825 61 2874 10
99 2813 356 2876 scilicet
375 2860 392 2885 ‚
417 2810 497 2874 id
528 2819 712 2875 certa
738 2810 877 2874 fieri
908 2813 1165 2875 ratione
1194 2820 1574 2875 necessust.

91 2947 235 2988 nam
268 2947 404 2990 sua
437 2925 683 3009 cuique
715 2925 875 2989 cibis
908 2947 990 2988 ex
1023 2927 1324 2990 omnibus
1353 2928 1534 2990 intus
1561 2928 1629 2990 in
1660 2937 1844 2991 artus

94 3061 386 3126 corpora
419 3038 785 3103 discedunt
813 3061 1199 3125 conexaque
1230 3042 1685 3105 convenientis

98 3154 394 3219 efficiunt
424 3160 690 3216 motus:
714 3160 784 3215 at
814 3161 1050 3217 contra
1080 3155 1291 3217 aliena
1318 3153 1622 3219 videmus

95 3268 349 3332 reicere
378 3270 453 3332 in
485 3275 702 3331 terras
731 3274 1035 3331 naturam
1056 3317 1070 3342 ‚
1095 3270 1436 3353 multaque
1468 3271 1682 3334 caecis

16 3392 59 3436 15
99 3383 509 3466 corporibus
541 3381 802 3466 fugiunt
831 3403 865 3443 e
898 3403 1179 3466 corpore
1202 3432 1215 3457 ‚
1238 3384 1497 3468 percita
1525 3384 1739 3469 plagis
1757 3434 1771 3460 ‚

100 3515 266 3577 quae
297 3515 533 3579 neque
566 3496 825 3558 conecti
857 3517 1191 3580 quoquam
1220 3505 1502 3583 potuere
1533 3521 1751 3583 neque
1782 3500 1960 3562 intus

98 3609 317 3672 vitalis
352 3615 585 3672 motus
613 3610 990 3673 consentire
1021 3618 1222 3695 atque
1251 3612 1518 3685 imitari.

102 3721 218 3783 sed
250 3742 345 3784 ne
375 3722 557 3786 forte
588 3731 786 3808 putes
816 3724 1116 3787 animalia
1146 3725 1289 3789 sola
1315 3727 1528 3788 teneri

101 3833 361 3919 legibus
391 3835 501 3898 his
522 3884 537 3909 ‚
563 3834 891 3919 quaedam
919 3839 1089 3902 ratio
1122 3838 1538 3903 disterminat
1567 3839 1812 3903 omnia.

12 3958 64 4005 20
101 3969 248 4011 nam
279 3948 393 4012 vel
421 3949 525 4011 uti
554 3956 703 4012 tota
730 3957 967 4014 natura
997 3951 1345 4018 dissimiles
1376 3961 1533 4017 sunt

112 4230 204 4276 693
243 4227 389 4279 nulla
445 4227 466 4295 ΙΙ
522 4233 623 4278 696
660 4227 947 4296 primordia
982 4246 1178 4281 rerum.
1236 4233 1255 4300 ΙΙ
1310 4236 1407 4283 706
1447 4233 1620 4284 omnia
1652 4231 1912 4300 parentis.
1970 4229 1989 4296 Η
2043 4235 2141 4281 716
2178 4231 2308 4282 inte.
2347 4231 2367 4298 ΙΙ

114 4314 207 4358 719
249 4311 452 4362 omnis·
