2840 5008
491 414 577 481 52
1583 414 1614 482 Ι

486 590 617 652 iam
647 587 909 652 tenebis
927 610 943 664 3
964 596 1040 651 ut
1067 588 1137 652 in
1168 610 1262 663 111,
1281 588 1398 652 831
1438 588 1941 675 Quandoquidem
1970 600 2194 652 natura
2225 590 2416 652 animi
2443 592 2728 655 mortalis

488 688 740 750 habetur
757 736 770 749 .
794 685 1157 750 Lambinus
1181 687 1411 749 nescio
1438 707 1572 771 qua
1595 685 1900 750 mutandi
1925 685 2198 752 libidine
2220 687 2482 752 habebas
2497 736 2512 762 ‚
2531 689 2725 773 quod

489 784 650 850 ferri
681 806 813 847 non
846 791 1111 869 potest.

654 882 793 946 759.
856 903 1197 945 1N1M10A
1253 904 1509 945 M0n1s
1563 903 1861 945 MULTls
1921 903 2126 945 SUNT
2180 903 2449 958 ATQUE
2513 904 2718 946 VENE

490 982 571 1050 IP
589 1004 676 1046 SA
710 1004 776 1044 sl
794 1004 831 1043 13
848 1003 871 1043 1
904 1004 987 1044 IN
1004 1003 1095 1044 TE
1115 1004 1157 1044 R
1189 1004 1221 1044 s
1238 1003 1275 1043 E
1300 1030 1315 1044 .
1347 978 1738 1059 Quadratus
1768 981 1979 1044 veneni
2003 1030 2020 1060 ,
2062 989 2414 1045 corrector
2441 982 2721 1067 'oblongi

489 1105 716 1145 venena
747 1105 771 1161 ,·
811 1079 997 1164 quod
1043 1101 1190 1142 cum
1234 1080 1441 1143 ceteri
1487 1078 1703 1143 secuti
1728 1085 1959 1143 essent
1996 1127 2012 1154 ‚
2040 1078 2511 1144 Wakefieldus
2536 1079 2720 1144 hunc

490 1186 761 1267 poetam
800 1201 1089 1241 venenum
1130 1175 1373 1262 plurali
1415 1198 1696 1269 numero
1735 1192 2098 1261 numquam
2129 1177 2454 1241 extulisse
2485 1178 2716 1241 obser-

490 1279 678 1341 vavit
709 1323 725 1352 ‚
768 1296 980 1360 eaque
1042 1273 1129 1338 de
1175 1295 1379 1339 causa
1424 1273 1655 1337 maluit
1697 1276 1950 1338 inimica
1990 1286 2130 1338 suut
2169 1286 2346 1360 atque
2389 1298 2487 1339 vr:
2503 1290 2660 1338 NEN
2676 1297 2714 1338 o

492 1376 637 1461 Ipsa
666 1376 780 1439 sibi
807 1378 963 1438 iuter
989 1399 1050 1437 se
1093 1423 1106 1448 ‚
1155 1373 1339 1458 quod
1379 1380 1567 1437 recte
1602 1373 1896 1438 firmavit
1928 1371 2256 1437 Varronis
2285 1374 2515 1437 verbis
2548 1394 2718 1458 quae

492 1480 650 1537 sunt
676 1474 745 1537 in
775 1483 996 1537 rerum
1026 1472 1431 1535 rusticarum
1462 1495 1504 1547 1,
1523 1471 1681 1547 2,18
1716 1519 1731 1547 ,
1771 1473 2070 1559 quaedam
2112 1473 2269 1535 euim
2296 1473 2567 1557 pecudes
2595 1474 2718 1535 cml-

493 1583 666 1635 turae
693 1581 833 1633 suut
856 1571 1141 1632 inimicae
1172 1592 1246 1632 ac
1279 1593 1502 1633 veneno
1543 1618 1556 1631 .
1602 1569 1832 1655 itaque
1874 1592 2024 1633 cum
2064 1591 2147 1633 ne
2181 1568 2404 1634 Varro
2448 1569 2721 1654 quidem

492 1669 784 1733 voluerit
809 1668 981 1732 haec
1012 1667 1418 1752 coniungere
1442 1716 1457 1742 ‚
1487 1670 1771 1732 inimicae
1802 1693 1876 1732 ac
1904 1693 2131 1732 venena
2159 1718 2176 1749 ‚
2224 1667 2720 1733 Wakefieldum

496 1776 700 1851 atque
721 1766 940 1852 ipsum
962 1764 1344 1829 Varronem
1367 1766 1478 1829 hic
1504 1765 1773 1851 quidem
1799 1767 2184 1852 sequendos
2216 1767 2429 1832 duco:
2452 1768 2520 1831 in
2540 1766 2716 1832 libro

494 1890 564 1942 11,
581 1865 701 1934 461
757 1885 960 1927 causa
1010 1862 1193 1925 nulla
1245 1872 1350 1927 est
1402 1883 1538 1948 quo
1581 1864 1804 1927 minus
1848 1866 2217 1930 scribamus
2259 1867 2426 1952 quod
2466 1887 2720 1950 eumque

493 1969 836 2028 venenunwt
876 1961 1164 2026 Sensibus
1204 2011 1216 2026 .
1266 1961 1391 2026 sed
1435 1961 1621 2047 quod
1657 1961 1918 2027 Nonius
1962 1962 2172 2029 habet
2221 1990 2281 2052 p.
2307 1965 2427 2028 491
2467 2012 2483 2039 ,
2528 1963 2607 2028 10
2640 1984 2723 2027 ex

497 2060 734 2129 eodem
763 2058 1115 2134 Varrone,
1148 2061 1276 2123 eius
1305 2061 1464 2123 euim
1495 2061 1748 2124 salivam
1776 2060 2185 2145 esse-fructuis
2210 2086 2466 2141 veneno,
2488 2061 2565 2126 id
2593 2062 2719 2124 La-

494 2162 633 2225 tine
659 2159 792 2223 dici
810 2179 948 2221 non
972 2158 1212 2222 credo:
1238 2167 1306 2222 et
1333 2159 1592 2223 habent
1611 2182 1900 2222 venenum
1925 2160 2332 2247 exemplaria
2350 2160 2720 2225 Varronis,

659 2259 799 2322 767.
816 2257 1183 2321 ATERMs
1208 2278 1458 2321 amun
1478 2279 1721 2321 NTUR.
1742 2239 2102 2321 Corrector
2121 2259 2720 2345 oblongiALTER-

499 2383 574 2424 m
594 2382 678 2423 s.
726 2377 886 2419 mox
913 2376 1184 2419 versum
1211 2354 1382 2428 769,
1427 2354 1539 2438 qui
1573 2361 1677 2418 est
1705 2353 1827 2417 762
1858 2362 2111 2419 temere
2141 2357 2471 2441 repetitus
2495 2404 2512 2430 ,
2542 2354 2722 2420 idem

498 2462 845 2526 corrector
872 2455 1004 2518 iam
1036 2452 1319 2543 delevit.

661 2554 801 2618 772.
832 2574 1221 2618 NATURAM
1263 2575 1356 2615 ET
1396 2574 1665 2623 MUTET
1702 2601 1715 2615 .
1755 2551 1859 2616 UT
1904 2560 2249 2616 corrector
2294 2552 2614 2637 quadrati
2658 2559 2725 2616 et

498 2655 681 2720 Itali:
713 2655 812 2719 sic
839 2652 1258 2717 Veronensis
1291 2650 1501 2715 editio
1522 2699 1537 2725 ‚
1566 2672 1705 2713 non
1732 2649 2101 2715 Brixiens'is
2123 2698 2137 2713 .

664 2751 804 2814 774.
832 2749 1007 2813 Nou
1040 2772 1347 2813 AnnuAs
1370 2799 1383 2812 .
1414 2748 1569 2812 Itali
1599 2756 1668 2812 et
1694 2748 2023 2813 Marullus
2053 2770 2422 2812 ANIMANS
2442 2797 2455 2810 .

664 2848 802 2911 775.
836 2868 1041 2910 SUAM
1074 2869 1541 2940 QU1sQu13-1N
1573 2868 1892 2910 conTuM
1930 2896 1942 2910 .
1979 2829 2308 2911 Marullus
2352 2869 2540 2923 Qum
2565 2868 2723 2922 Qun

498 2950 565 3011 iu
595 2969 629 3009 c
649 2969 687 3010 o
702 2969 739 3008 E
762 2970 801 3008 T
816 2968 860 3008 u
879 2993 894 3008 .
1985 3016 1992 3021 ,

666 3044 807 3109 776.
840 3065 1297 3107 OSTENDIT.
1327 3042 1482 3107 Itali
1513 3050 1581 3107 et
1610 3043 1940 3107 Avantius
1972 3065 2404 3107 OSTENDET
2426 3094 2439 3107 .

666 3144 805 3207 777.
835 3140 1006 3206 Cum
1047 3162 1313 3204 TERRA
1354 3164 1594 3206 snum.
1640 3165 1734 3204 ET
1781 3164 2109 3217 QUODAM
2141 3163 2297 3206 cum
2326 3163 2535 3205 Rom-3
2570 3163 2727 3204 MA-

500 3266 545 3307 N
559 3264 604 3305 A
618 3264 661 3305 R
674 3264 730 3304 E.
750 3239 1117 3305 Corrector
1135 3238 1408 3324 oblongi
1424 3262 1472 3302 M
1487 3261 1528 3302 A
1545 3262 1588 3302 N
1606 3262 1643 3302 E
1660 3262 1701 3303 R
1713 3261 1751 3301 E
1772 3288 1786 3304 .
1804 3246 1946 3302 tum
1964 3239 2336 3304 rectissime
2353 3239 2728 3303 Lambinus

500 3338 786 3404 totidem
811 3338 1055 3401 litteris
1083 3358 1128 3399 A
1145 3361 1185 3399 T
1200 3359 1259 3412 Q.
1284 3360 1383 3401 AR
1398 3361 1441 3401 n
1459 3361 1498 3402 o
1513 3361 1556 3401 R
1587 3361 1721 3402 eum
1750 3361 1891 3402 rore
1908 3327 1949 3402 .’

668 3437 808 3502 778.
852 3460 936 3501 IN
982 3459 1232 3500 Rnnus
1278 3428 1372 3502 or
1391 3459 1653 3501 ORTET
1698 3485 1712 3499 .
1766 3435 1897 3516 Qui
1943 3436 2214 3521 paulum
2255 3434 2458 3500 modo
2485 3435 2558 3498 in
2579 3434 2727 3499 hoc

502 3536 792 3602 carmine
821 3540 1132 3599 versatus
1160 3533 1365 3599 fuerit
1382 3583 1397 3610 ,
1420 3556 1558 3597 non
1588 3534 1926 3600 dubitabit
1957 3535 2115 3619 quin
2145 3534 2494 3619 scripserit
2513 3539 2725 3620 poeta

487 3636 841 3723 primordia
850 3635 1177 3720 yiquuudis
1196 3635 1261 3696 iu
1281 3633 1444 3696 rebu'
1467 3656 1510 3695 N
1528 3656 1566 3695 E
1585 3656 1620 3696 c
1638 3656 1676 3696 E
1694 3655 1726 3696 s
1742 3656 1774 3696 s
1791 3655 1828 3695 E
1844 3655 1876 3696 s
1892 3656 1932 3696 T
1950 3633 2266 3697 Naturam
2288 3633 2724 3696 clandestinam

502 3735 785 3799 adhibere
807 3761 828 3797 .·
855 3754 1075 3817 neque
1107 3733 1280 3796 enim
1312 3731 1509 3795 aliter
1537 3752 1821 3816 usquam
1850 3731 1919 3794 in
1946 3725 2146 3794 huius
2173 3728 2361 3793 modi
2388 3731 2595 3796 rebus
2621 3729 2721 3793 lo-

504 3838 699 3894 cutus
731 3838 836 3894 est
869 3879 882 3893 .
923 3830 1188 3895 accedit
1218 3827 1407 3915 quod
1433 3828 1569 3892 hoc
1596 3829 1747 3914 ipso
1777 3829 1988 3893 verbo
2024 3876 2039 3903 ,
2081 3826 2269 3912 quod
2312 3834 2417 3891 est
2459 3838 2720 3913 oportet,

505 3948 583 3990 ea
604 3974 620 4001 ‚
649 3934 816 4011 puto
839 3975 854 4002 ,
887 3926 972 3991 de
1003 3950 1205 3992 causa
1237 3926 1425 4012 quod
1453 3926 1542 3991 ad
1569 3926 1818 3991 iudicia
1845 3927 2119 4012 proprie
2147 3926 2478 4011 pertinet,
2501 3945 2720 4010 neque

500 4026 856 4090 Lucretius
899 4025 1029 4088 alio
1071 4027 1207 4090 ullo
1252 4027 1321 4090 in
1362 4027 1515 4089 loco
1557 4047 1720 4090 usus
1765 4034 1869 4090 est
1900 4074 1915 4102 ,
1954 4046 2175 4110 neque
2222 4024 2432 4089 ceteri
2474 4028 2718 4111 poetae

502 4127 776 4208 praeter
795 4122 1085 4187 comicos
1106 4145 1185 4187 eo
1207 4124 1629 4188 delectantur
1649 4171 1662 4185 .
1683 4122 1941 4188 habent
1959 4123 2229 4208 quidem
2244 4121 2412 4186 illud
2432 4120 2715 4191 satirici,

502 4217 798 4284 Lucilius
816 4267 830 4294 ,
852 4218 1180 4285 Horatius
1199 4269 1213 4296 ,
1236 4220 1514 4285 Persius
1534 4270 1548 4297 ‚
1571 4220 1907 4285 Iuvenalis
1925 4269 1940 4296 ,
1970 4218 2516 4284 item-Phaedrus
2546 4267 2561 4293 ‚
2605 4216 2715 4303 qui

504 4318 760 4382 comico
787 4319 1017 4403 generi
1044 4319 1330 4404 proximi
1361 4326 1551 4396 sunt3
1576 4317 1695 4383 sed
1725 4341 1811 4383 ne
1837 4319 1913 4383 hi
1945 4317 2212 4404 quidem
2242 4338 2446 4403 saepe
2465 4365 2481 4381 .
2515 4339 2551 4380 e
2580 4325 2712 4379 tra-

502 4414 668 4498 gicis
686 4461 702 4490 ‚
727 4423 1045 4499 quantum
1070 4418 1209 4480 scio
1231 4465 1246 4491 ‚
1269 4416 1526 4481 Ennius
1552 4439 1631 4481 eo
1655 4439 1818 4481 usus
1843 4425 1949 4480 est
1977 4466 1990 4493 ,
2038 4419 2118 4480 Te
2138 4419 2336 4501 ipmm
2357 4416 2473 4480 hoc
2493 4421 2715 4500 φονέει
