2840 5008
495 401 527 465 1
544 403 583 466 4
1610 402 1639 468 I

493 573 796 637 omnibus
818 598 833 636 t
855 572 1039 636 haud
1067 574 1268 658 igitur
1300 575 1654 659 quicquam
1683 574 2054 659 procedere
2083 580 2350 660 posset‚'

487 688 880 773 principium
913 689 1221 773 quoniam
1253 687 1539 751 cedendi
1570 690 1752 754 nulla
1782 689 1978 756 daret
2005 713 2144 755 res.

347 820 442 864 340
489 810 558 866 at
586 824 763 866 nunc
791 825 914 887 per
942 805 1149 866 maria
1179 824 1257 866 ac
1287 811 1504 867 terras
1537 805 1950 891 sublimaque
1983 806 2146 869 caeli

488 918 695 980 multa
722 917 939 980 modis
968 918 1191 981 multis
1224 917 1405 982 varia
1434 919 1691 982 ratione
1720 921 1975 983 moveri

489 1033 816 1097 cernimus
847 1040 1002 1095 ante
1033 1032 1299 1108 oculos3
1325 1053 1533 1116 quae,
1557 1033 1615 1096 si
1642 1056 1790 1107 non,
1811 1042 1991 1098 esset
2019 1035 2243 1108 inane,
2333 1084 2336 1095 .

488 1168 627 1209 non
658 1155 793 1210 tam
824 1146 1106 1209 sollicito
1139 1154 1325 1209 motu
1352 1147 1620 1233 privata
1650 1155 1960 1217 carerent

492 1281 690 1346 quam
719 1261 943 1346 genita
975 1260 1241 1323 omnino
1271 1260 1456 1324 nulla
1482 1262 1746 1325 ratione
1775 1261 2090 1338 fuissent,

259 1462 264 1469 ⁹
344 1393 438 1437 345
484 1375 784 1459 undique
814 1375 1120 1438 materies
1153 1376 1466 1459 quoniam
1498 1377 1749 1460 stipata
1778 1377 2104 1460 quiesset.

487 1496 837 1576 praeterea
866 1489 1166 1573 quamvis
1197 1489 1451 1553 solidae
1480 1510 1590 1553 res
1622 1512 1769 1553 esse
1799 1498 2151 1575 putentur,

486 1605 643 1667 hinc
672 1611 895 1667 tamen
926 1624 1072 1666 esse
1100 1603 1255 1667 licet
1282 1625 1440 1667 raro
1473 1626 1619 1668 cum
1651 1626 1936 1689 corpore
1968 1627 2233 1670 cernas.

487 1721 555 1782 in
586 1718 765 1783 saxis
797 1739 874 1780 ac
906 1718 1239 1803 speluncis
1268 1725 1616 1803 permanat
1645 1740 1967 1802 aquarum

485 1832 780 1918 liquidus
808 1854 1000 1896 umor
1031 1840 1097 1895 et
1124 1833 1443 1897 uberibus
1471 1833 1634 1898 flent
1665 1837 1885 1899 omnia
1913 1836 2118 1921 guttis
2138 1885 2151 1898 .

344 1966 440 2011 350
487 1947 771 2033 dissipat
796 1948 866 2010 in
895 1968 1141 2032 corpus
1172 1969 1319 2011 sese
1352 1948 1540 2012 cibus
1571 1971 1766 2013 omne
1796 1950 2228 2014 animantum:

488 2069 800 2128 crescunt
828 2062 1107 2154 arbusta
1137 2069 1205 2125 et
1233 2062 1410 2126 fetus
1440 2063 1508 2125 in
1536 2069 1837 2150 tempore
1867 2063 2157 2128 fundunt
2177 2113 2191 2139 ‚

488 2176 674 2265 quod
704 2178 892 2242 cibus
921 2177 990 2239 in
1018 2184 1198 2240 totas
1227 2198 1444 2260 usque
1475 2177 1559 2242 ab
1588 2176 1926 2243 radicibus
1953 2179 2097 2242 imis
2173 2242 2178 2248 ,

483 2315 605 2381 per
633 2300 910 2356 truncos
940 2313 1018 2354 ac
1048 2312 1170 2376 per
1198 2312 1420 2355 ramos
1454 2291 1845 2357 diffunditur
1874 2294 2116 2357 omnis.

484 2409 657 2472 inter
688 2414 923 2492 saepta
951 2414 1174 2469 meant
1201 2427 1405 2469 voces
1439 2414 1507 2470 et
1537 2407 1764 2471 clausa
1793 2406 2139 2472 domorum

338 2541 435 2586 355
478 2523 955 2588 transvolitant
972 2571 987 2597 ‚
1008 2520 1292 2607 rigidum
1320 2531 1669 2609 permanat
1695 2522 1907 2607 frigus
1936 2522 2025 2586 ad
2054 2544 2210 2587 ossa
2229 2570 2243 2585 .

485 2637 671 2724 quod
703 2639 827 2701 nisi
854 2637 1076 2701 inania
1104 2636 1238 2699 sint
1255 2685 1270 2711 ‚
1297 2658 1430 2722 qua
1457 2646 1739 2724 possent
1768 2658 2056 2722 corpora
2086 2658 2392 2722 quaeque

481 2753 768 2817 transire
796 2752 979 2816 haud
1008 2752 1148 2815 ulla
1173 2751 1313 2815 fieri
1345 2753 1605 2818 ratione
1633 2752 1899 2816 videres
1920 2802 1933 2815 .

487 2866 774 2951 denique
805 2888 923 2930 cur
951 2868 1112 2931 alias
1145 2867 1286 2931 aliis
1315 2874 1661 2951 praestare
1692 2866 1993 2930 videmus

483 2979 784 3067 pondere
812 3003 922 3046 res
951 2983 1152 3046 rebus
1182 2981 1316 3043 nilo
1346 2980 1596 3043 maiore
1624 2979 1882 3063 figura?

340 3110 438 3157 360
481 3116 633 3159 nam
662 3096 719 3160 si
747 3095 1210 3159 tantundemst
1236 3095 1305 3157 in
1335 3095 1525 3157 lanae
1554 3092 1850 3176 glomere
1882 3098 2198 3173 quantum

485 3211 790 3297 corporis
818 3210 885 3273 in
914 3211 1185 3295 plumbo
1218 3215 1324 3271 est
1342 3256 1357 3282 ‚
1382 3203 1775 3269 tantundem
1804 3202 2099 3289 pendere
2128 3222 2251 3288 par
2282 3210 2415 3278 est3

484 3325 786 3410 corporis
817 3324 1169 3387 officiumst
1199 3320 1510 3404 quoniam
1539 3339 1841 3405 premere
1872 3317 2089 3381 omnia
2123 3316 2467 3392 deorsum,

390 3421 401 3429 ’
483 3447 718 3504 contra
745 3445 964 3501 autem
995 3441 1234 3497 natura
1262 3440 1486 3496 manet
1516 3432 1655 3496 sine
1686 3431 1988 3518 pondere
2014 3432 2261 3497 inanis,
2305 3443 2314 3451 “

486 3574 645 3638 ergo
678 3539 863 3636 quod
891 3554 1268 3631 magnumst
1296 3567 1510 3630 aeque
1538 3547 1883 3631 leviusque
1913 3545 2210 3622 videtur,

340 3684 435 3729 365
480 3669 550 3732 ni
576 3638 809 3730 mirum
827 3711 842 3739 ‚
865 3663 1016 3749 plus
1047 3683 1194 3726 esse
1224 3662 1349 3733 sibi
1384 3660 1685 3725 declarat
1711 3661 1960 3725 inanis:

484 3788 555 3845 at
583 3785 818 3843 contra
845 3777 1114 3863 gravius
1142 3777 1294 3862 plus
1322 3776 1391 3839 in
1423 3798 1496 3839 se
1525 3776 1831 3863 corporis
1864 3797 2012 3841 esse

486 3893 757 3958 dedicat
787 3901 853 3957 et
880 3892 1087 3956 multo
1117 3914 1397 3956 vacuum
1427 3892 1642 3986 minus
1669 3892 1851 3976 intus
1880 3891 2159 3956 habere.

489 4181 584 4226 347
623 4172 807 4225 liceret
862 4173 882 4239 11
936 4178 1033 4224 349
1071 4173 1199 4224 fient
1254 4172 1274 4238 Η
1330 4177 1427 4221 352
1483 4170 1762 4223 radicimus
1818 4171 1838 4236 11
1894 4175 1991 4221 357
2046 4168 2152 4220 ulla
2189 4167 2426 4220 valerent
2463 4169 2672 4221 ratione
2721 4163 2740 4231 ΙΙ

493 4263 590 4309 366
631 4257 745 4308 Aut
