<?xml version="1.0" encoding="UTF-8"?>
<!DOCTYPE html PUBLIC "-//W3C//DTD XHTML 1.0 Transitional//EN"
    "http://www.w3.org/TR/xhtml1/DTD/xhtml1-transitional.dtd">
<html xmlns="http://www.w3.org/1999/xhtml" xml:lang="en" lang="en">
 <head>
  <title>
</title>
<meta http-equiv="Content-Type" content="text/html;charset=utf-8" />
  <meta name='ocr-system' content='tesseract 3.04.00' />
  <meta name='ocr-capabilities' content='ocr_page ocr_carea ocr_par ocr_line ocrx_word'/>
</head>
<body>
  <div class='ocr_page' id='page_1' title='image "./tlucreticarider02lachgoog_0111.png"; bbox 0 0 2840 5008; ppageno 0'>
   <div class='ocr_carea' id='block_1_1' title="bbox 1108 359 2345 429">
    <p class='ocr_par' dir='ltr' id='par_1_1' title="bbox 1108 359 2345 429">
     <span class='ocr_line' id='line_1_1' title="bbox 1108 359 2345 429; baseline 0.003 -4"><span class='ocrx_word' id='word_1_1' title='bbox 1108 403 1126 425; x_wconf 75' lang='grc'><strong>.</strong></span> <span class='ocrx_word' id='word_1_2' title='bbox 1173 359 1268 425; x_wconf 90' lang='grc' dir='ltr'><strong>ΙΙΙ</strong></span> <span class='ocrx_word' id='word_1_3' title='bbox 2212 361 2345 429; x_wconf 86' lang='grc'><strong>103</strong></span> 
     </span>
    </p>
   </div>
   <div class='ocr_carea' id='block_1_2' title="bbox 24 530 2113 4051">
    <p class='ocr_par' dir='ltr' id='par_1_2' title="bbox 102 530 1874 959">
     <span class='ocr_line' id='line_1_2' title="bbox 104 530 1863 616; baseline 0 -21"><span class='ocrx_word' id='word_1_4' title='bbox 104 530 551 616; x_wconf 88' lang='lat' dir='ltr'><strong>quaerendum</strong></span> <span class='ocrx_word' id='word_1_5' title='bbox 581 530 893 596; x_wconf 84' lang='lat' dir='ltr'><strong>videatur</strong></span> <span class='ocrx_word' id='word_1_6' title='bbox 924 541 990 594; x_wconf 87' lang='lat' dir='ltr'><strong>et</strong></span> <span class='ocrx_word' id='word_1_7' title='bbox 1017 532 1085 594; x_wconf 91' lang='lat' dir='ltr'><strong>in</strong></span> <span class='ocrx_word' id='word_1_8' title='bbox 1117 531 1473 595; x_wconf 83' lang='lat' dir='ltr'><strong>discrimen</strong></span> <span class='ocrx_word' id='word_1_9' title='bbox 1503 532 1863 616; x_wconf 83' lang='lat' dir='ltr'><strong>agendum,</strong></span> 
     </span>
     <span class='ocr_line' id='line_1_3' title="bbox 102 644 1874 732; baseline 0.001 -24"><span class='ocrx_word' id='word_1_10' title='bbox 102 655 309 709; x_wconf 87' lang='lat' dir='ltr'><strong>utrum</strong></span> <span class='ocrx_word' id='word_1_11' title='bbox 336 644 615 709; x_wconf 88' lang='lat' dir='ltr'><strong>tandem</strong></span> <span class='ocrx_word' id='word_1_12' title='bbox 644 647 896 710; x_wconf 86' lang='lat' dir='ltr'><strong>animae</strong></span> <span class='ocrx_word' id='word_1_13' title='bbox 930 654 1254 710; x_wconf 77' lang='lat' dir='ltr'>venentur</span> <span class='ocrx_word' id='word_1_14' title='bbox 1286 646 1541 711; x_wconf 87' lang='lat' dir='ltr'><strong>semina</strong></span> <span class='ocrx_word' id='word_1_15' title='bbox 1570 667 1874 732; x_wconf 86' lang='lat' dir='ltr'><strong>quaeque</strong></span> 
     </span>
     <span class='ocr_line' id='line_1_4' title="bbox 103 760 1869 847; baseline 0.002 -25"><span class='ocrx_word' id='word_1_16' title='bbox 103 760 600 824; x_wconf 89' lang='lat' dir='ltr'><strong>vermiculorum</strong></span> <span class='ocrx_word' id='word_1_17' title='bbox 626 760 946 847; x_wconf 79' lang='lat' dir='ltr'><strong>ipsaeque</strong></span> <span class='ocrx_word' id='word_1_18' title='bbox 975 760 1100 824; x_wconf 90' lang='lat' dir='ltr'><strong>sibi</strong></span> <span class='ocrx_word' id='word_1_19' title='bbox 1128 761 1540 826; x_wconf 80' lang='lat' dir='ltr'><strong>fabricentur</strong></span> <span class='ocrx_word' id='word_1_20' title='bbox 1569 763 1682 825; x_wconf 91' lang='lat' dir='ltr'><strong>ubi</strong></span> <span class='ocrx_word' id='word_1_21' title='bbox 1710 762 1869 834; x_wconf 82' lang='lat' dir='ltr'><strong>sint,</strong></span> 
     </span>
     <span class='ocr_line' id='line_1_5' title="bbox 102 874 1644 959; baseline 0.001 -22"><span class='ocrx_word' id='word_1_22' title='bbox 102 897 175 937; x_wconf 86' lang='lat' dir='ltr'><strong>an</strong></span> <span class='ocrx_word' id='word_1_23' title='bbox 204 876 397 959; x_wconf 82' lang='lat' dir='ltr'><strong>quasi</strong></span> <span class='ocrx_word' id='word_1_24' title='bbox 428 875 824 958; x_wconf 85' lang='lat' dir='ltr'><strong>corporibus</strong></span> <span class='ocrx_word' id='word_1_25' title='bbox 853 874 1170 959; x_wconf 81' lang='lat' dir='ltr'><strong>perfectis</strong></span> <span class='ocrx_word' id='word_1_26' title='bbox 1199 876 1644 939; x_wconf 80' lang='lat' dir='ltr'><strong>insinuentur.</strong></span> 
     </span>
    </p>

    <p class='ocr_par' dir='ltr' id='par_1_3' title="bbox 35 990 2113 1533">
     <span class='ocr_line' id='line_1_6' title="bbox 35 990 1701 1074; baseline 0.001 -23"><span class='ocrx_word' id='word_1_27' title='bbox 35 1007 65 1052; x_wconf 77' lang='lat' dir='ltr'><strong>to</strong></span> <span class='ocrx_word' id='word_1_28' title='bbox 101 999 159 1053; x_wconf 87' lang='lat' dir='ltr'><strong>at</strong></span> <span class='ocrx_word' id='word_1_29' title='bbox 184 1011 403 1074; x_wconf 88' lang='lat' dir='ltr'><strong>neque</strong></span> <span class='ocrx_word' id='word_1_30' title='bbox 434 1013 554 1053; x_wconf 92' lang='lat' dir='ltr'><strong>cur</strong></span> <span class='ocrx_word' id='word_1_31' title='bbox 581 990 828 1053; x_wconf 85' lang='lat' dir='ltr'><strong>faciant</strong></span> <span class='ocrx_word' id='word_1_32' title='bbox 853 991 1039 1074; x_wconf 89' lang='lat' dir='ltr'><strong>ipsae</strong></span> <span class='ocrx_word' id='word_1_33' title='bbox 1070 1011 1362 1073; x_wconf 87' lang='lat' dir='ltr'><strong>quareve</strong></span> <span class='ocrx_word' id='word_1_34' title='bbox 1390 991 1701 1055; x_wconf 87' lang='lat' dir='ltr'><strong>laborent</strong></span> 
     </span>
     <span class='ocr_line' id='line_1_7' title="bbox 103 1104 2113 1190; baseline 0.002 -24"><span class='ocrx_word' id='word_1_35' title='bbox 103 1104 308 1168; x_wconf 89' lang='lat' dir='ltr'><strong>dicere</strong></span> <span class='ocrx_word' id='word_1_36' title='bbox 337 1104 762 1190; x_wconf 88' lang='lat' dir='ltr'><strong>suppeditat.</strong></span> <span class='ocrx_word' id='word_1_37' title='bbox 787 1125 1004 1188; x_wconf 91' lang='lat' dir='ltr'><strong>neque</strong></span> <span class='ocrx_word' id='word_1_38' title='bbox 1034 1106 1204 1168; x_wconf 90' lang='lat' dir='ltr'><strong>enim</strong></span> <span class='ocrx_word' id='word_1_39' title='bbox 1222 1154 1238 1180; x_wconf 85' lang='lat'>‚</span> <span class='ocrx_word' id='word_1_40' title='bbox 1263 1105 1403 1168; x_wconf 89' lang='lat' dir='ltr'><strong>sine</strong></span> <span class='ocrx_word' id='word_1_41' title='bbox 1434 1127 1720 1189; x_wconf 90' lang='lat' dir='ltr'><strong>corpore</strong></span> <span class='ocrx_word' id='word_1_42' title='bbox 1751 1128 1898 1168; x_wconf 89' lang='lat' dir='ltr'><strong>cum</strong></span> <span class='ocrx_word' id='word_1_43' title='bbox 1927 1115 2113 1176; x_wconf 82' lang='lat' dir='ltr'><strong>sunt,</strong></span> 
     </span>
     <span class='ocr_line' id='line_1_8' title="bbox 103 1218 1686 1304; baseline 0.001 -24"><span class='ocrx_word' id='word_1_44' title='bbox 103 1218 410 1284; x_wconf 79' lang='lat' dir='ltr'><strong>sollicitae</strong></span> <span class='ocrx_word' id='word_1_45' title='bbox 440 1219 727 1283; x_wconf 90' lang='lat' dir='ltr'><strong>volitant</strong></span> <span class='ocrx_word' id='word_1_46' title='bbox 752 1219 1002 1283; x_wconf 88' lang='lat' dir='ltr'><strong>morbis</strong></span> <span class='ocrx_word' id='word_1_47' title='bbox 1033 1220 1321 1303; x_wconf 84' lang='lat' dir='ltr'><strong>alguque</strong></span> <span class='ocrx_word' id='word_1_48' title='bbox 1350 1219 1686 1304; x_wconf 81' lang='lat' dir='ltr'><strong>fameque:</strong></span> 
     </span>
     <span class='ocr_line' id='line_1_9' title="bbox 102 1333 1692 1418; baseline 0.002 -24"><span class='ocrx_word' id='word_1_49' title='bbox 102 1354 334 1418; x_wconf 91' lang='lat' dir='ltr'><strong>corpus</strong></span> <span class='ocrx_word' id='word_1_50' title='bbox 367 1334 543 1396; x_wconf 92' lang='lat' dir='ltr'><strong>enim</strong></span> <span class='ocrx_word' id='word_1_51' title='bbox 571 1335 779 1418; x_wconf 90' lang='lat' dir='ltr'><strong>magis</strong></span> <span class='ocrx_word' id='word_1_52' title='bbox 807 1333 912 1397; x_wconf 89' lang='lat' dir='ltr'><strong>his</strong></span> <span class='ocrx_word' id='word_1_53' title='bbox 941 1334 1117 1397; x_wconf 84' lang='lat' dir='ltr'><strong>vitiis</strong></span> <span class='ocrx_word' id='word_1_54' title='bbox 1149 1333 1368 1397; x_wconf 84' lang='lat' dir='ltr'><strong>adfine</strong></span> <span class='ocrx_word' id='word_1_55' title='bbox 1398 1334 1692 1406; x_wconf 79' lang='lat' dir='ltr'><strong>laborat,</strong></span> 
     </span>
     <span class='ocr_line' id='line_1_10' title="bbox 102 1448 1808 1533; baseline -0.001 -23"><span class='ocrx_word' id='word_1_56' title='bbox 102 1457 162 1511; x_wconf 90' lang='lat' dir='ltr'><strong>et</strong></span> <span class='ocrx_word' id='word_1_57' title='bbox 184 1448 356 1512; x_wconf 84' lang='lat' dir='ltr'><strong>mala</strong></span> <span class='ocrx_word' id='word_1_58' title='bbox 382 1448 594 1511; x_wconf 86' lang='lat' dir='ltr'><strong>multa</strong></span> <span class='ocrx_word' id='word_1_59' title='bbox 616 1449 876 1512; x_wconf 81' lang='lat' dir='ltr'><strong>animus</strong></span> <span class='ocrx_word' id='word_1_60' title='bbox 906 1448 1283 1533; x_wconf 87' lang='lat' dir='ltr'><strong>contagibu&#39;</strong></span> <span class='ocrx_word' id='word_1_61' title='bbox 1312 1449 1611 1533; x_wconf 85' lang='lat' dir='ltr'><strong>fungitur</strong></span> <span class='ocrx_word' id='word_1_62' title='bbox 1640 1450 1808 1512; x_wconf 90' lang='lat' dir='ltr'><strong>eius.</strong></span> 
     </span>
    </p>

    <p class='ocr_par' dir='ltr' id='par_1_4' title="bbox 31 1561 1855 2106">
     <span class='ocr_line' id='line_1_11' title="bbox 31 1561 1851 1646; baseline 0.001 -24"><span class='ocrx_word' id='word_1_63' title='bbox 31 1578 65 1622; x_wconf 66' lang='grc' dir='ltr'><strong>ιε)</strong></span> <span class='ocrx_word' id='word_1_64' title='bbox 100 1561 208 1625; x_wconf 89' lang='lat' dir='ltr'><strong>sed</strong></span> <span class='ocrx_word' id='word_1_65' title='bbox 235 1572 456 1626; x_wconf 89' lang='lat' dir='ltr'><strong>tamen</strong></span> <span class='ocrx_word' id='word_1_66' title='bbox 489 1563 595 1626; x_wconf 91' lang='lat' dir='ltr'><strong>his</strong></span> <span class='ocrx_word' id='word_1_67' title='bbox 626 1571 770 1626; x_wconf 91' lang='lat' dir='ltr'><strong>esto</strong></span> <span class='ocrx_word' id='word_1_68' title='bbox 803 1564 1106 1646; x_wconf 86' lang='lat' dir='ltr'><strong>quamvis</strong></span> <span class='ocrx_word' id='word_1_69' title='bbox 1135 1563 1356 1626; x_wconf 85' lang='lat' dir='ltr'><strong>facere</strong></span> <span class='ocrx_word' id='word_1_70' title='bbox 1387 1563 1549 1625; x_wconf 89' lang='lat' dir='ltr'><strong>utile</strong></span> <span class='ocrx_word' id='word_1_71' title='bbox 1579 1584 1851 1646; x_wconf 78' lang='lat' dir='ltr'><strong>corpus,</strong></span> 
     </span>
     <span class='ocr_line' id='line_1_12' title="bbox 101 1675 1813 1763; baseline 0 -25"><span class='ocrx_word' id='word_1_72' title='bbox 101 1699 233 1738; x_wconf 89' lang='lat' dir='ltr'><strong>cum</strong></span> <span class='ocrx_word' id='word_1_73' title='bbox 261 1679 587 1741; x_wconf 87' lang='lat' dir='ltr'><strong>subeant:</strong></span> <span class='ocrx_word' id='word_1_74' title='bbox 613 1685 683 1740; x_wconf 87' lang='lat' dir='ltr'><strong>at</strong></span> <span class='ocrx_word' id='word_1_75' title='bbox 715 1699 849 1762; x_wconf 91' lang='lat' dir='ltr'><strong>qua</strong></span> <span class='ocrx_word' id='word_1_76' title='bbox 877 1678 1143 1763; x_wconf 89' lang='lat' dir='ltr'><strong>possint</strong></span> <span class='ocrx_word' id='word_1_77' title='bbox 1171 1679 1279 1740; x_wconf 89' lang='lat' dir='ltr'><strong>via</strong></span> <span class='ocrx_word' id='word_1_78' title='bbox 1306 1678 1488 1739; x_wconf 86' lang='lat' dir='ltr'><strong>nulla</strong></span> <span class='ocrx_word' id='word_1_79' title='bbox 1514 1675 1782 1739; x_wconf 90' lang='lat' dir='ltr'><strong>videtur</strong></span> <span class='ocrx_word' id='word_1_80' title='bbox 1800 1725 1813 1738; x_wconf 94' lang='lat'>.</span> 
     </span>
     <span class='ocr_line' id='line_1_13' title="bbox 100 1775 1855 1876; baseline 0 -23"><span class='ocrx_word' id='word_1_81' title='bbox 100 1791 247 1854; x_wconf 89' lang='lat' dir='ltr'><strong>haut</strong></span> <span class='ocrx_word' id='word_1_82' title='bbox 272 1792 479 1876; x_wconf 90' lang='lat' dir='ltr'><strong>igitur</strong></span> <span class='ocrx_word' id='word_1_83' title='bbox 506 1791 759 1855; x_wconf 85' lang='lat' dir='ltr'><strong>faciunt</strong></span> <span class='ocrx_word' id='word_1_84' title='bbox 788 1793 1041 1855; x_wconf 86' lang='lat' dir='ltr'><strong>animae</strong></span> <span class='ocrx_word' id='word_1_85' title='bbox 1071 1791 1201 1872; x_wconf 72' lang='lat' dir='ltr'><strong>sibi</strong></span> <span class='ocrx_word' id='word_1_86' title='bbox 1226 1812 1515 1875; x_wconf 89' lang='lat' dir='ltr'><strong>corpora</strong></span> <span class='ocrx_word' id='word_1_87' title='bbox 1546 1800 1614 1854; x_wconf 92' lang='lat' dir='ltr'><strong>et</strong></span> <span class='ocrx_word' id='word_1_88' title='bbox 1641 1775 1855 1856; x_wconf 87' lang='lat' dir='ltr'><strong>artus.</strong></span> 
     </span>
     <span class='ocr_line' id='line_1_14' title="bbox 99 1905 1644 1990; baseline 0.001 -24"><span class='ocrx_word' id='word_1_89' title='bbox 99 1927 207 1968; x_wconf 86' lang='lat' dir='ltr'><strong>nec</strong></span> <span class='ocrx_word' id='word_1_90' title='bbox 234 1913 458 1969; x_wconf 87' lang='lat' dir='ltr'><strong>tamen</strong></span> <span class='ocrx_word' id='word_1_91' title='bbox 492 1915 595 1969; x_wconf 90' lang='lat' dir='ltr'><strong>est</strong></span> <span class='ocrx_word' id='word_1_92' title='bbox 622 1914 698 1968; x_wconf 80' lang='lat' dir='ltr'><strong>u‘t</strong></span> <span class='ocrx_word' id='word_1_93' title='bbox 724 1907 854 1972; x_wconf 87' lang='lat' dir='ltr'><strong>iam</strong></span> <span class='ocrx_word' id='word_1_94' title='bbox 885 1905 1198 1990; x_wconf 81' lang='lat' dir='ltr'><strong>perfectis</strong></span> <span class='ocrx_word' id='word_1_95' title='bbox 1228 1906 1644 1969; x_wconf 81' lang='lat' dir='ltr'><strong>insinuentur</strong></span> 
     </span>
     <span class='ocr_line' id='line_1_15' title="bbox 103 2021 1848 2106; baseline 0 -25"><span class='ocrx_word' id='word_1_96' title='bbox 103 2022 517 2106; x_wconf 86' lang='lat' dir='ltr'><strong>corporibus:</strong></span> <span class='ocrx_word' id='word_1_97' title='bbox 540 2042 760 2105; x_wconf 90' lang='lat' dir='ltr'><strong>neque</strong></span> <span class='ocrx_word' id='word_1_98' title='bbox 791 2021 961 2083; x_wconf 90' lang='lat' dir='ltr'><strong>enim</strong></span> <span class='ocrx_word' id='word_1_99' title='bbox 991 2029 1312 2106; x_wconf 80' lang='lat' dir='ltr'><strong>poterunt</strong></span> <span class='ocrx_word' id='word_1_100' title='bbox 1339 2021 1673 2106; x_wconf 85' lang='lat' dir='ltr'><strong>suptiliter</strong></span> <span class='ocrx_word' id='word_1_101' title='bbox 1704 2041 1848 2082; x_wconf 90' lang='lat' dir='ltr'><strong>esse</strong></span> 
     </span>
    </p>

    <p class='ocr_par' dir='ltr' id='par_1_5' title="bbox 27 2134 1608 2220">
     <span class='ocr_line' id='line_1_16' title="bbox 27 2134 1608 2220; baseline 0 -27"><span class='ocrx_word' id='word_1_102' title='bbox 27 2149 67 2194; x_wconf 70' lang='grc' dir='ltr'><strong>ιο</strong></span> <span class='ocrx_word' id='word_1_103' title='bbox 102 2156 379 2199; x_wconf 83' lang='lat' dir='ltr'><strong>conexae</strong></span> <span class='ocrx_word' id='word_1_104' title='bbox 400 2185 415 2209; x_wconf 85' lang='lat'>‚</span> <span class='ocrx_word' id='word_1_105' title='bbox 437 2157 657 2220; x_wconf 92' lang='lat' dir='ltr'><strong>neque</strong></span> <span class='ocrx_word' id='word_1_106' title='bbox 689 2156 1053 2199; x_wconf 89' lang='lat' dir='ltr'><strong>consensus</strong></span> <span class='ocrx_word' id='word_1_107' title='bbox 1085 2135 1393 2217; x_wconf 84' lang='lat' dir='ltr'><strong>contagia</strong></span> <span class='ocrx_word' id='word_1_108' title='bbox 1419 2134 1608 2194; x_wconf 90' lang='lat' dir='ltr'><strong>fient.</strong></span> 
     </span>
    </p>

    <p class='ocr_par' dir='ltr' id='par_1_6' title="bbox 104 2246 1880 2448">
     <span class='ocr_line' id='line_1_17' title="bbox 173 2246 1679 2334; baseline -0.003 -21"><span class='ocrx_word' id='word_1_109' title='bbox 173 2250 470 2334; x_wconf 91' lang='lat' dir='ltr'><strong>Denique</strong></span> <span class='ocrx_word' id='word_1_110' title='bbox 501 2272 621 2314; x_wconf 92' lang='lat' dir='ltr'><strong>cur</strong></span> <span class='ocrx_word' id='word_1_111' title='bbox 650 2250 819 2311; x_wconf 90' lang='lat' dir='ltr'><strong>acris</strong></span> <span class='ocrx_word' id='word_1_112' title='bbox 849 2249 1164 2314; x_wconf 88' lang='lat' dir='ltr'><strong>violentia</strong></span> <span class='ocrx_word' id='word_1_113' title='bbox 1193 2247 1385 2309; x_wconf 90' lang='lat' dir='ltr'><strong>triste</strong></span> <span class='ocrx_word' id='word_1_114' title='bbox 1413 2246 1679 2309; x_wconf 91' lang='lat' dir='ltr'><strong>leonum</strong></span> 
     </span>
     <span class='ocr_line' id='line_1_18' title="bbox 104 2359 1880 2448; baseline 0 -22"><span class='ocrx_word' id='word_1_115' title='bbox 104 2366 426 2429; x_wconf 86' lang='lat' dir='ltr'><strong>seminium</strong></span> <span class='ocrx_word' id='word_1_116' title='bbox 454 2365 754 2448; x_wconf 90' lang='lat' dir='ltr'><strong>sequitur</strong></span> <span class='ocrx_word' id='word_1_117' title='bbox 772 2411 787 2436; x_wconf 91' lang='lat'>‚</span> <span class='ocrx_word' id='word_1_118' title='bbox 810 2364 1042 2445; x_wconf 91' lang='lat' dir='ltr'><strong>volpes</strong></span> <span class='ocrx_word' id='word_1_119' title='bbox 1075 2360 1270 2423; x_wconf 89' lang='lat' dir='ltr'><strong>dolus</strong></span> <span class='ocrx_word' id='word_1_120' title='bbox 1293 2407 1308 2433; x_wconf 81' lang='grc'>,</span> <span class='ocrx_word' id='word_1_121' title='bbox 1331 2369 1398 2422; x_wconf 90' lang='lat' dir='ltr'><strong>et</strong></span> <span class='ocrx_word' id='word_1_122' title='bbox 1427 2359 1587 2444; x_wconf 89' lang='lat' dir='ltr'><strong>fuga</strong></span> <span class='ocrx_word' id='word_1_123' title='bbox 1614 2382 1880 2437; x_wconf 78' lang='lat' dir='ltr'><strong>cerVOS‚</strong></span> 
     </span>
    </p>

    <p class='ocr_par' dir='ltr' id='par_1_7' title="bbox 27 2474 1844 3136">
     <span class='ocr_line' id='line_1_19' title="bbox 27 2474 1844 2561; baseline 0.002 -24"><span class='ocrx_word' id='word_1_124' title='bbox 27 2494 69 2538; x_wconf 75' lang='lat'><strong>44</strong></span> <span class='ocrx_word' id='word_1_125' title='bbox 106 2488 163 2543; x_wconf 85' lang='lat' dir='ltr'><strong>et</strong></span> <span class='ocrx_word' id='word_1_126' title='bbox 184 2480 307 2543; x_wconf 88' lang='lat' dir='ltr'><strong>iam</strong></span> <span class='ocrx_word' id='word_1_127' title='bbox 336 2489 563 2545; x_wconf 86' lang='lat' dir='ltr'><strong>cetera</strong></span> <span class='ocrx_word' id='word_1_128' title='bbox 595 2476 676 2541; x_wconf 87' lang='lat' dir='ltr'><strong>de</strong></span> <span class='ocrx_word' id='word_1_129' title='bbox 704 2497 947 2561; x_wconf 85' lang='lat' dir='ltr'><strong>genere</strong></span> <span class='ocrx_word' id='word_1_130' title='bbox 978 2474 1108 2537; x_wconf 91' lang='lat' dir='ltr'><strong>hoc</strong></span> <span class='ocrx_word' id='word_1_131' title='bbox 1139 2496 1258 2537; x_wconf 91' lang='lat' dir='ltr'><strong>cur</strong></span> <span class='ocrx_word' id='word_1_132' title='bbox 1289 2475 1508 2539; x_wconf 88' lang='lat' dir='ltr'><strong>omnia</strong></span> <span class='ocrx_word' id='word_1_133' title='bbox 1537 2477 1844 2541; x_wconf 88' lang='lat' dir='ltr'><strong>membris</strong></span> 
     </span>
     <span class='ocr_line' id='line_1_20' title="bbox 105 2590 1588 2674; baseline -0.003 -19"><span class='ocrx_word' id='word_1_134' title='bbox 105 2615 178 2657; x_wconf 80' lang='lat' dir='ltr'><strong>ex</strong></span> <span class='ocrx_word' id='word_1_135' title='bbox 199 2596 464 2659; x_wconf 91' lang='lat' dir='ltr'><strong>ineunte</strong></span> <span class='ocrx_word' id='word_1_136' title='bbox 494 2613 660 2657; x_wconf 89' lang='lat' dir='ltr'><strong>aevo</strong></span> <span class='ocrx_word' id='word_1_137' title='bbox 688 2599 1132 2674; x_wconf 86' lang='lat' dir='ltr'><strong>generascunt</strong></span> <span class='ocrx_word' id='word_1_138' title='bbox 1158 2590 1588 2674; x_wconf 82' lang='lat' dir='ltr'><strong>ingenioque,</strong></span> 
     </span>
     <span class='ocr_line' id='line_1_21' title="bbox 105 2704 1602 2788; baseline -0.002 -18"><span class='ocrx_word' id='word_1_139' title='bbox 105 2708 153 2770; x_wconf 91' lang='lat' dir='ltr'><strong>si</strong></span> <span class='ocrx_word' id='word_1_140' title='bbox 178 2732 304 2773; x_wconf 91' lang='lat' dir='ltr'><strong>non</strong></span> <span class='ocrx_word' id='word_1_141' title='bbox 323 2761 338 2786; x_wconf 90' lang='lat'>‚</span> <span class='ocrx_word' id='word_1_142' title='bbox 362 2717 547 2772; x_wconf 92' lang='lat' dir='ltr'><strong>certa</strong></span> <span class='ocrx_word' id='word_1_143' title='bbox 575 2726 696 2768; x_wconf 91' lang='lat' dir='ltr'><strong>suo</strong></span> <span class='ocrx_word' id='word_1_144' title='bbox 729 2704 883 2787; x_wconf 88' lang='lat' dir='ltr'><strong>quia</strong></span> <span class='ocrx_word' id='word_1_145' title='bbox 913 2705 1159 2767; x_wconf 90' lang='lat' dir='ltr'><strong>semine</strong></span> <span class='ocrx_word' id='word_1_146' title='bbox 1190 2704 1602 2788; x_wconf 88' lang='lat' dir='ltr'><strong>seminioque</strong></span> 
     </span>
     <span class='ocr_line' id='line_1_22' title="bbox 104 2818 1678 2908; baseline -0.002 -24"><span class='ocrx_word' id='word_1_147' title='bbox 104 2824 191 2886; x_wconf 90' lang='lat' dir='ltr'><strong>vis</strong></span> <span class='ocrx_word' id='word_1_148' title='bbox 218 2824 407 2887; x_wconf 89' lang='lat' dir='ltr'><strong>animi</strong></span> <span class='ocrx_word' id='word_1_149' title='bbox 437 2820 687 2908; x_wconf 85' lang='lat' dir='ltr'><strong>pariter</strong></span> <span class='ocrx_word' id='word_1_150' title='bbox 718 2818 959 2892; x_wconf 85' lang='lat' dir='ltr'><strong>crescit</strong></span> <span class='ocrx_word' id='word_1_151' title='bbox 988 2840 1138 2881; x_wconf 89' lang='lat' dir='ltr'><strong>cum</strong></span> <span class='ocrx_word' id='word_1_152' title='bbox 1168 2840 1454 2904; x_wconf 92' lang='lat' dir='ltr'><strong>corpore</strong></span> <span class='ocrx_word' id='word_1_153' title='bbox 1484 2827 1628 2883; x_wconf 90' lang='lat' dir='ltr'><strong>toto</strong></span> <span class='ocrx_word' id='word_1_154' title='bbox 1646 2820 1678 2881; x_wconf 73' lang='grc' dir='ltr'><em>Ρ</em></span> 
     </span>
     <span class='ocr_line' id='line_1_23' title="bbox 105 2933 1613 3019; baseline -0.001 -21"><span class='ocrx_word' id='word_1_155' title='bbox 105 2935 266 3019; x_wconf 89' lang='lat' dir='ltr'><strong>quod</strong></span> <span class='ocrx_word' id='word_1_156' title='bbox 296 2939 351 3000; x_wconf 91' lang='lat' dir='ltr'><strong>si</strong></span> <span class='ocrx_word' id='word_1_157' title='bbox 378 2934 746 2998; x_wconf 89' lang='lat' dir='ltr'><strong>inmortalis</strong></span> <span class='ocrx_word' id='word_1_158' title='bbox 775 2933 953 2997; x_wconf 90' lang='lat' dir='ltr'><strong>foret</strong></span> <span class='ocrx_word' id='word_1_159' title='bbox 983 2942 1051 2998; x_wconf 94' lang='lat' dir='ltr'><strong>et</strong></span> <span class='ocrx_word' id='word_1_160' title='bbox 1079 2942 1335 2997; x_wconf 89' lang='lat' dir='ltr'><strong>mutare</strong></span> <span class='ocrx_word' id='word_1_161' title='bbox 1365 2935 1613 2997; x_wconf 93' lang='lat' dir='ltr'><strong>soleret</strong></span> 
     </span>
     <span class='ocr_line' id='line_1_24' title="bbox 104 3049 1786 3136; baseline 0.002 -26"><span class='ocrx_word' id='word_1_162' title='bbox 104 3071 367 3136; x_wconf 75' lang='lat' dir='ltr'><strong>corpora</strong></span> <span class='ocrx_word' id='word_1_163' title='bbox 385 3099 400 3126; x_wconf 91' lang='lat'>,</span> <span class='ocrx_word' id='word_1_164' title='bbox 424 3049 775 3135; x_wconf 83' lang='lat' dir='ltr'><strong>permixtis</strong></span> <span class='ocrx_word' id='word_1_165' title='bbox 806 3049 1173 3112; x_wconf 90' lang='lat' dir='ltr'><strong>animantes</strong></span> <span class='ocrx_word' id='word_1_166' title='bbox 1200 3049 1496 3112; x_wconf 90' lang='lat' dir='ltr'><strong>moribus</strong></span> <span class='ocrx_word' id='word_1_167' title='bbox 1529 3058 1755 3115; x_wconf 89' lang='lat' dir='ltr'><strong>essent</strong></span> <span class='ocrx_word' id='word_1_168' title='bbox 1772 3100 1786 3123; x_wconf 85' lang='lat'>‚</span> 
     </span>
    </p>

    <p class='ocr_par' dir='ltr' id='par_1_8' title="bbox 24 3162 1942 3707">
     <span class='ocr_line' id='line_1_25' title="bbox 24 3162 1596 3257; baseline 0.003 -36"><span class='ocrx_word' id='word_1_169' title='bbox 24 3176 71 3221; x_wconf 66' lang='lat'><strong>‘50</strong></span> <span class='ocrx_word' id='word_1_170' title='bbox 106 3162 401 3250; x_wconf 88' lang='lat' dir='ltr'><strong>effugeret</strong></span> <span class='ocrx_word' id='word_1_171' title='bbox 429 3165 613 3257; x_wconf 70' lang='lat' dir='ltr'><strong>qanis</strong></span> <span class='ocrx_word' id='word_1_172' title='bbox 642 3163 962 3249; x_wconf 88' lang='lat' dir='ltr'><strong>Hyrcano</strong></span> <span class='ocrx_word' id='word_1_173' title='bbox 996 3163 1080 3226; x_wconf 94' lang='lat' dir='ltr'><strong>de</strong></span> <span class='ocrx_word' id='word_1_174' title='bbox 1111 3163 1360 3232; x_wconf 89' lang='lat' dir='ltr'><strong>semine</strong></span> <span class='ocrx_word' id='word_1_175' title='bbox 1391 3185 1596 3249; x_wconf 88' lang='lat' dir='ltr'><strong>saepe</strong></span> 
     </span>
     <span class='ocr_line' id='line_1_26' title="bbox 107 3278 1873 3366; baseline 0.003 -28"><span class='ocrx_word' id='word_1_176' title='bbox 107 3281 407 3366; x_wconf 86' lang='lat' dir='ltr'><strong>cornigeri</strong></span> <span class='ocrx_word' id='word_1_177' title='bbox 435 3281 773 3343; x_wconf 91' lang='lat' dir='ltr'><strong>incursum</strong></span> <span class='ocrx_word' id='word_1_178' title='bbox 806 3278 1020 3352; x_wconf 91' lang='lat' dir='ltr'><strong>cervi,</strong></span> <span class='ocrx_word' id='word_1_179' title='bbox 1042 3289 1496 3362; x_wconf 89' lang='lat' dir='ltr'><strong>tremeretque</strong></span> <span class='ocrx_word' id='word_1_180' title='bbox 1530 3300 1649 3363; x_wconf 87' lang='lat' dir='ltr'><strong>per</strong></span> <span class='ocrx_word' id='word_1_181' title='bbox 1677 3303 1873 3343; x_wconf 87' lang='lat' dir='ltr'><strong>auras</strong></span> 
     </span>
     <span class='ocr_line' id='line_1_27' title="bbox 107 3393 1598 3479; baseline 0.003 -27"><span class='ocrx_word' id='word_1_182' title='bbox 107 3394 252 3457; x_wconf 67' lang='lat' dir='ltr'><strong>aeris</strong></span> <span class='ocrx_word' id='word_1_183' title='bbox 283 3395 602 3479; x_wconf 89' lang='lat' dir='ltr'><strong>accipiter</strong></span> <span class='ocrx_word' id='word_1_184' title='bbox 630 3393 890 3477; x_wconf 86' lang='lat' dir='ltr'><strong>fugiens</strong></span> <span class='ocrx_word' id='word_1_185' title='bbox 921 3393 1231 3455; x_wconf 88' lang='lat' dir='ltr'><strong>veniente</strong></span> <span class='ocrx_word' id='word_1_186' title='bbox 1263 3393 1598 3468; x_wconf 84' lang='lat' dir='ltr'><strong>columba,</strong></span> 
     </span>
     <span class='ocr_line' id='line_1_28' title="bbox 106 3502 1942 3594; baseline 0.003 -28"><span class='ocrx_word' id='word_1_187' title='bbox 106 3502 462 3594; x_wconf 88' lang='lat' dir='ltr'><strong>desiperent</strong></span> <span class='ocrx_word' id='word_1_188' title='bbox 488 3507 794 3570; x_wconf 90' lang='lat' dir='ltr'><strong>homines</strong></span> <span class='ocrx_word' id='word_1_189' title='bbox 814 3554 829 3578; x_wconf 82' lang='lat'>,</span> <span class='ocrx_word' id='word_1_190' title='bbox 853 3515 1170 3592; x_wconf 88' lang='lat' dir='ltr'><strong>saperent</strong></span> <span class='ocrx_word' id='word_1_191' title='bbox 1197 3506 1342 3570; x_wconf 87' lang='lat' dir='ltr'><strong>fera</strong></span> <span class='ocrx_word' id='word_1_192' title='bbox 1371 3509 1593 3573; x_wconf 88' lang='lat' dir='ltr'><strong>saecla</strong></span> <span class='ocrx_word' id='word_1_193' title='bbox 1619 3508 1942 3573; x_wconf 86' lang='lat' dir='ltr'><strong>ferarum.</strong></span> 
     </span>
     <span class='ocr_line' id='line_1_29' title="bbox 104 3617 1632 3707; baseline 0.005 -27"><span class='ocrx_word' id='word_1_194' title='bbox 104 3617 244 3683; x_wconf 91' lang='lat' dir='ltr'><strong>illud</strong></span> <span class='ocrx_word' id='word_1_195' title='bbox 274 3623 441 3685; x_wconf 89' lang='lat' dir='ltr'><strong>enim</strong></span> <span class='ocrx_word' id='word_1_196' title='bbox 470 3621 642 3685; x_wconf 85' lang='lat' dir='ltr'><strong>falsa</strong></span> <span class='ocrx_word' id='word_1_197' title='bbox 668 3621 880 3686; x_wconf 88' lang='lat' dir='ltr'><strong>fertur</strong></span> <span class='ocrx_word' id='word_1_198' title='bbox 908 3622 1169 3685; x_wconf 90' lang='lat' dir='ltr'><strong>ratione</strong></span> <span class='ocrx_word' id='word_1_199' title='bbox 1189 3670 1204 3697; x_wconf 91' lang='lat'>,</span> <span class='ocrx_word' id='word_1_200' title='bbox 1230 3621 1416 3707; x_wconf 92' lang='lat' dir='ltr'><strong>quod</strong></span> <span class='ocrx_word' id='word_1_201' title='bbox 1446 3624 1632 3687; x_wconf 88' lang='lat' dir='ltr'><strong>aiunt</strong></span> 
     </span>
    </p>

    <p class='ocr_par' dir='ltr' id='par_1_9' title="bbox 24 3730 1778 4051">
     <span class='ocr_line' id='line_1_30' title="bbox 24 3730 1644 3822; baseline 0.006 -30"><span class='ocrx_word' id='word_1_202' title='bbox 24 3742 72 3787; x_wconf 78' lang='lat'><strong>55</strong></span> <span class='ocrx_word' id='word_1_203' title='bbox 106 3730 492 3802; x_wconf 89' lang='lat' dir='ltr'><strong>inmortalem</strong></span> <span class='ocrx_word' id='word_1_204' title='bbox 522 3737 802 3800; x_wconf 87' lang='lat' dir='ltr'><strong>animam</strong></span> <span class='ocrx_word' id='word_1_205' title='bbox 830 3743 1089 3801; x_wconf 88' lang='lat' dir='ltr'><strong>mutato</strong></span> <span class='ocrx_word' id='word_1_206' title='bbox 1123 3759 1407 3822; x_wconf 89' lang='lat' dir='ltr'><strong>corpore</strong></span> <span class='ocrx_word' id='word_1_207' title='bbox 1437 3737 1644 3801; x_wconf 86' lang='lat' dir='ltr'><strong>flecti:</strong></span> 
     </span>
     <span class='ocr_line' id='line_1_31' title="bbox 110 3837 1717 3937; baseline 0.001 -26"><span class='ocrx_word' id='word_1_208' title='bbox 110 3850 269 3930; x_wconf 91' lang='lat' dir='ltr'><strong>quod</strong></span> <span class='ocrx_word' id='word_1_209' title='bbox 295 3859 593 3915; x_wconf 89' lang='lat' dir='ltr'><strong>mutatur</strong></span> <span class='ocrx_word' id='word_1_210' title='bbox 624 3852 795 3913; x_wconf 91' lang='lat' dir='ltr'><strong>enim</strong></span> <span class='ocrx_word' id='word_1_211' title='bbox 826 3837 1246 3927; x_wconf 85' lang='lat' dir='ltr'><strong>dissolvitur,</strong></span> <span class='ocrx_word' id='word_1_212' title='bbox 1267 3853 1496 3916; x_wconf 91' lang='lat' dir='ltr'><strong>interit</strong></span> <span class='ocrx_word' id='word_1_213' title='bbox 1526 3873 1685 3937; x_wconf 90' lang='lat' dir='ltr'><strong>ergo</strong></span> <span class='ocrx_word' id='word_1_214' title='bbox 1704 3899 1717 3912; x_wconf 90' lang='lat'><strong>.</strong></span> 
     </span>
     <span class='ocr_line' id='line_1_32' title="bbox 108 3964 1778 4051; baseline 0.005 -29"><span class='ocrx_word' id='word_1_215' title='bbox 108 3964 472 4030; x_wconf 85' lang='lat' dir='ltr'><strong>traiciuntur</strong></span> <span class='ocrx_word' id='word_1_216' title='bbox 505 3965 679 4029; x_wconf 90' lang='lat' dir='ltr'><strong>enim</strong></span> <span class='ocrx_word' id='word_1_217' title='bbox 708 3973 934 4050; x_wconf 88' lang='lat' dir='ltr'><strong>partes</strong></span> <span class='ocrx_word' id='word_1_218' title='bbox 963 3975 1167 4050; x_wconf 85' lang='lat' dir='ltr'><strong>atque</strong></span> <span class='ocrx_word' id='word_1_219' title='bbox 1198 3966 1434 4031; x_wconf 91' lang='lat' dir='ltr'><strong>ordine</strong></span> <span class='ocrx_word' id='word_1_220' title='bbox 1463 3966 1778 4051; x_wconf 75' lang='lat' dir='ltr'><strong>migrant3</strong></span> 
     </span>
    </p>
   </div>
   <div class='ocr_carea' id='block_1_3' title="bbox 113 4240 2346 4399">
    <p class='ocr_par' dir='ltr' id='par_1_10' title="bbox 113 4240 2346 4399">
     <span class='ocr_line' id='line_1_33' title="bbox 113 4240 2346 4316; baseline 0 -26"><span class='ocrx_word' id='word_1_221' title='bbox 113 4246 192 4293; x_wconf 77' lang='lat'><strong>732</strong></span> <span class='ocrx_word' id='word_1_222' title='bbox 226 4246 444 4316; x_wconf 85' lang='lat' dir='ltr'><strong>algoque</strong></span> <span class='ocrx_word' id='word_1_223' title='bbox 482 4248 503 4316; x_wconf 86' lang='grc' dir='ltr'><strong>ΙΙ</strong></span> <span class='ocrx_word' id='word_1_224' title='bbox 543 4251 643 4298; x_wconf 81' lang='grc'><strong>734</strong></span> <span class='ocrx_word' id='word_1_225' title='bbox 681 4253 910 4315; x_wconf 82' lang='lat' dir='ltr'><strong>contage</strong></span> <span class='ocrx_word' id='word_1_226' title='bbox 947 4246 967 4314; x_wconf 83' lang='grc' dir='ltr'><strong>ΙΙ</strong></span> <span class='ocrx_word' id='word_1_227' title='bbox 1005 4251 1102 4298; x_wconf 84' lang='grc'><strong>736</strong></span> <span class='ocrx_word' id='word_1_228' title='bbox 1139 4265 1240 4314; x_wconf 86' lang='lat' dir='ltr'><strong>que</strong></span> <span class='ocrx_word' id='word_1_229' title='bbox 1287 4248 1306 4316; x_wconf 82' lang='grc' dir='ltr'><strong>ΙΙ</strong></span> <span class='ocrx_word' id='word_1_230' title='bbox 1357 4251 1456 4298; x_wconf 83' lang='grc'><strong>738</strong></span> <span class='ocrx_word' id='word_1_231' title='bbox 1492 4256 1550 4298; x_wconf 88' lang='lat' dir='ltr'><strong>ut</strong></span> <span class='ocrx_word' id='word_1_232' title='bbox 1586 4247 1792 4315; x_wconf 86' lang='lat' dir='ltr'><strong>quicum</strong></span> <span class='ocrx_word' id='word_1_233' title='bbox 1830 4245 1850 4313; x_wconf 83' lang='grc' dir='ltr'><strong>ΙΙ</strong></span> <span class='ocrx_word' id='word_1_234' title='bbox 1890 4250 1988 4297; x_wconf 87' lang='grc'><strong>740</strong></span> <span class='ocrx_word' id='word_1_235' title='bbox 2025 4256 2289 4295; x_wconf 82' lang='lat' dir='ltr'><strong>consensu</strong></span> <span class='ocrx_word' id='word_1_236' title='bbox 2326 4240 2346 4307; x_wconf 81' lang='grc' dir='ltr'><strong>ΙΙ</strong></span> 
     </span>
     <span class='ocr_line' id='line_1_34' title="bbox 116 4327 1772 4399; baseline 0.004 -26"><span class='ocrx_word' id='word_1_237' title='bbox 116 4329 192 4377; x_wconf 85' lang='grc'><strong>743</strong></span> <span class='ocrx_word' id='word_1_238' title='bbox 231 4330 276 4380; x_wconf 89' lang='grc' dir='ltr'><strong>Α</strong></span> <span class='ocrx_word' id='word_1_239' title='bbox 312 4332 554 4399; x_wconf 84' lang='lat' dir='ltr'><strong>patribus</strong></span> <span class='ocrx_word' id='word_1_240' title='bbox 593 4327 748 4382; x_wconf 85' lang='lat' dir='ltr'><strong>datur</strong></span> <span class='ocrx_word' id='word_1_241' title='bbox 787 4338 840 4382; x_wconf 88' lang='lat' dir='ltr'><strong>et</strong></span> <span class='ocrx_word' id='word_1_242' title='bbox 874 4347 905 4380; x_wconf 85' lang='lat' dir='ltr'><strong>a</strong></span> <span class='ocrx_word' id='word_1_243' title='bbox 938 4331 1140 4397; x_wconf 82' lang='lat' dir='ltr'><strong>patrius</strong></span> <span class='ocrx_word' id='word_1_244' title='bbox 1175 4348 1343 4398; x_wconf 80' lang='lat' dir='ltr'><strong>pavor</strong></span> <span class='ocrx_word' id='word_1_245' title='bbox 1380 4329 1561 4382; x_wconf 86' lang='lat' dir='ltr'><strong>incitat</strong></span> <span class='ocrx_word' id='word_1_246' title='bbox 1597 4336 1772 4381; x_wconf 85' lang='lat' dir='ltr'><strong>artus.</strong></span> 
     </span>
    </p>
   </div>
  </div>
 </body>
</html>
