2840 5008
1183 362 1282 430 VI
1528 306 1532 311 ὁ
2214 358 2354 426 215

103 541 464 628 exprimere
492 547 572 603 ut
603 536 769 601 caeli
798 534 1150 600 videantur
1180 534 1430 619 templa
1458 555 1774 621 superne.
1801 550 1807 556 ·

102 656 243 721 inde
269 663 528 719 tremor
559 661 778 717 terras
807 628 1101 735 graviter
1130 656 1573 738 pertemptat,
1599 658 1666 713 et
1694 648 1898 712 altum

100 790 433 834 murmura
462 770 867 854 percurrunt
896 767 1181 829 caelum:
1204 786 1357 828 nam
1387 771 1534 828 tota
1561 763 1701 827 fere
1731 772 1869 826 tum

104 891 461 970 tempestas
491 901 824 947 concussa
851 881 1075 945 tremit
1099 873 1536 964 fremitusque
1563 886 1943 942 moventur.
2034 962 2037 966 Δ

53 1018 69 1064 o
106 1022 224 1085 quo
256 998 344 1062 de
377 988 719 1063 concussu
748 995 1051 1081 sequitur
1079 996 1302 1080 gravis
1330 995 1541 1058 imber
1571 1001 1640 1057 et
1668 994 1861 1068 uber,
1941 1048 1944 1049 γ
2024 1048 2028 1053 .

104 1113 300 1178 omnis
329 1103 436 1176 uti
462 1111 773 1178 videatur
801 1111 870 1173 in
899 1110 1174 1175 imbrem
1201 1110 1445 1176 vertier
1475 1108 1708 1173 aether

107 1238 293 1314 atque
322 1227 422 1291 ita
451 1226 902 1312 praecipitans
933 1204 1023 1288 ad
1052 1206 1361 1289 diluviem
1390 1224 1724 1288 revocari:

106 1351 319 1407 tantus
355 1339 645 1405 discidio
674 1340 870 1404 nubis
898 1340 1214 1424 ventique
1242 1340 1540 1431 procella

107 1458 377 1522 mittitur
397 1505 413 1531 ,
438 1454 707 1539 ardenti
736 1455 996 1518 sonitus
1027 1475 1173 1518 cum
1203 1454 1521 1540 provolat
1546 1454 1714 1517 ictu.

54 1590 73 1633 5
109 1581 202 1636 est
230 1573 433 1636 etiam
468 1592 617 1634 cum
644 1569 744 1632 vis
776 1570 1195 1643 extrinsecus
1221 1570 1426 1633 incita
1453 1568 1636 1631 venti

108 1685 324 1750 incidit
353 1686 426 1748 in
458 1682 803 1770 gravidam
832 1691 1091 1751 maturo
1122 1683 1390 1747 fulmine
1418 1684 1698 1759 nubem3

114 1822 296 1885 quam
326 1821 481 1863 cum
511 1798 865 1886 perscidit,
890 1798 1225 1884 extemplo
1258 1797 1440 1862 cadit
1465 1798 1699 1883 igneus
1727 1797 1836 1860 ille

111 1926 334 1978 vertex
354 1964 369 1990 ,
403 1935 608 1999 quem
637 1914 855 1998 patrio
885 1914 1252 1977 vocitamus
1281 1912 1548 1977 nomine
1574 1910 1851 1975 fulmen.

112 2029 228 2093 hoc
254 2030 331 2093 fit
357 2028 542 2092 idem
570 2029 639 2091 in
667 2028 877 2112 partis
908 2028 1068 2092 alias
1086 2075 1101 2101 ,
1128 2049 1262 2113 quo
1295 2048 1579 2111 cumque
1609 2026 1758 2090 tulit
1786 2026 1917 2089 vis,

58 2160 78 2205 ο
111 2144 176 2207 fit
202 2164 480 2229 quoque
508 2151 584 2207 ut
610 2143 785 2206 inter
817 2141 973 2205 dum
1002 2142 1185 2207 venti
1214 2142 1314 2206 vis
1344 2143 1545 2205 missa
1574 2141 1715 2204 sine
1743 2140 1880 2226 igni

111 2259 381 2343 igniscat
412 2266 639 2323 tamen
667 2258 734 2319 in
764 2257 979 2342 spatio
1010 2258 1348 2343 longoque
1379 2264 1629 2332 meatu,

118 2394 251 2438 cum
276 2373 472 2439 venit
501 2373 805 2436 amittens
835 2372 904 2434 in
934 2393 1133 2435 cursu
1162 2393 1454 2457 corpora
1484 2369 1813 2457 quaedam

115 2487 375 2572 grandia
394 2538 409 2566 ,
434 2508 612 2573 quae
642 2494 982 2579 nequeunt
1009 2487 1260 2573 pariter
1291 2497 1645 2574 penetrare
1674 2509 1795 2571 per
1826 2507 2055 2561 auraS‚

121 2611 305 2688 atque
336 2603 471 2668 alia
501 2624 585 2665 ex
612 2602 761 2686 ipso
794 2602 1169 2666 conradens
1200 2609 1354 2667 aere
1384 2592 1614 2688 portat

53 2732 84 2776 15
119 2717 412 2812 parvola,
441 2737 615 2801 quae
644 2698 895 2781 faciunt
922 2718 1142 2803 ignem
1172 2716 1527 2781 commixta
1553 2716 1877 2793 voland03

120 2854 242 2895 non
270 2833 396 2897 alia
424 2818 629 2916 longe
655 2831 915 2895 ratione
944 2853 1023 2894 ac
1051 2831 1362 2916 plumbea
1390 2852 1595 2918 saepe

121 2944 360 3011 fervida
387 2948 470 3010 fit
497 2947 687 3031 glans
714 2946 785 3009 in
815 2967 1012 3009 cursu
1032 2994 1047 3022 ,
1073 2967 1220 3009 cum
1247 2946 1456 3009 multa
1482 2945 1722 3030 rigoris

124 3081 394 3146 corpora
424 3060 765 3124 dimittens
793 3054 1013 3156 ignem
1044 3061 1354 3147 concepit
1380 3060 1449 3124 in
1479 3061 1684 3124 auriS.

122 3168 188 3238 fit
215 3197 484 3262 quoque
512 3183 588 3239 ut
615 3175 824 3260 ipsius
856 3175 1091 3262 plagae
1119 3176 1222 3240 vis
1255 3175 1500 3238 excitet
1524 3176 1774 3260 ignem,

53 3303 88 3348 ¹0
121 3288 345 3376 frigida
373 3312 526 3355 cum
551 3291 734 3354 venti
762 3289 1020 3375 pepulit
1047 3290 1148 3358 vis
1179 3290 1377 3366 missa
1403 3290 1546 3353 sine
1574 3290 1739 3374 igni,

126 3405 185 3467 ni
206 3391 439 3470 mirum
459 3455 474 3483 ‚
498 3406 653 3491 quia
670 3454 686 3481 ,
709 3426 858 3469 cum
885 3405 1174 3470 vementi
1201 3404 1488 3490 perculit
1514 3404 1653 3474 ictu
1668 3453 1683 3479 ,

129 3521 446 3586 confluere
477 3543 562 3584 ex
589 3521 737 3607 ipso
766 3530 1054 3607 possunt
1085 3519 1408 3584 elementa
1434 3520 1735 3604 vaporiS,

130 3641 187 3696 et
212 3635 394 3700 simul
425 3658 511 3700 ex
538 3635 650 3698 illa
678 3656 848 3719 quae
878 3643 1019 3699 tum
1045 3656 1155 3699 res
1188 3635 1435 3720 excipit
1462 3636 1699 3712 ictum3

129 3754 223 3824 ut,
240 3749 526 3837 lapidem
553 3750 734 3814 ferro
766 3772 914 3813 cum
945 3748 1280 3814 caedimus
1304 3799 1320 3826 ,
1346 3750 1568 3816 evolat
1594 3750 1765 3835 ignis
1782 3798 1797 3824 ,

56 3872 97 3917 15
132 3882 239 3925 nec
259 3913 274 3940 ,
297 3865 483 3950 quod
508 3864 753 3950 frigida
779 3866 880 3930 vis
910 3864 1170 3941 ferrist,
1191 3866 1326 3930 hoc
1355 3865 1563 3929 setius
1593 3864 1685 3928 illi
1723 3897 1726 3898 ⁷

146 4179 230 4227 286
264 4178 576 4250 Opprimerc
612 4179 632 4249 ΙΙ
671 4186 769 4244 288
805 4187 1097 4250 pecurrunt
1135 4181 1154 4251 ΙΙ
1193 4185 1292 4231 290
1331 4194 1626 4233 concussus
1682 4178 1701 4250 ΙΙ
1757 4184 1851 4230 291
1892 4185 1951 4230 ut
2009 4178 2031 4246 ΙΙ
2083 4182 2179 4228 292
2216 4192 2373 4227 revo-

146 4273 274 4313 care.
328 4264 348 4331 ΙΙ
403 4270 499 4316 295
537 4262 615 4317 Es
671 4261 693 4331 ΙΙ
748 4268 847 4314 296
886 4261 1059 4315 valida
1094 4262 1113 4330 ΙΙ
1150 4261 1376 4326 culmine
1428 4262 1449 4330 ΙΙ
1503 4267 1601 4315 298
1639 4262 1811 4331 spatio
1850 4260 1869 4330 ΙΙ
1910 4266 2006 4315 302
2042 4260 2182 4313 Dum
2218 4258 2238 4325 ΙΙ
2277 4262 2376 4310 308

155 4343 365 4414 concipit
402 4346 421 4415 ΙΙ
458 4351 554 4399 309
592 4345 723 4416 ipsis
759 4344 779 4413 ΙΙ
819 4351 915 4397 315
955 4344 1067 4397 illc.
