2840 5008
485 336 622 401 40ss
1528 338 1626 405 VI

486 509 785 593 Glycera.
832 529 1048 593 neque
1093 512 1396 575 ambrosia
1442 514 1630 595 quasi
1662 513 1972 576 Latinum
2005 514 2194 577 brevi
2236 540 2277 578 a
2323 516 2486 578 elisa
2517 518 2687 600 quis-

483 626 679 689 quam
712 608 969 690 posuit,
1001 629 1134 670 non
1166 611 1375 695 magis
1407 632 1608 695 quam
1636 612 1892 675 historia
1921 612 2028 675 vel
2055 613 2273 697 sophia
2292 663 2305 675 .
2342 635 2496 677 nam
2526 615 2688 677 Con-

484 703 688 767 radus
719 705 1176 770 Schneiderus
1204 708 1351 793 ipse
1382 709 1510 772 sibi
1541 718 1782 772 auctor
1812 718 1918 773 est
1940 757 1954 783 ‚
1997 732 2145 773 cum
2191 710 2359 774 dicit
2386 711 2460 774 in
2488 732 2691 797 gram-

482 802 724 865 matica
752 803 994 867 Latina
1020 826 1080 887 p.
1101 805 1181 867 28
1211 830 1251 868 a
1282 815 1600 890 correpta
1627 807 1882 870 historia
1912 815 1980 871 et
2006 819 2171 873 stoa.
2218 809 2476 873 historia
2502 810 2601 873 bis
2629 812 2693 873 in

483 903 879 983 pentametri
911 902 1091 965 exitu
1115 903 1513 989 Propertius
1543 904 1939 987 (Ausonium
1962 907 2134 969 enim
2157 929 2297 969 non
2323 910 2517 992 curo)
2538 957 2553 981 ‚
2577 921 2696 971 stoa

482 997 705 1060 nullus
728 999 1019 1083 scriptor
1037 1000 1317 1066 Latinus
1338 1024 1504 1065 usus
1528 1011 1664 1066 est:
1686 1026 1853 1089 pyra
1870 1051 1887 1081 ,
1920 1004 2107 1088 quod
2130 1007 2409 1069 tertium
2434 1006 2698 1069 Schnei-

486 1096 689 1159 derus
719 1099 981 1181 posuit,
1013 1099 1340 1183 corripuit
1370 1101 1777 1185 epitomator
1807 1100 2057 1164 Iliados
2093 1102 2251 1165 1053
2272 1152 2285 1166 .
2326 1104 2523 1181 Gela,
2553 1104 2698 1166 item

483 1193 781 1275 Himera,
828 1198 1168 1281 corripere
1198 1198 1399 1261 Silius
1431 1220 1632 1262 ausus
1665 1207 1770 1262 est
1798 1200 1867 1262 in
1897 1222 2034 1273 xiv,
2053 1199 2175 1263 218
2206 1199 2330 1263 233
2352 1249 2372 1277 ,
2422 1201 2703 1264 Phaedra

484 1300 553 1356 et
574 1293 825 1358 Electra
855 1296 1144 1374 Seneca,
1172 1295 1349 1360 idem
1379 1296 1671 1360 Oechalia
1699 1296 1767 1358 in
1790 1296 2085 1360 Hercule
2117 1298 2333 1361 altero
2363 1298 2494 1361 422
2514 1346 2530 1371 ‚
2563 1320 2700 1361 cum

484 1400 706 1455 tamen
730 1394 991 1480 Megara
1017 1395 1083 1457 in
1116 1394 1381 1458 furente
1410 1394 1533 1457 203
1569 1394 1727 1457 1009
1759 1393 2022 1459 Graeco
2054 1417 2241 1459 more
2275 1395 2557 1471 efferat3
2585 1396 2702 1458 La-

486 1491 627 1553 tina
668 1513 981 1556 mensura
1022 1495 1211 1577 eleyia
1242 1492 1500 1556 Statius
1532 1499 1600 1555 et
1629 1492 1960 1556 Martialis
1985 1541 1999 1556 .
2045 1492 2232 1577 quod
2274 1502 2526 1557 contra
2559 1492 2705 1555 Ovi-

487 1588 635 1652 dius
659 1636 675 1661 ,
722 1611 866 1653 cum
912 1590 1192 1675 corripit
1222 1591 1352 1654 Dia
1380 1591 1450 1653 in
1482 1597 1628 1652 arte
1659 1614 1702 1663 1,
1721 1590 1842 1653 528
1866 1638 1881 1665 ‚
1926 1591 2092 1653 male
2123 1590 2329 1676 vulgo
2362 1591 2480 1653 Ala
2515 1592 2707 1654 scribi

486 1686 823 1751 ostendit:
867 1688 1178 1771 idemque
1209 1709 1357 1750 cum
1387 1691 1593 1751 Ascra
1622 1686 1788 1750 dicit
1818 1711 1858 1750 a
1887 1688 2081 1752 brevi
2106 1734 2121 1761 ‚
2165 1695 2471 1751 testatur
2504 1687 2704 1752 Grae-

490 1807 636 1847 cum
657 1786 890 1869 ἈεκΡΗ
919 1835 930 1858 ,
977 1784 1061 1848 de
1094 1806 1228 1869 quo
1261 1785 1433 1849 dixit
1463 1785 1839 1848 Meinekius
1872 1785 1959 1849 ad
1992 1785 2419 1869 Stephanum
2451 1785 2706 1872 Byzan-

485 1885 646 1946 tium
676 1905 739 1966 p.
765 1884 899 1956 133,
926 1882 997 1946 12
1022 1894 1055 1947 .“
1079 1905 1297 1968 neque
1330 1883 1615 1947 Ovidius
1657 1884 1950 1947 scribere
1992 1885 2217 1967 potuit
2263 1884 2458 1968 quod
2503 1893 2608 1948 est
2647 1885 2708 1947 in

487 1981 775 2064 epistula
803 2004 963 2055 xvn,
988 1981 1104 2045 150
1148 1984 1371 2046 rettulit
1397 1982 1629 2046 Aethra
1671 1981 1860 2060 mihi,
1908 1989 1975 2044 et
2008 1982 2254 2045 ibidem
2288 1982 2368 2044 55
2402 1984 2546 2046 Dat
2567 1984 2708 2046 mihi

498 2080 666 2143 Leda
711 2081 909 2165 Iovem
938 2129 955 2160 ‚
1001 2087 1070 2143 et
1111 2081 1179 2143 in
1221 2103 1363 2155 vm,
1393 2081 1475 2144 78
1521 2081 1698 2143 Leda
1739 2102 2036 2166 suumque
2078 2081 2281 2144 Iovem
2313 2129 2326 2142 .
2372 2081 2502 2144 sed
2546 2081 2705 2144 haec

487 2198 684 2262 quam
707 2180 918 2261 parvo
943 2186 1103 2261 post
1126 2177 1443 2241 Ovidium
1472 2178 1796 2260 temporis
1825 2177 2180 2240 intervallo
2203 2179 2480 2261 peccari
2514 2201 2706 2263 coep-

487 2284 624 2339 tum
669 2276 757 2339 sit
800 2275 1201 2339 ostendunt:
1245 2275 1393 2358 ipse
1434 2295 1573 2337 non
1615 2274 1889 2358 scripsit
1919 2294 2217 2337 amorum
2248 2297 2320 2354 η,
2339 2276 2400 2348 4,
2418 2274 2501 2338 42
2536 2277 2708 2340 Leda

469 2376 603 2460 fuit
623 2423 638 2450 ,
683 2374 806 2438 sed
838 2376 1023 2463 Lyda
1049 2376 1182 2461 fuit
1218 2376 1399 2460 niqra
1440 2374 1864 2458 conspicienda
1903 2396 2076 2436 coma
2095 2398 2118 2453 ,·
2161 2394 2383 2456 neque
2425 2375 2497 2435 in
2547 2376 2706 2437 artis

485 2497 527 2547 1,
546 2473 667 2537 744
706 2474 1010 2553 Quantum
1041 2475 1125 2537 ad
1154 2472 1492 2537 Pirithoum
1513 2520 1530 2550 ,
1560 2471 1851 2535 Phaedra
1869 2471 2103 2557 pudica
2114 2470 2249 2558 fuit
2261 2520 2279 2552 ‚
2312 2470 2439 2534 Sed
2470 2473 2709 2537 Ore-ssa.

488 2572 672 2657 apud
712 2582 978 2636 veteres
1018 2574 1087 2635 in
1133 2572 1266 2635 hoc
1296 2591 1542 2656 genere
1571 2591 1815 2654 magna
1842 2568 1967 2632 fuit
1994 2593 2033 2632 a
2063 2569 2326 2633 litterae
2357 2590 2398 2631 a
2432 2569 2709 2634 Graecis

483 2670 859 2754 productae
884 2671 1270 2734 observatio
1290 2717 1305 2744 ‚
1331 2689 1731 2753 quamquam
1755 2688 1899 2731 eam
1926 2666 2174 2730 elidere
2198 2667 2543 2730 interdum
2569 2671 2709 2733 ausi

487 2775 682 2841 sunt,
725 2774 802 2830 ut
844 2768 1125 2831 Plautus
1167 2767 1234 2829 in
1279 2765 1768 2848 Amphitruone
1813 2764 2057 2839 v‚1‚25
2112 2765 2245 2827 Tua
2288 2766 2561 2829 Bromia
2603 2791 2708 2829 an-

490 2866 668 2938 cilla,
712 2866 1023 2950 idemque
1054 2865 1373 2928 Palaestra
1413 2865 1683 2945 saepius
1711 2862 1782 2924 in
1811 2861 2161 2925 Rudente.
2208 2861 2331 2924 sed
2375 2860 2443 2923 in
2479 2863 2710 2926 eadem

487 2963 607 3038 1‚4‚
633 2964 704 3026 17
751 2961 985 3026 addito
1027 2987 1102 3025 ne
1131 2960 1560 3025 scribendum
1590 2967 1757 3043 puto
1800 2961 2148 3044 'Ampelisca
2171 3007 2184 3021 .
2228 2959 2363 3022 he'm
2407 2961 2546 3045 quis
2588 2974 2671 3025 est
2683 2962 2710 3024 52

489 3064 592 3145 (3¹90
617 3109 630 3122 .
679 3063 1074 3125 Palaestra'ne
1096 3058 1344 3140 23um3
1373 3066 1453 3121 ut
1479 3058 1546 3120 in
1578 3057 1867 3140 Epidico
1899 3079 1986 3129 ιν,
2014 3058 2062 3131 l,
2080 3056 2163 3119 40
2193 3055 2328 3120 Fae
2355 3059 2630 3132 videam,
2661 3062 2710 3120 si

485 3161 581 3221 me
621 3162 707 3221 vis
746 3162 939 3223 vivere
970 3207 983 3220 .
1029 3158 1134 3221 e'ho
1176 3159 1348 3220 istinc
1376 3205 1392 3235 ,
1448 3154 1756 3219 Canthara
1785 3202 1802 3233 ‚
1846 3155 1982 3217 iube
2013 3202 2026 3216 .
2087 3154 2251 3237 quid
2299 3155 2490 3239 quod
2533 3155 2701 3220 idem

488 3259 686 3319 Aetna
732 3279 901 3318 mons
947 3253 1035 3316 ad
1077 3255 1372 3340 regulam
1416 3275 1549 3316 non
1582 3253 1931 3316 revocavit
1953 3301 1968 3324 ‚
2014 3252 2262 3316 sedita
2291 3260 2367 3315 ut
2398 3254 2643 3339 v'ulgus
2671 3276 2704 3316 a

490 3352 731 3417 Siculis
778 3352 1109 3414 didicerat
1154 3353 1281 3415 sibi
1327 3350 1683 3414 dicendum
1729 3350 2034 3434 putavit,
2078 3351 2145 3412 in
2188 3350 2405 3413 Milite
2452 3374 2543 3425 ιν,
2561 3350 2619 3425 2,
2636 3351 2705 3414 73

487 3472 690 3515 versu
721 3448 1151 3532 anapaestico
1177 3495 1192 3521 ‚
1237 3471 1273 3508 P
1291 3470 1336 3509 Y
1363 3494 1375 3509 .
1431 3449 1585 3510 Tum
1616 3450 1850 3532 aryenti
1877 3470 2047 3510 mons
2070 3494 2084 3509 .
2131 3468 2228 3509 ΡΑ
2253 3494 2266 3509 .
2308 3471 2458 3511 nam
2484 3454 2707 3512 massas

489 3550 693 3627 habet,
716 3552 916 3613 Aetna'
943 3569 1114 3611 mons
1141 3568 1261 3609 non
1292 3568 1482 3630 aeque
1512 3546 1695 3609 altust
1714 3595 1727 3608 .
1758 3565 1977 3631 pauca
2004 3545 2135 3607 iam
2161 3553 2308 3607 ‘tum
2331 3547 2708 3616 mutabant3

487 3650 774 3733 primum
819 3668 897 3710 ea
937 3648 1008 3710 in
1052 3649 1292 3731 quibus
1338 3645 1824 3732 diphthongos
1852 3654 1993 3719 est,
2036 3653 2113 3708 ut
2152 3647 2380 3737 Troia2
2424 3656 2501 3710 ut
2532 3645 2707 3730 apud

492 3745 806 3810 Ovidium
829 3794 844 3824 ,
876 3745 1222 3809 Valerium
1252 3746 1570 3809 Flaccum
1593 3793 1607 3817 ‚
1652 3744 2033 3808 Iuvenalem
2058 3792 2072 3817 ‚
2112 3747 2423 3825 Astraea3
2469 3742 2709 3807 deinde

493 3844 901 3928 appellativa
931 3844 1264 3928 quaedam
1295 3865 1420 3906 usu
1452 3843 1693 3906 Latino
1727 3842 1881 3904 olim
1911 3843 2073 3905 trita
2096 3841 2118 3916 ,'
2156 3848 2230 3904 ut
2267 3865 2563 3925 purpura
2584 3889 2598 3912 ,
2639 3849 2713 3902 ut

492 3943 801 4008 comoedia
828 3945 989 4027 luyet.
1012 3944 1083 4006 in
1110 3965 1314 4008 versu
1342 3942 1737 4005 hexametro
1769 3941 1992 4003 Plauti
2011 3990 2025 4011 ‚
2067 3940 2225 4001 item
2256 3938 2412 4002 hora
2443 3940 2581 4024 lyra
2610 3939 2710 4025 hy-

492 4044 608 4106 dra
632 4052 810 4126 petra
839 4065 999 4105 aura
1028 4090 1043 4117 ,
1084 4041 1445 4127 symphonia
1476 4040 1742 4104 Horatii
1774 4087 1788 4113 ‚
1835 4037 2017 4122 apud
2050 4036 2365 4100 Ovidium
2385 4037 2712 4120 pharetra,

482 4166 641 4226 pera
670 4140 852 4224 apud
874 4140 1251 4203 Martialem
1278 4163 1412 4214 xw,
1429 4139 1505 4203 81
1530 4187 1544 4212 ,
1580 4154 1983 4223 quamquam
2005 4136 2114 4198 hic
2137 4134 2318 4199 Leda
2342 4155 2620 4218 quoque
2651 4142 2713 4195 et

494 4238 701 4325 quia
732 4240 861 4322 (XI,
881 4238 1006 4320 60)·
1041 4239 1402 4321 corripuit.
1448 4238 1678 4320 itaque
1717 4235 2064 4299 Cassandra
2090 4232 2331 4296 Latine
2364 4231 2715 4296 dicebatur

493 4345 568 4398 ut
597 4337 954 4400 Alexander
986 4343 1055 4398 et
1086 4335 1424 4399 Euandrus
1444 4384 1459 4414 ,
1492 4332 1857 4420 eademque
1888 4330 2320 4396 similitudine
2343 4330 2680 4416 ,Cleopatra
2697 4354 2716 4408 ‚·
