2840 5008
462 427 554 495 28
1573 428 1604 494 Ι

459 600 548 663 nil
579 601 645 663 in
678 599 957 663 concilio
989 607 1292 662 naturam
1322 605 1396 662 ut
1426 608 1636 665 mutet
1667 623 1921 675 eorum,

458 715 639 778 nulla
665 714 786 777 tibi
818 735 901 777 ex
928 715 1052 777 illis
1082 714 1333 798 poterit
1362 735 1471 778 res
1504 736 1650 779 esse
1682 724 1936 791 creata,

464 850 600 892 non
630 828 925 891 animans
944 876 958 901 ‚
986 850 1121 891 non
1154 828 1454 892 exanimo
1485 853 1634 894 cum
1664 851 1948 914 corpore
1967 879 1982 905 ‚
2005 832 2336 895 utarbos:

317 959 414 1004 775
463 942 709 1027 quippe
739 963 925 1005 suam
957 942 1241 1026 quicque
1271 942 1338 1005 in
1370 952 1569 1007 coetu
1597 945 1915 1009 variantis
1945 946 2162 1010 acervi

312 1055 322 1063 ”
460 1064 765 1120 naturam
794 1055 1141 1131 ostendet,
1162 1056 1543 1142 mixtusque
1575 1058 1907 1124 videbitur
1937 1064 2050 1122 aer

438 1194 610 1262 ‘cum
636 1178 819 1235 terra
847 1170 1038 1234 simul
1066 1178 1268 1255 atque
1298 1172 1503 1236 ardor
1532 1194 1679 1236 cum
1707 1194 1862 1236 rore
1889 1193 2185 1236 manere.

382 1273 393 1279 ”
464 1293 532 1348 at
557 1286 923 1370 primordia
951 1284 1307 1370 gignundis
1336 1286 1404 1347 in
1434 1286 1615 1349 rebu'
1639 1294 1979 1350 necessest

463 1408 764 1464 naturam
796 1399 1274 1462 clandestinam
1305 1420 1701 1484 caecamque
1733 1399 2083 1476 adhibere3

318 1531 417 1577 780
465 1514 748 1577 emineat
774 1512 1026 1597 nequid
1045 1561 1059 1587 ‚
1085 1511 1270 1597 quod
1301 1520 1537 1577 contra
1563 1520 1819 1598 pugnet
1849 1521 1916 1577 et
1945 1515 2170 1578 obstet

464 1650 596 1714 quo
628 1629 841 1690 minus
873 1648 1021 1690 esse
1052 1635 1253 1710 queat
1279 1627 1552 1712 proprie
1582 1627 1771 1712 quod
1799 1650 2080 1713 cumque
2109 1638 2404 1694 creatur.

547 1742 723 1821 Quin
752 1741 941 1805 etiam
970 1749 1288 1826 repetunt
1317 1762 1357 1811 a
1385 1743 1570 1805 caelo
1603 1751 1806 1827 atque
1831 1743 2097 1828 ignibus
2130 1746 2298 1818 eiuS‚

465 1864 533 1920 et
560 1856 841 1941 primum
868 1855 1121 1919 faciunt
1147 1855 1364 1941 ignem
1395 1879 1469 1920 se
1499 1865 1761 1921 vertere
1789 1858 1857 1920 in
1889 1878 2083 1922 auras
2184 1852 2191 1859 ’

464 1971 636 2034 aeris
654 2017 669 2044 ‚
692 1970 847 2032 hinc
876 1969 1148 2033 imbrem
1175 1972 1387 2056 gigni,
1410 1979 1791 2056 terramque
1822 1973 2032 2035 creari

320 2103 416 2147 785
463 2106 546 2146 ex
574 2084 799 2159 imbri,
821 2091 1138 2168 retroque
1170 2105 1209 2147 a
1238 2092 1420 2149 terra
1451 2092 1692 2148 cuncta
1718 2086 1992 2160 reverti,

463 2220 761 2261 umorem
788 2199 1070 2283 primum
1089 2247 1104 2273 ‚
1128 2208 1288 2285 post
1315 2206 1471 2263 acra
1489 2248 1503 2274 ,
1528 2197 1768 2261 deinde
1800 2200 2113 2273 calorem,

464 2335 588 2377 nec
620 2334 883 2376 cessare
911 2310 1077 2374 haec
1106 2313 1279 2376 inter
1309 2334 1381 2375 se
1410 2320 1667 2376 mutare
1686 2362 1702 2388 ‚
1725 2335 1946 2377 meare

467 2452 506 2493 a
535 2428 719 2493 caelo
751 2425 837 2491 ad
866 2434 1111 2490 terram
1130 2474 1145 2501 ‚
1170 2425 1254 2488 de
1286 2434 1464 2490 terra
1494 2426 1583 2490 ad
1612 2425 1832 2490 sidera
1857 2427 2112 2490 mundi.

467 2543 654 2630 quod
680 2543 901 2608 facere
930 2540 1113 2605 haud
1143 2543 1276 2605 ullo
1311 2541 1562 2605 debent
1588 2540 1951 2625 primordia
1977 2552 2205 2626 pacto,

322 2677 422 2723 790
466 2658 868 2723 immutabile
900 2658 1070 2720 enim
1100 2655 1419 2741 quiddam
1451 2677 1767 2740 superare
1796 2665 2168 2732 necessest,

467 2785 552 2836 ne
581 2794 689 2836 res
721 2771 810 2834 ad
836 2772 1037 2834 nilum
1068 2770 1458 2856 redigantur
1486 2769 1787 2834 funditus
1819 2792 2076 2834 omnes:

468 2909 617 2950 nam
650 2884 835 2970 quod
866 2906 1147 2969 cumque
1178 2886 1314 2949 suis
1345 2893 1665 2949 mutatum
1693 2886 1936 2949 finibus
1968 2885 2133 2960 exit,

469 3001 785 3065 continuo
815 2999 946 3063 hoc
976 3021 1155 3061 mors
1187 3007 1291 3062 est
1316 3000 1489 3062 illius
1521 2998 1706 3083 quod
1733 2998 1860 3063 fuit
1889 3008 2041 3063 ante
2057 3032 2084 3061 ,κ

472 3137 607 3201 qua
634 3122 913 3202 propter
943 3113 1256 3198 quoniam
1286 3135 1456 3197 quae
1484 3114 1685 3200 paulo
1718 3112 2001 3177 diximus
2030 3120 2183 3176 ante

326 3247 424 3293 795
468 3230 534 3293 in
567 3236 1037 3292 commutatum
1065 3228 1343 3291 veniunt
1360 3276 1374 3301 ‚
1400 3235 1710 3291 constare
1738 3233 2085 3326 necessest

472 3367 556 3407 ex
584 3344 725 3408 aliis
758 3365 835 3406 ea
854 3392 869 3420 ,
893 3363 1062 3427 quae
1092 3350 1432 3427 nequeant
1459 3343 1835 3407 convertier
1864 3363 2174 3427 usquam,

467 3481 551 3521 ne
579 3459 701 3521 tibi
729 3478 838 3520 res
867 3456 1148 3520 redeant
1177 3454 1264 3518 ad
1293 3456 1493 3519 niluin
1523 3456 1821 3521 funditus
1852 3477 2110 3520 omnes.

473 3574 633 3658 quin
660 3571 885 3659 potius
915 3571 1026 3634 tali
1057 3579 1295 3648 natura
1322 3569 1629 3654 praedita
1661 3568 1987 3653 quaedam

475 3709 761 3772 corpora
790 3686 1164 3750 constituas
1184 3734 1198 3759 ‚
1221 3685 1439 3769 ignem
1471 3684 1524 3746 si
1555 3683 1727 3746 forte
1760 3684 2074 3758 crearint‚

284 3793 290 3799 ’
327 3818 429 3865 800
474 3823 676 3887 posse
709 3799 939 3864 eadem
959 3849 974 3876 ‚
1000 3799 1286 3884 demptis
1316 3799 1547 3882 paucis
1578 3798 1944 3883 paucisque
1973 3798 2267 3871 tributis,

474 3915 709 3980 ordine
740 3922 991 3977 mutato
1027 3921 1093 4000 et
1123 3921 1302 3976 motu
1324 3961 1338 3987 ‚
1361 3912 1583 3976 facere
1615 3914 1784 3976 aeris
1814 3934 2039 3986 aura&

479 4235 574 4281 772
616 4237 669 4281 et
717 4229 737 4294 ΙΙ
784 4233 882 4279 774
920 4228 1119 4279 animas
1170 4226 1190 4293 ΙΙ
1238 4233 1333 4278 775
1374 4226 1596 4294 quisquc
1631 4226 1930 4277 in·coetum
1985 4225 2005 4293 ΙΙ
2060 4230 2157 4277 776
2196 4224 2431 4277 ostendit
2477 4225 2498 4293 ΙΙ
2550 4235 2666 4285 777
2711 4244 2762 4286 ct

477 4310 703 4380 quodam
740 4327 859 4361 cum
898 4310 917 4377 ΙΙ
953 4325 1187 4361 manare.
1243 4309 1262 4376 ΙΙ
1318 4314 1417 4360 778
1458 4315 1697 4378 oportet.
1759 4309 1777 4373 ΙΙ
1833 4313 1929 4360 779
1967 4307 2427 4377 ἰ(ὲςΙειιιι16εῐίιιειιιι·ΙΙ
2490 4316 2598 4364 780
2642 4317 2761 4370 De-

479 4395 671 4445 mineat
707 4393 727 4461 ΙΙ
767 4398 861 4444 781
903 4400 1135 4445 creatas.
1172 4393 1327 4460 ΙΙ,784
1366 4393 1542 4461 ignem
1581 4393 1599 4459 Η
1638 4398 1735 4443 785
1776 4392 1883 4460 igni
1920 4392 1940 4458 ΙΙ
1979 4393 2030 4444 in
2067 4400 2262 4444 terram
2298 4391 2317 4457 ΙΙ
2358 4397 2456 4442 789
2495 4392 2652 4450 facto
2679 4441 2691 4452 .
