<?xml version="1.0" encoding="UTF-8"?>
<!DOCTYPE html PUBLIC "-//W3C//DTD XHTML 1.0 Transitional//EN"
    "http://www.w3.org/TR/xhtml1/DTD/xhtml1-transitional.dtd">
<html xmlns="http://www.w3.org/1999/xhtml" xml:lang="en" lang="en">
 <head>
  <title>
</title>
<meta http-equiv="Content-Type" content="text/html;charset=utf-8" />
  <meta name='ocr-system' content='tesseract 3.04.00' />
  <meta name='ocr-capabilities' content='ocr_page ocr_carea ocr_par ocr_line ocrx_word'/>
</head>
<body>
  <div class='ocr_page' id='page_1' title='image "./tlucreticarider02lachgoog_0018.png"; bbox 0 0 2840 5008; ppageno 0'>
   <div class='ocr_carea' id='block_1_1' title="bbox 488 432 1628 500">
    <p class='ocr_par' dir='ltr' id='par_1_1' title="bbox 488 432 1628 500">
     <span class='ocr_line' id='line_1_1' title="bbox 488 432 1628 500; baseline 0.002 -2"><span class='ocrx_word' id='word_1_1' title='bbox 488 432 571 498; x_wconf 84' lang='lat'>12</span> <span class='ocrx_word' id='word_1_2' title='bbox 1597 434 1628 500; x_wconf 93' lang='grc' dir='ltr'>Ι</span> 
     </span>
    </p>
   </div>
   <div class='ocr_carea' id='block_1_2' title="bbox 327 602 2378 4121">
    <p class='ocr_par' dir='ltr' id='par_1_2' title="bbox 332 602 2327 1149">
     <span class='ocr_line' id='line_1_2' title="bbox 332 602 1941 691; baseline 0.001 -24"><span class='ocrx_word' id='word_1_3' title='bbox 332 622 429 667; x_wconf 86' lang='lat'>275</span> <span class='ocrx_word' id='word_1_4' title='bbox 475 604 827 689; x_wconf 80' lang='lat' dir='ltr'>silvifragis</span> <span class='ocrx_word' id='word_1_5' title='bbox 858 602 1312 691; x_wconf 83' lang='lat' dir='ltr'>vexatflabris</span> <span class='ocrx_word' id='word_1_6' title='bbox 1333 631 1346 669; x_wconf 72' lang='grc' dir='ltr'><strong><em>ε</em></strong></span> <span class='ocrx_word' id='word_1_7' title='bbox 1369 606 1464 668; x_wconf 89' lang='lat' dir='ltr'>ita</span> <span class='ocrx_word' id='word_1_8' title='bbox 1493 605 1775 691; x_wconf 88' lang='lat' dir='ltr'>perfurit</span> <span class='ocrx_word' id='word_1_9' title='bbox 1803 607 1941 669; x_wconf 93' lang='lat' dir='ltr'>acri</span> 
     </span>
     <span class='ocr_line' id='line_1_3' title="bbox 476 700 2225 803; baseline -0.001 -20"><span class='ocrx_word' id='word_1_10' title='bbox 476 700 624 783; x_wconf 82' lang='lat' dir='ltr'>cuni</span> <span class='ocrx_word' id='word_1_11' title='bbox 652 719 919 783; x_wconf 81' lang='lat' dir='ltr'>fremitu</span> <span class='ocrx_word' id='word_1_12' title='bbox 950 720 1297 803; x_wconf 82' lang='lat' dir='ltr'>saevitque</span> <span class='ocrx_word' id='word_1_13' title='bbox 1324 721 1562 785; x_wconf 84' lang='lat' dir='ltr'>minaci</span> <span class='ocrx_word' id='word_1_14' title='bbox 1591 741 1922 784; x_wconf 90' lang='lat' dir='ltr'>murmure</span> <span class='ocrx_word' id='word_1_15' title='bbox 1953 728 2194 785; x_wconf 87' lang='lat' dir='ltr'>ventus</span> <span class='ocrx_word' id='word_1_16' title='bbox 2212 769 2225 782; x_wconf 92' lang='lat'><strong>.</strong></span> 
     </span>
     <span class='ocr_line' id='line_1_4' title="bbox 479 834 2061 921; baseline 0 -24"><span class='ocrx_word' id='word_1_17' title='bbox 479 841 636 898; x_wconf 87' lang='lat' dir='ltr'>sunt</span> <span class='ocrx_word' id='word_1_18' title='bbox 662 834 859 919; x_wconf 91' lang='lat' dir='ltr'>igitur</span> <span class='ocrx_word' id='word_1_19' title='bbox 886 834 1102 907; x_wconf 87' lang='lat' dir='ltr'>venti,</span> <span class='ocrx_word' id='word_1_20' title='bbox 1124 834 1190 896; x_wconf 92' lang='lat' dir='ltr'>ni</span> <span class='ocrx_word' id='word_1_21' title='bbox 1222 835 1455 897; x_wconf 90' lang='lat' dir='ltr'>mirum</span> <span class='ocrx_word' id='word_1_22' title='bbox 1474 883 1490 909; x_wconf 88' lang='lat'><strong>‚</strong></span> <span class='ocrx_word' id='word_1_23' title='bbox 1513 856 1802 921; x_wconf 87' lang='lat' dir='ltr'>corpora</span> <span class='ocrx_word' id='word_1_24' title='bbox 1833 855 2061 909; x_wconf 91' lang='lat' dir='ltr'>caeca,</span> 
     </span>
     <span class='ocr_line' id='line_1_5' title="bbox 479 947 2327 1033; baseline 0.002 -23"><span class='ocrx_word' id='word_1_25' title='bbox 479 969 649 1032; x_wconf 87' lang='lat' dir='ltr'>quae</span> <span class='ocrx_word' id='word_1_26' title='bbox 678 968 858 1011; x_wconf 90' lang='lat' dir='ltr'>mare</span> <span class='ocrx_word' id='word_1_27' title='bbox 877 997 892 1023; x_wconf 90' lang='lat'>‚</span> <span class='ocrx_word' id='word_1_28' title='bbox 917 969 1088 1033; x_wconf 87' lang='lat' dir='ltr'>quae</span> <span class='ocrx_word' id='word_1_29' title='bbox 1118 956 1334 1012; x_wconf 87' lang='lat' dir='ltr'>terras</span> <span class='ocrx_word' id='word_1_30' title='bbox 1352 997 1367 1023; x_wconf 93' lang='lat'>‚</span> <span class='ocrx_word' id='word_1_31' title='bbox 1392 970 1564 1033; x_wconf 88' lang='lat' dir='ltr'>quae</span> <span class='ocrx_word' id='word_1_32' title='bbox 1594 947 1882 1033; x_wconf 88' lang='lat' dir='ltr'>denique</span> <span class='ocrx_word' id='word_1_33' title='bbox 1910 949 2138 1012; x_wconf 92' lang='lat' dir='ltr'>nubila</span> <span class='ocrx_word' id='word_1_34' title='bbox 2165 952 2327 1014; x_wconf 90' lang='lat' dir='ltr'>caeli</span> 
     </span>
     <span class='ocr_line' id='line_1_6' title="bbox 473 1045 2096 1149; baseline 0.001 -23"><span class='ocrx_word' id='word_1_35' title='bbox 473 1069 754 1127; x_wconf 87' lang='lat' dir='ltr'>verrunt</span> <span class='ocrx_word' id='word_1_36' title='bbox 783 1084 861 1126; x_wconf 90' lang='lat' dir='ltr'>ac</span> <span class='ocrx_word' id='word_1_37' title='bbox 890 1064 1112 1126; x_wconf 90' lang='lat' dir='ltr'>subito</span> <span class='ocrx_word' id='word_1_38' title='bbox 1141 1064 1457 1129; x_wconf 77' lang='lat' dir='ltr'>vexantia</span> <span class='ocrx_word' id='word_1_39' title='bbox 1489 1064 1754 1129; x_wconf 90' lang='lat' dir='ltr'>turbine</span> <span class='ocrx_word' id='word_1_40' title='bbox 1781 1045 2096 1149; x_wconf 35' lang='lat' dir='ltr'>raptantss</span> 
     </span>
    </p>

    <p class='ocr_par' dir='ltr' id='par_1_3' title="bbox 327 1156 2204 1720">
     <span class='ocr_line' id='line_1_7' title="bbox 327 1156 2165 1263; baseline 0.002 -26"><span class='ocrx_word' id='word_1_41' title='bbox 327 1193 425 1240; x_wconf 84' lang='lat'>280</span> <span class='ocrx_word' id='word_1_42' title='bbox 466 1198 592 1240; x_wconf 89' lang='lat' dir='ltr'>nec</span> <span class='ocrx_word' id='word_1_43' title='bbox 621 1178 880 1241; x_wconf 87' lang='lat' dir='ltr'>ratione</span> <span class='ocrx_word' id='word_1_44' title='bbox 907 1176 1123 1241; x_wconf 91' lang='lat' dir='ltr'>fluunt</span> <span class='ocrx_word' id='word_1_45' title='bbox 1150 1178 1277 1241; x_wconf 87' lang='lat' dir='ltr'>alia</span> <span class='ocrx_word' id='word_1_46' title='bbox 1304 1156 1730 1263; x_wconf 82' lang='lat' dir='ltr'>stragemque</span> <span class='ocrx_word' id='word_1_47' title='bbox 1759 1189 2165 1262; x_wconf 81' lang='lat' dir='ltr'>propagant,</span> 
     </span>
     <span class='ocr_line' id='line_1_8' title="bbox 477 1292 2027 1376; baseline -0.001 -20"><span class='ocrx_word' id='word_1_48' title='bbox 477 1300 546 1356; x_wconf 88' lang='lat' dir='ltr'>et</span> <span class='ocrx_word' id='word_1_49' title='bbox 575 1314 723 1356; x_wconf 90' lang='lat' dir='ltr'>cum</span> <span class='ocrx_word' id='word_1_50' title='bbox 751 1292 967 1355; x_wconf 92' lang='lat' dir='ltr'>mollis</span> <span class='ocrx_word' id='word_1_51' title='bbox 998 1312 1210 1375; x_wconf 87' lang='lat' dir='ltr'>aquae</span> <span class='ocrx_word' id='word_1_52' title='bbox 1241 1293 1454 1356; x_wconf 85' lang='lat' dir='ltr'>fertur</span> <span class='ocrx_word' id='word_1_53' title='bbox 1481 1300 1724 1356; x_wconf 88' lang='lat' dir='ltr'>natura</span> <span class='ocrx_word' id='word_1_54' title='bbox 1752 1298 2027 1376; x_wconf 89' lang='lat' dir='ltr'>repente</span> 
     </span>
     <span class='ocr_line' id='line_1_9' title="bbox 473 1403 2204 1491; baseline 0.001 -22"><span class='ocrx_word' id='word_1_55' title='bbox 473 1406 737 1470; x_wconf 90' lang='lat' dir='ltr'>flumine</span> <span class='ocrx_word' id='word_1_56' title='bbox 766 1403 1136 1468; x_wconf 81' lang='lat' dir='ltr'>abundanti</span> <span class='ocrx_word' id='word_1_57' title='bbox 1153 1427 1391 1490; x_wconf 86' lang='lat' dir='ltr'>‚quam</span> <span class='ocrx_word' id='word_1_58' title='bbox 1420 1407 1624 1491; x_wconf 83' lang='lat' dir='ltr'>largis</span> <span class='ocrx_word' id='word_1_59' title='bbox 1653 1406 1973 1469; x_wconf 85' lang='lat' dir='ltr'>imbribus</span> <span class='ocrx_word' id='word_1_60' title='bbox 2004 1414 2204 1490; x_wconf 89' lang='lat' dir='ltr'>auget</span> 
     </span>
     <span class='ocr_line' id='line_1_10' title="bbox 473 1519 2024 1605; baseline 0 -22"><span class='ocrx_word' id='word_1_61' title='bbox 473 1521 812 1584; x_wconf 90' lang='lat' dir='ltr'>montibus</span> <span class='ocrx_word' id='word_1_62' title='bbox 843 1540 927 1581; x_wconf 84' lang='lat' dir='ltr'>ex</span> <span class='ocrx_word' id='word_1_63' title='bbox 955 1519 1105 1582; x_wconf 88' lang='lat' dir='ltr'>altis</span> <span class='ocrx_word' id='word_1_64' title='bbox 1133 1541 1411 1605; x_wconf 86' lang='lat' dir='ltr'>magnus</span> <span class='ocrx_word' id='word_1_65' title='bbox 1444 1520 1768 1584; x_wconf 90' lang='lat' dir='ltr'>decursus</span> <span class='ocrx_word' id='word_1_66' title='bbox 1796 1520 2024 1604; x_wconf 88' lang='lat' dir='ltr'>aquai,</span> 
     </span>
     <span class='ocr_line' id='line_1_11' title="bbox 474 1634 2153 1720; baseline 0.001 -22"><span class='ocrx_word' id='word_1_67' title='bbox 474 1635 802 1720; x_wconf 89' lang='lat' dir='ltr'>fragmina</span> <span class='ocrx_word' id='word_1_68' title='bbox 831 1634 1165 1705; x_wconf 89' lang='lat' dir='ltr'>coniciens</span> <span class='ocrx_word' id='word_1_69' title='bbox 1196 1635 1507 1698; x_wconf 86' lang='lat' dir='ltr'>silvarum</span> <span class='ocrx_word' id='word_1_70' title='bbox 1537 1636 1947 1718; x_wconf 83' lang='lat' dir='ltr'>arbustaque</span> <span class='ocrx_word' id='word_1_71' title='bbox 1975 1642 2122 1699; x_wconf 89' lang='lat' dir='ltr'>tota</span> <span class='ocrx_word' id='word_1_72' title='bbox 2139 1684 2153 1710; x_wconf 92' lang='lat'><strong>‚</strong></span> 
     </span>
    </p>

    <p class='ocr_par' dir='ltr' id='par_1_4' title="bbox 329 1748 2369 2293">
     <span class='ocr_line' id='line_1_12' title="bbox 329 1748 1995 1836; baseline 0.001 -25"><span class='ocrx_word' id='word_1_73' title='bbox 329 1767 426 1812; x_wconf 85' lang='lat'>285</span> <span class='ocrx_word' id='word_1_74' title='bbox 471 1770 595 1813; x_wconf 89' lang='lat' dir='ltr'>nec</span> <span class='ocrx_word' id='word_1_75' title='bbox 625 1748 826 1814; x_wconf 89' lang='lat' dir='ltr'>validi</span> <span class='ocrx_word' id='word_1_76' title='bbox 855 1758 1140 1836; x_wconf 89' lang='lat' dir='ltr'>possunt</span> <span class='ocrx_word' id='word_1_77' title='bbox 1167 1756 1411 1833; x_wconf 90' lang='lat' dir='ltr'>pontes</span> <span class='ocrx_word' id='word_1_78' title='bbox 1442 1749 1769 1814; x_wconf 89' lang='lat' dir='ltr'>venientis</span> <span class='ocrx_word' id='word_1_79' title='bbox 1800 1750 1995 1833; x_wconf 89' lang='lat' dir='ltr'>aquai</span> 
     </span>
     <span class='ocr_line' id='line_1_13' title="bbox 471 1863 2201 1949; baseline -0.001 -22"><span class='ocrx_word' id='word_1_80' title='bbox 471 1864 917 1937; x_wconf 74' lang='lat' dir='ltr'>vinPsubitam</span> <span class='ocrx_word' id='word_1_81' title='bbox 944 1865 1263 1928; x_wconf 84' lang='lat' dir='ltr'>tolerare:</span> <span class='ocrx_word' id='word_1_82' title='bbox 1284 1865 1379 1928; x_wconf 88' lang='lat' dir='ltr'>ita</span> <span class='ocrx_word' id='word_1_83' title='bbox 1407 1885 1646 1949; x_wconf 87' lang='lat' dir='ltr'>magno</span> <span class='ocrx_word' id='word_1_84' title='bbox 1677 1863 1983 1928; x_wconf 90' lang='lat' dir='ltr'>turbidus</span> <span class='ocrx_word' id='word_1_85' title='bbox 2010 1863 2201 1926; x_wconf 85' lang='lat' dir='ltr'>imbri</span> 
     </span>
     <span class='ocr_line' id='line_1_14' title="bbox 473 1977 2146 2053; baseline -0.001 -11"><span class='ocrx_word' id='word_1_86' title='bbox 473 1978 756 2042; x_wconf 89' lang='lat' dir='ltr'>molibus</span> <span class='ocrx_word' id='word_1_87' title='bbox 784 1978 1093 2053; x_wconf 89' lang='lat' dir='ltr'>incurrit,</span> <span class='ocrx_word' id='word_1_88' title='bbox 1116 1978 1356 2041; x_wconf 87' lang='lat' dir='ltr'>validis</span> <span class='ocrx_word' id='word_1_89' title='bbox 1387 2001 1535 2042; x_wconf 88' lang='lat' dir='ltr'>cum</span> <span class='ocrx_word' id='word_1_90' title='bbox 1564 1979 1814 2042; x_wconf 90' lang='lat' dir='ltr'>viribus</span> <span class='ocrx_word' id='word_1_91' title='bbox 1833 2027 1848 2052; x_wconf 87' lang='lat'><strong>‚</strong></span> <span class='ocrx_word' id='word_1_92' title='bbox 1872 1977 2109 2049; x_wconf 46' lang='lat' dir='ltr'>amnia</span> <span class='ocrx_word' id='word_1_93' title='bbox 2143 2036 2146 2041; x_wconf 85' lang='lat'><em>.</em></span> 
     </span>
     <span class='ocr_line' id='line_1_15' title="bbox 475 2091 2214 2178; baseline -0.001 -22"><span class='ocrx_word' id='word_1_94' title='bbox 475 2093 591 2157; x_wconf 88' lang='lat' dir='ltr'>dat</span> <span class='ocrx_word' id='word_1_95' title='bbox 619 2093 853 2159; x_wconf 60' lang='lat' dir='ltr'>sonitu,</span> <span class='ocrx_word' id='word_1_96' title='bbox 872 2113 1110 2178; x_wconf 89' lang='lat' dir='ltr'>magno</span> <span class='ocrx_word' id='word_1_97' title='bbox 1142 2100 1431 2178; x_wconf 86' lang='lat' dir='ltr'>stragem</span> <span class='ocrx_word' id='word_1_98' title='bbox 1451 2143 1465 2170; x_wconf 88' lang='lat'>‚</span> <span class='ocrx_word' id='word_1_99' title='bbox 1488 2094 1831 2177; x_wconf 87' lang='lat' dir='ltr'>volvitque</span> <span class='ocrx_word' id='word_1_100' title='bbox 1861 2093 1985 2156; x_wconf 92' lang='lat' dir='ltr'>sub</span> <span class='ocrx_word' id='word_1_101' title='bbox 2016 2091 2214 2155; x_wconf 92' lang='lat' dir='ltr'>undis</span> 
     </span>
     <span class='ocr_line' id='line_1_16' title="bbox 472 2205 2369 2293; baseline -0.001 -23"><span class='ocrx_word' id='word_1_102' title='bbox 472 2206 752 2293; x_wconf 85' lang='lat' dir='ltr'>grandia</span> <span class='ocrx_word' id='word_1_103' title='bbox 781 2228 977 2281; x_wconf 84' lang='lat' dir='ltr'>saxa,</span> <span class='ocrx_word' id='word_1_104' title='bbox 998 2207 1264 2292; x_wconf 87' lang='lat' dir='ltr'>ruitque</span> <span class='ocrx_word' id='word_1_105' title='bbox 1293 2208 1385 2271; x_wconf 92' lang='lat' dir='ltr'>ita</span> <span class='ocrx_word' id='word_1_106' title='bbox 1417 2206 1746 2291; x_wconf 90' lang='lat' dir='ltr'>quidquid</span> <span class='ocrx_word' id='word_1_107' title='bbox 1774 2205 2085 2280; x_wconf 84' lang='lat' dir='ltr'>fluctibus</span> <span class='ocrx_word' id='word_1_108' title='bbox 2117 2207 2369 2269; x_wconf 81' lang='lat' dir='ltr'>obstat.</span> 
     </span>
    </p>

    <p class='ocr_par' dir='ltr' id='par_1_5' title="bbox 329 2320 2269 2867">
     <span class='ocr_line' id='line_1_17' title="bbox 329 2320 2093 2409; baseline 0.001 -26"><span class='ocrx_word' id='word_1_109' title='bbox 329 2339 426 2385; x_wconf 83' lang='lat'>290</span> <span class='ocrx_word' id='word_1_110' title='bbox 471 2322 566 2385; x_wconf 91' lang='lat' dir='ltr'>sic</span> <span class='ocrx_word' id='word_1_111' title='bbox 594 2320 795 2409; x_wconf 88' lang='lat' dir='ltr'>igitur</span> <span class='ocrx_word' id='word_1_112' title='bbox 825 2320 1074 2384; x_wconf 88' lang='lat' dir='ltr'>debent</span> <span class='ocrx_word' id='word_1_113' title='bbox 1104 2322 1283 2384; x_wconf 89' lang='lat' dir='ltr'>venti</span> <span class='ocrx_word' id='word_1_114' title='bbox 1314 2343 1585 2405; x_wconf 89' lang='lat' dir='ltr'>quoque</span> <span class='ocrx_word' id='word_1_115' title='bbox 1615 2321 1877 2384; x_wconf 87' lang='lat' dir='ltr'>flamina</span> <span class='ocrx_word' id='word_1_116' title='bbox 1903 2320 2093 2393; x_wconf 82' lang='lat' dir='ltr'>ferri,</span> 
     </span>
     <span class='ocr_line' id='line_1_18' title="bbox 473 2434 2124 2522; baseline -0.001 -23"><span class='ocrx_word' id='word_1_117' title='bbox 473 2457 645 2522; x_wconf 90' lang='lat' dir='ltr'>quae</span> <span class='ocrx_word' id='word_1_118' title='bbox 673 2435 780 2499; x_wconf 87' lang='lat' dir='ltr'>vel</span> <span class='ocrx_word' id='word_1_119' title='bbox 807 2435 905 2499; x_wconf 88' lang='lat' dir='ltr'>uti</span> <span class='ocrx_word' id='word_1_120' title='bbox 935 2434 1223 2500; x_wconf 87' lang='lat' dir='ltr'>validum</span> <span class='ocrx_word' id='word_1_121' title='bbox 1254 2458 1401 2499; x_wconf 93' lang='lat' dir='ltr'>cum</span> <span class='ocrx_word' id='word_1_122' title='bbox 1432 2435 1674 2499; x_wconf 90' lang='lat' dir='ltr'>flumen</span> <span class='ocrx_word' id='word_1_123' title='bbox 1702 2436 2124 2521; x_wconf 78' lang='lat' dir='ltr'>procubuere</span> 
     </span>
     <span class='ocr_line' id='line_1_19' title="bbox 474 2550 2269 2638; baseline -0.002 -24"><span class='ocrx_word' id='word_1_124' title='bbox 474 2573 673 2636; x_wconf 91' lang='lat' dir='ltr'>quam</span> <span class='ocrx_word' id='word_1_125' title='bbox 699 2551 862 2615; x_wconf 88' lang='lat' dir='ltr'>libet</span> <span class='ocrx_word' id='word_1_126' title='bbox 888 2552 956 2614; x_wconf 90' lang='lat' dir='ltr'>in</span> <span class='ocrx_word' id='word_1_127' title='bbox 986 2558 1242 2638; x_wconf 90' lang='lat' dir='ltr'>partem</span> <span class='ocrx_word' id='word_1_128' title='bbox 1260 2601 1276 2627; x_wconf 87' lang='lat'>‚</span> <span class='ocrx_word' id='word_1_129' title='bbox 1296 2550 1582 2615; x_wconf 90' lang='lat' dir='ltr'>trudunt</span> <span class='ocrx_word' id='word_1_130' title='bbox 1609 2573 1719 2615; x_wconf 89' lang='lat' dir='ltr'>res</span> <span class='ocrx_word' id='word_1_131' title='bbox 1749 2559 1903 2614; x_wconf 89' lang='lat' dir='ltr'>ante</span> <span class='ocrx_word' id='word_1_132' title='bbox 1931 2558 2269 2634; x_wconf 89' lang='lat' dir='ltr'>ruuntque</span> 
     </span>
     <span class='ocr_line' id='line_1_20' title="bbox 472 2666 2022 2752; baseline 0 -24"><span class='ocrx_word' id='word_1_133' title='bbox 472 2667 828 2752; x_wconf 89' lang='lat' dir='ltr'>impetibus</span> <span class='ocrx_word' id='word_1_134' title='bbox 859 2668 1112 2730; x_wconf 82' lang='lat' dir='ltr'>crebris</span> <span class='ocrx_word' id='word_1_135' title='bbox 1131 2715 1146 2742; x_wconf 91' lang='lat'>,</span> <span class='ocrx_word' id='word_1_136' title='bbox 1166 2667 1341 2730; x_wconf 83' lang='lat' dir='ltr'>inter</span> <span class='ocrx_word' id='word_1_137' title='bbox 1373 2666 1530 2729; x_wconf 91' lang='lat' dir='ltr'>dum</span> <span class='ocrx_word' id='word_1_138' title='bbox 1561 2666 1813 2730; x_wconf 87' lang='lat' dir='ltr'>vertice</span> <span class='ocrx_word' id='word_1_139' title='bbox 1840 2674 2022 2729; x_wconf 90' lang='lat' dir='ltr'>torto</span> 
     </span>
     <span class='ocr_line' id='line_1_21' title="bbox 473 2780 2225 2867; baseline 0.001 -24"><span class='ocrx_word' id='word_1_140' title='bbox 473 2781 842 2866; x_wconf 92' lang='lat' dir='ltr'>corripiunt</span> <span class='ocrx_word' id='word_1_141' title='bbox 868 2780 1238 2867; x_wconf 87' lang='lat' dir='ltr'>rapideque</span> <span class='ocrx_word' id='word_1_142' title='bbox 1266 2782 1518 2846; x_wconf 87' lang='lat' dir='ltr'>rotanti</span> <span class='ocrx_word' id='word_1_143' title='bbox 1547 2780 1811 2844; x_wconf 89' lang='lat' dir='ltr'>turbine</span> <span class='ocrx_word' id='word_1_144' title='bbox 1839 2786 2143 2865; x_wconf 90' lang='lat' dir='ltr'>portant.</span> <span class='ocrx_word' id='word_1_145' title='bbox 2217 2837 2225 2844; x_wconf 91' lang='lat'><em>.</em></span> 
     </span>
    </p>

    <p class='ocr_par' dir='ltr' id='par_1_6' title="bbox 330 2870 2337 3425">
     <span class='ocr_line' id='line_1_22' title="bbox 330 2870 2337 2980; baseline -0.001 -25"><span class='ocrx_word' id='word_1_146' title='bbox 330 2911 426 2956; x_wconf 84' lang='lat'>295</span> <span class='ocrx_word' id='word_1_147' title='bbox 473 2916 681 2980; x_wconf 87' lang='lat' dir='ltr'>quare</span> <span class='ocrx_word' id='word_1_148' title='bbox 713 2896 905 2962; x_wconf 86' lang='lat' dir='ltr'>etiam</span> <span class='ocrx_word' id='word_1_149' title='bbox 937 2904 1139 2978; x_wconf 87' lang='lat' dir='ltr'>atque</span> <span class='ocrx_word' id='word_1_150' title='bbox 1171 2896 1364 2958; x_wconf 88' lang='lat' dir='ltr'>etiam</span> <span class='ocrx_word' id='word_1_151' title='bbox 1395 2901 1553 2958; x_wconf 91' lang='lat' dir='ltr'>sunt</span> <span class='ocrx_word' id='word_1_152' title='bbox 1582 2894 1764 2956; x_wconf 86' lang='lat' dir='ltr'>venti</span> <span class='ocrx_word' id='word_1_153' title='bbox 1793 2870 2080 2975; x_wconf 84' lang='lat' dir='ltr'>corpora</span> <span class='ocrx_word' id='word_1_154' title='bbox 2109 2892 2337 2962; x_wconf 79' lang='lat' dir='ltr'>caeca,</span> 
     </span>
     <span class='ocr_line' id='line_1_23' title="bbox 474 3003 2232 3095; baseline -0.005 -22"><span class='ocrx_word' id='word_1_155' title='bbox 474 3008 1018 3095; x_wconf 88' lang='lat' dir='ltr'>quandoquidem</span> <span class='ocrx_word' id='word_1_156' title='bbox 1048 3007 1244 3071; x_wconf 87' lang='lat' dir='ltr'>factis</span> <span class='ocrx_word' id='word_1_157' title='bbox 1274 3016 1342 3069; x_wconf 90' lang='lat' dir='ltr'>et</span> <span class='ocrx_word' id='word_1_158' title='bbox 1368 3006 1666 3069; x_wconf 90' lang='lat' dir='ltr'>moribus</span> <span class='ocrx_word' id='word_1_159' title='bbox 1697 3005 1952 3066; x_wconf 89' lang='lat' dir='ltr'>aemula</span> <span class='ocrx_word' id='word_1_160' title='bbox 1979 3003 2232 3085; x_wconf 87' lang='lat' dir='ltr'>magnis</span> 
     </span>
     <span class='ocr_line' id='line_1_24' title="bbox 473 3115 2192 3204; baseline -0.007 -18"><span class='ocrx_word' id='word_1_161' title='bbox 473 3124 775 3187; x_wconf 87' lang='lat' dir='ltr'>amnibus</span> <span class='ocrx_word' id='word_1_162' title='bbox 804 3122 1256 3192; x_wconf 87' lang='lat' dir='ltr'>inveniuntur,</span> <span class='ocrx_word' id='word_1_163' title='bbox 1282 3126 1518 3204; x_wconf 84' lang='lat' dir='ltr'>aperto</span> <span class='ocrx_word' id='word_1_164' title='bbox 1551 3136 1834 3202; x_wconf 89' lang='lat' dir='ltr'>corpore</span> <span class='ocrx_word' id='word_1_165' title='bbox 1866 3115 1979 3197; x_wconf 92' lang='lat' dir='ltr'>qui</span> <span class='ocrx_word' id='word_1_166' title='bbox 2008 3119 2192 3176; x_wconf 91' lang='lat' dir='ltr'>sunt.</span> 
     </span>
     <span class='ocr_line' id='line_1_25' title="bbox 473 3227 2010 3323; baseline -0.008 -22"><span class='ocrx_word' id='word_1_167' title='bbox 473 3245 612 3301; x_wconf 92' lang='lat' dir='ltr'>tum</span> <span class='ocrx_word' id='word_1_168' title='bbox 642 3257 846 3323; x_wconf 90' lang='lat' dir='ltr'>porro</span> <span class='ocrx_word' id='word_1_169' title='bbox 874 3235 1101 3298; x_wconf 88' lang='lat' dir='ltr'>varios</span> <span class='ocrx_word' id='word_1_170' title='bbox 1127 3254 1347 3296; x_wconf 90' lang='lat' dir='ltr'>rerum</span> <span class='ocrx_word' id='word_1_171' title='bbox 1376 3231 1696 3295; x_wconf 84' lang='lat' dir='ltr'>sentimus</span> <span class='ocrx_word' id='word_1_172' title='bbox 1728 3227 1976 3292; x_wconf 87' lang='lat' dir='ltr'>odores</span> <span class='ocrx_word' id='word_1_173' title='bbox 1994 3276 2010 3303; x_wconf 89' lang='lat'>‚</span> 
     </span>
     <span class='ocr_line' id='line_1_26' title="bbox 470 3343 2265 3425; baseline -0.006 -11"><span class='ocrx_word' id='word_1_174' title='bbox 470 3372 598 3413; x_wconf 89' lang='lat' dir='ltr'>nec</span> <span class='ocrx_word' id='word_1_175' title='bbox 627 3357 849 3414; x_wconf 90' lang='lat' dir='ltr'>tamen</span> <span class='ocrx_word' id='word_1_176' title='bbox 880 3348 968 3412; x_wconf 88' lang='lat' dir='ltr'>ad</span> <span class='ocrx_word' id='word_1_177' title='bbox 996 3348 1179 3412; x_wconf 89' lang='lat' dir='ltr'>naris</span> <span class='ocrx_word' id='word_1_178' title='bbox 1208 3345 1536 3409; x_wconf 88' lang='lat' dir='ltr'>venientis</span> <span class='ocrx_word' id='word_1_179' title='bbox 1567 3343 1894 3407; x_wconf 80' lang='lat' dir='ltr'>cernimus</span> <span class='ocrx_word' id='word_1_180' title='bbox 1924 3361 2233 3425; x_wconf 87' lang='lat' dir='ltr'>umquam</span> <span class='ocrx_word' id='word_1_181' title='bbox 2252 3390 2265 3415; x_wconf 94' lang='lat'>‚</span> 
     </span>
    </p>

    <p class='ocr_par' dir='ltr' id='par_1_7' title="bbox 327 3441 2378 4005">
     <span class='ocr_line' id='line_1_27' title="bbox 327 3441 2167 3543; baseline -0.005 -15"><span class='ocrx_word' id='word_1_182' title='bbox 327 3482 424 3528; x_wconf 87' lang='lat'>300</span> <span class='ocrx_word' id='word_1_183' title='bbox 468 3484 595 3527; x_wconf 89' lang='lat' dir='ltr'>nec</span> <span class='ocrx_word' id='word_1_184' title='bbox 626 3441 881 3526; x_wconf 85' lang='lat' dir='ltr'>calidos</span> <span class='ocrx_word' id='word_1_185' title='bbox 912 3469 1141 3525; x_wconf 89' lang='lat' dir='ltr'>aestus</span> <span class='ocrx_word' id='word_1_186' title='bbox 1170 3460 1414 3524; x_wconf 88' lang='lat' dir='ltr'>tuimur</span> <span class='ocrx_word' id='word_1_187' title='bbox 1434 3509 1449 3535; x_wconf 89' lang='lat'>‚</span> <span class='ocrx_word' id='word_1_188' title='bbox 1472 3480 1596 3523; x_wconf 90' lang='lat' dir='ltr'>nec</span> <span class='ocrx_word' id='word_1_189' title='bbox 1624 3455 1877 3543; x_wconf 86' lang='lat' dir='ltr'>frigora</span> <span class='ocrx_word' id='word_1_190' title='bbox 1907 3450 2167 3543; x_wconf 88' lang='lat' dir='ltr'>quimus</span> 
     </span>
     <span class='ocr_line' id='line_1_28' title="bbox 469 3576 2096 3663; baseline -0.006 -19"><span class='ocrx_word' id='word_1_191' title='bbox 469 3599 796 3663; x_wconf 87' lang='lat' dir='ltr'>usurpare</span> <span class='ocrx_word' id='word_1_192' title='bbox 826 3576 1035 3640; x_wconf 92' lang='lat' dir='ltr'>oculis</span> <span class='ocrx_word' id='word_1_193' title='bbox 1059 3625 1074 3651; x_wconf 93' lang='lat'>‚</span> <span class='ocrx_word' id='word_1_194' title='bbox 1097 3597 1221 3638; x_wconf 89' lang='lat' dir='ltr'>nec</span> <span class='ocrx_word' id='word_1_195' title='bbox 1249 3596 1454 3638; x_wconf 83' lang='lat' dir='ltr'>voces</span> <span class='ocrx_word' id='word_1_196' title='bbox 1486 3594 1760 3637; x_wconf 87' lang='lat' dir='ltr'>cernere</span> <span class='ocrx_word' id='word_1_197' title='bbox 1791 3594 2096 3647; x_wconf 81' lang='lat' dir='ltr'>suemus3</span> 
     </span>
     <span class='ocr_line' id='line_1_29' title="bbox 470 3692 2218 3777; baseline -0.005 -21"><span class='ocrx_word' id='word_1_198' title='bbox 470 3714 646 3777; x_wconf 87' lang='lat' dir='ltr'>quae</span> <span class='ocrx_word' id='word_1_199' title='bbox 674 3701 893 3756; x_wconf 83' lang='lat' dir='ltr'>tamen</span> <span class='ocrx_word' id='word_1_200' title='bbox 925 3692 1143 3755; x_wconf 90' lang='lat' dir='ltr'>omnia</span> <span class='ocrx_word' id='word_1_201' title='bbox 1174 3711 1505 3775; x_wconf 89' lang='lat' dir='ltr'>corporea</span> <span class='ocrx_word' id='word_1_202' title='bbox 1533 3695 1845 3752; x_wconf 86' lang='lat' dir='ltr'>constare</span> <span class='ocrx_word' id='word_1_203' title='bbox 1872 3693 2218 3751; x_wconf 84' lang='lat' dir='ltr'>necessest</span> 
     </span>
     <span class='ocr_line' id='line_1_30' title="bbox 471 3805 2037 3891; baseline -0.004 -20"><span class='ocrx_word' id='word_1_204' title='bbox 471 3814 743 3880; x_wconf 86' lang='lat' dir='ltr'>natura,</span> <span class='ocrx_word' id='word_1_205' title='bbox 768 3807 1079 3891; x_wconf 91' lang='lat' dir='ltr'>quoniam</span> <span class='ocrx_word' id='word_1_206' title='bbox 1109 3827 1346 3869; x_wconf 86' lang='lat' dir='ltr'>sensus</span> <span class='ocrx_word' id='word_1_207' title='bbox 1374 3805 1692 3889; x_wconf 88' lang='lat' dir='ltr'>inpellere</span> <span class='ocrx_word' id='word_1_208' title='bbox 1722 3809 2037 3891; x_wconf 84' lang='lat' dir='ltr'>possunt:</span> 
     </span>
     <span class='ocr_line' id='line_1_31' title="bbox 471 3918 2378 4005; baseline -0.007 -20"><span class='ocrx_word' id='word_1_209' title='bbox 471 3929 746 4005; x_wconf 87' lang='lat' dir='ltr'>tangere</span> <span class='ocrx_word' id='word_1_210' title='bbox 778 3921 946 3983; x_wconf 86' lang='lat' dir='ltr'>enim</span> <span class='ocrx_word' id='word_1_211' title='bbox 977 3933 1045 3984; x_wconf 90' lang='lat' dir='ltr'>et</span> <span class='ocrx_word' id='word_1_212' title='bbox 1073 3921 1256 4004; x_wconf 90' lang='lat' dir='ltr'>tangi</span> <span class='ocrx_word' id='word_1_213' title='bbox 1277 3969 1292 3996; x_wconf 86' lang='lat'>‚</span> <span class='ocrx_word' id='word_1_214' title='bbox 1314 3920 1442 3984; x_wconf 90' lang='lat' dir='ltr'>nisi</span> <span class='ocrx_word' id='word_1_215' title='bbox 1472 3941 1719 4003; x_wconf 90' lang='lat' dir='ltr'>corpus</span> <span class='ocrx_word' id='word_1_216' title='bbox 1739 3968 1753 3994; x_wconf 85' lang='lat'>‚</span> <span class='ocrx_word' id='word_1_217' title='bbox 1777 3918 1959 3982; x_wconf 89' lang='lat' dir='ltr'>nulla</span> <span class='ocrx_word' id='word_1_218' title='bbox 1987 3920 2212 4000; x_wconf 89' lang='lat' dir='ltr'>potest</span> <span class='ocrx_word' id='word_1_219' title='bbox 2240 3933 2378 3974; x_wconf 79' lang='lat' dir='ltr'>res,</span> 
     </span>
    </p>

    <p class='ocr_par' dir='ltr' id='par_1_8' title="bbox 333 4033 2144 4121">
     <span class='ocr_line' id='line_1_32' title="bbox 333 4033 2144 4121; baseline -0.005 -22"><span class='ocrx_word' id='word_1_220' title='bbox 333 4055 429 4100; x_wconf 83' lang='lat'>305</span> <span class='ocrx_word' id='word_1_221' title='bbox 475 4035 764 4120; x_wconf 86' lang='lat' dir='ltr'>denique</span> <span class='ocrx_word' id='word_1_222' title='bbox 792 4033 1167 4120; x_wconf 85' lang='lat' dir='ltr'>fluctifrago</span> <span class='ocrx_word' id='word_1_223' title='bbox 1200 4055 1566 4121; x_wconf 88' lang='lat' dir='ltr'>suspensae</span> <span class='ocrx_word' id='word_1_224' title='bbox 1594 4034 1662 4097; x_wconf 92' lang='lat' dir='ltr'>in</span> <span class='ocrx_word' id='word_1_225' title='bbox 1690 4033 1885 4095; x_wconf 89' lang='lat' dir='ltr'>litore</span> <span class='ocrx_word' id='word_1_226' title='bbox 1917 4035 2144 4094; x_wconf 88' lang='lat' dir='ltr'>vestes</span> 
     </span>
    </p>
   </div>
   <div class='ocr_carea' id='block_1_3' title="bbox 478 4295 2732 4466">
    <p class='ocr_par' dir='ltr' id='par_1_9' title="bbox 478 4295 2732 4466">
     <span class='ocr_line' id='line_1_33' title="bbox 478 4295 2732 4386; baseline -0.007 -19"><span class='ocrx_word' id='word_1_227' title='bbox 478 4322 576 4368; x_wconf 83' lang='lat'>276</span> <span class='ocrx_word' id='word_1_228' title='bbox 612 4322 833 4386; x_wconf 78' lang='lat' dir='ltr'>pontus,</span> <span class='ocrx_word' id='word_1_229' title='bbox 870 4315 890 4382; x_wconf 89' lang='grc' dir='ltr'>ΙΙ</span> <span class='ocrx_word' id='word_1_230' title='bbox 928 4322 1024 4367; x_wconf 84' lang='grc'>282</span> <span class='ocrx_word' id='word_1_231' title='bbox 1064 4330 1216 4384; x_wconf 80' lang='lat' dir='ltr'>quenl</span> <span class='ocrx_word' id='word_1_232' title='bbox 1254 4313 1274 4380; x_wconf 88' lang='grc' dir='ltr'>ΙΙ</span> <span class='ocrx_word' id='word_1_233' title='bbox 1313 4318 1408 4363; x_wconf 86' lang='grc'>286</span> <span class='ocrx_word' id='word_1_234' title='bbox 1447 4311 1687 4364; x_wconf 86' lang='lat' dir='ltr'>turbibus</span> <span class='ocrx_word' id='word_1_235' title='bbox 1724 4309 1744 4376; x_wconf 67' lang='lat'>1}</span> <span class='ocrx_word' id='word_1_236' title='bbox 1779 4313 1877 4358; x_wconf 83' lang='lat'>289</span> <span class='ocrx_word' id='word_1_237' title='bbox 1915 4307 2021 4359; x_wconf 86' lang='lat' dir='ltr'>ruit</span> <span class='ocrx_word' id='word_1_238' title='bbox 2045 4323 2147 4374; x_wconf 87' lang='lat' dir='ltr'>qua</span> <span class='ocrx_word' id='word_1_239' title='bbox 2171 4301 2424 4374; x_wconf 84' lang='lat' dir='ltr'>quidquid</span> <span class='ocrx_word' id='word_1_240' title='bbox 2461 4302 2481 4368; x_wconf 88' lang='grc'>11</span> <span class='ocrx_word' id='word_1_241' title='bbox 2521 4295 2620 4355; x_wconf 84' lang='lat'>29&#39;4</span> <span class='ocrx_word' id='word_1_242' title='bbox 2648 4319 2732 4355; x_wconf 83' lang='lat' dir='ltr'>ra-</span> 
     </span>
     <span class='ocr_line' id='line_1_34' title="bbox 479 4396 695 4466; baseline 0.005 -18"><span class='ocrx_word' id='word_1_243' title='bbox 479 4396 695 4466; x_wconf 87' lang='lat' dir='ltr'>pidique</span> 
     </span>
    </p>
   </div>
  </div>
 </body>
</html>
