2840 5008
2735 128 2748 289 l

1441 326 1445 333 .
2747 294 2750 325 Ι

507 395 546 459 2
564 392 646 458 16
1571 389 1667 457 IV
1761 384 1768 393 ⁴

503 556 681 629 nium
716 586 777 648 p.
808 564 941 642 199,
965 564 1046 627 33
1094 566 1261 643 Quae
1306 566 1487 648 quasi
1512 564 1864 627 membrana
1895 613 1908 626 .
1952 572 2135 627 recte
2166 563 2505 626 Antonius
2531 562 2696 626 Marii
2751 518 2760 671 ll

510 672 579 726 et
609 662 979 725 Brixiensis
1023 660 1232 724 editio
1278 660 1508 738 Quas
1552 663 1731 747 quasi
1770 662 2157 725 membranae
2189 711 2201 723 .
2251 660 2386 724 sed
2414 659 2699 723 Marullus
2757 678 2760 719 ;

505 761 617 824 hic
648 758 887 823 eximia
916 758 1117 822 laude
1149 757 1393 843 dignus
1426 765 1530 822 est
1547 806 1563 833 ‚
1589 760 1704 843 qui
1728 759 2029 822 acumine
2052 779 2188 821 non
2210 758 2488 843 vulgari
2507 779 2701 820 verum
2761 812 2764 839 ,

510 857 814 921 ordinem
844 878 1157 920 versuum
1190 855 1632 931 intellexerit;
1656 856 1845 939 quod
1874 857 1934 919 ei
1960 857 2031 919 in
2058 855 2190 919 hac
2218 877 2490 919 summa
2516 877 2701 918 rerum

505 955 1019 1039 perturbatione
1039 1002 1053 1027 ‚
1078 975 1226 1017 cum
1256 954 1339 1016 29
1370 962 1439 1015 et
1469 954 1550 1016 30
1577 952 1782 1016 iidem
1812 962 2041 1017 essent
2069 961 2275 1036 atque
2309 953 2399 1016 49
2431 960 2501 1016 et
2526 952 2700 1025 50‚31
2765 946 2770 1043 ἰ

509 1062 731 1116 autem
763 1060 830 1115 et
859 1052 939 1115 32
969 1053 1322 1114 maximam
1350 1050 1684 1116 haberent
1720 1051 1789 1114 in
1820 1051 2152 1114 sententia
2182 1072 2342 1113 cum
2375 1051 2452 1114 51
2491 1058 2555 1113 et
2579 1071 2704 1133 pro·
2765 1056 2768 1097 ¹

509 1150 704 1212 ximis
735 1149 1231 1213 similitudinem
1261 1196 1275 1222 ‚
1311 1170 1530 1233 neque
1559 1150 1641 1212 44
1670 1170 1794 1212 suo
1822 1149 1976 1212 loco
2006 1149 2356 1234 legeretur
2387 1196 2404 1223 ‚
2438 1157 2572 1211 tam
2595 1145 2707 1208 feli-

511 1246 679 1310 citer
710 1246 955 1311 cedere
977 1294 992 1319 ‚
1023 1247 1151 1310 nisi
1182 1247 1472 1310 animum
1502 1246 1702 1310 valde
1734 1246 2138 1310 attendisset
2159 1295 2174 1321 ,
2207 1268 2352 1309 non
2386 1246 2634 1330 potuit.

676 1344 775 1408 53.
822 1345 1073 1408 Cmus
1120 1366 1438 1419 cumque
1486 1367 1725 1407 Cium:
1751 1393 1765 1408 .
1807 1344 2177 1408 Brixiensis
2211 1343 2434 1432 editio
2467 1364 2710 1413 onum,

510 1441 927 1525 Veronensis
970 1444 1125 1506 eluet
1152 1489 1167 1505 .
1209 1442 1451 1505 harum
1481 1451 1786 1506 neutram
1817 1442 1926 1506 hic
1956 1463 1997 1505 a
2025 1441 2322 1505 Marullo
2371 1442 2710 1525 inspectam

512 1561 661 1603 esse
692 1548 886 1623 patet
906 1587 921 1615 ‚
955 1540 1068 1623 qui
1098 1539 1259 1602 fecit
1287 1551 1469 1625 queat
1488 1565 1509 1601 .·
1528 1541 1863 1603 Antonius
1881 1539 2317 1603 Florentinus
2348 1541 2442 1603 tui
2470 1550 2528 1602 et
2547 1586 2561 1600 .
2591 1538 2716 1600 cluet

511 1638 817 1701 omnibus
847 1637 1088 1700 litteris
1110 1637 1310 1720 plane
1341 1645 1691 1701 exaratum
1712 1638 2019 1701 homines
2044 1637 2484 1701 doctissimos
2507 1655 2711 1720 parum
2773 1704 2774 1707 Ἴ

512 1734 808 1797 advertit
837 1736 904 1798 in
937 1736 1415 1820 epigrammate
1446 1735 1843 1799 Ardeatium
1874 1785 1889 1810 ‚
1921 1734 2107 1819 quod
2136 1734 2358 1798 refert
2386 1733 2640 1797 Plinius
2662 1730 2714 1791 in

509 1831 837 1894 naturalis
866 1832 1190 1907 historiae
1222 1855 1425 1906 xxxV,
1456 1834 1546 1908 10,
1577 1832 1656 1896 37
1689 1882 1704 1906 ‚
1745 1835 2036 1918 scriptum
2063 1835 2339 1918 antiquis
2369 1833 2579 1897 litteris
2605 1829 2710 1892 La-

510 1930 651 1991 tinis
678 1928 958 2012 (scilicet
985 1938 1181 1993 sexto
1214 1952 1255 1993 a
1285 1929 1561 1994 condita
1589 1934 1758 1995 urbe
1788 1931 2006 1994 Roma
2034 1931 2339 2015 saeculo)
2370 1978 2388 2003 ‚
2431 1931 2531 1993 ita
2555 1976 2570 2002 ,
2611 1926 2714 1988 nisi

513 2025 710 2090 fallor
740 2075 756 2105 ,
802 2028 1230 2092 scribendum
1262 2078 1275 2090 .
1322 2030 1549 2112 Diym's
1578 2030 1765 2113 diyna
1795 2031 1951 2093 loces
1983 2077 1994 2090 .
2029 2031 2293 2114 picturi-s·
2325 2025 2716 2093 condecoravit

514 2127 788 2210 Reyinae
816 2126 1057 2191 Iunoni'
1083 2128 1353 2212 supremi
1381 2126 1639 2210 conia-qs
1670 2128 1953 2211 templum
1984 2127 2248 2189 Plautiu'
2279 2124 2531 2189 Illarcu'
2543 2171 2560 2201 ,
2588 2123 2715 2184 chael

513 2226 619 2309 qui
648 2226 801 2287 Asia
830 2226 957 2287 lata
986 2248 1108 2288 esse
1135 2225 1429 2287 oriundus
1455 2250 1480 2305 ,·
1532 2226 1724 2303 Quem
1752 2236 1998 2289 nuncet
2011 2235 2153 2308 post
2177 2247 2422 2308 semper
2449 2222 2520 2286 ob
2549 2230 2708 2282 artem

514 2322 674 2385 hanc
695 2323 908 2386 Ardea
939 2323 1183 2386 laudat.
1210 2321 1375 2383 nihil
1402 2322 1472 2383 in
1497 2321 1601 2385 his
1619 2323 1876 2386 mutavi
1896 2322 2028 2384 nisi
2054 2323 2209 2385 loces
2225 2370 2241 2395 ‚
2263 2322 2387 2386 ubi
2412 2327 2556 2384 erat
2577 2320 2710 2383 loco,

517 2426 585 2482 et
614 2421 721 2506 qui
746 2440 1120 2503 pronomen
1143 2468 1159 2497 ,
1184 2426 1261 2482 ut
1291 2420 1666 2482 orationem
1698 2429 1767 2483 et
1794 2440 2064 2482 versum
2091 2418 2405 2483 fulcirem
2427 2467 2442 2493 ,
2473 2413 2705 2480 addidi.
2777 2410 2778 2471 ζ

679 2519 778 2582 54.
810 2540 1280 2582 ΜιΤΤυΝΤυη
1321 2540 1401 2580 IN
1447 2539 1700 2581 annus
1742 2539 2123 2580 Arna-rm.
2152 2519 2495 2582 Antonius
2525 2523 2586 2579 et
2610 2514 2706 2576 im-

518 2617 737 2700 pressi
766 2640 1157 2681 mr'rurzr.
2779 2681 2780 2702 ἶ

681 2713 779 2775 62.
810 2736 855 2775 Α
870 2737 910 2777 u
926 2738 960 2777 o
978 2739 1017 2776 T
1035 2738 1079 2777 A
1097 2739 1129 2778 s
1152 2765 1163 2778 .
1191 2714 1583 2793 Quadratus
1600 2725 1806 2778 auctos
1823 2762 1836 2776 .
1857 2714 2129 2799 oblongi
2151 2715 2557 2799 scripturam
2575 2729 2704 2772 con·
2779 2775 2780 2796 ἲ

518 2810 739 2872 firmat
780 2810 1041 2875 Nonius
1086 2835 1148 2896 p.
1181 2813 1321 2885 231,
1363 2813 1432 2876 15
1481 2820 1549 2876 et
1587 2812 1726 2887 458,
1775 2813 1848 2876 15
1880 2861 1895 2887 ‚
1940 2813 2097 2875 item
2138 2811 2595 2898 Philargyrius
2632 2804 2701 2868 ad

516 2909 881 2992 georgicon
912 2931 1009 2982 111,
1038 2910 1195 2972 444.
2631 2902 2638 2908 ’

682 3005 779 3068 63.
812 3029 853 3067 n
875 3028 911 3067 E
930 3029 967 3067 n
985 3029 1022 3068 E
1069 3028 1267 3068 IMAG
1284 3029 1324 3069 o
1347 3054 1361 3068 .
1402 3006 1482 3068 In
1514 3008 1849 3091 quadrato
1880 3007 2098 3091 prima
2124 3028 2362 3070 manus
2392 2995 2549 3070 fecit
2572 3015 2593 3066 t
2613 3023 2700 3064 su-

516 3125 642 3187 pra
672 3103 907 3168 addito
938 3127 1034 3167 DE
1052 3128 1197 3167 BET
1221 3151 1236 3179 ‚
1266 3105 1335 3167 in
1364 3106 1659 3192 oblongo
1692 3114 2071 3170 corrector.

682 3205 779 3267 66.
812 3226 1250 3268 ursoENDIS
1282 3227 1556 3267 NULLA
1587 3226 2025 3268 PoTEsTAs.
2057 3203 2162 3266 Ita
2185 3197 2702 3287 quadratustob-

519 3300 756 3385 longus
788 3326 833 3364 Η
849 3325 871 3365 1
886 3325 918 3365 s
934 3325 968 3365 c
985 3325 1022 3363 E
1040 3326 1082 3365 N
1098 3327 1139 3366 n
1157 3326 1179 3366 1
1195 3324 1228 3365 s
1243 3327 1282 3364 T
1299 3351 1314 3377 ‚
1346 3303 1470 3366 sed
1498 3315 1551 3366 εἰ
1576 3304 1644 3365 in
1674 3303 1875 3366 litura
1905 3324 1945 3366 a
1974 3310 2360 3366 correctore
2381 3349 2398 3376 ‚
2422 3300 2532 3385 qui
2555 3296 2705 3396 iden}

521 3399 725 3462 erasit
764 3399 803 3461 Ιι
835 3413 848 3461 ᾳ
891 3399 1068 3462 infra
1103 3401 1218 3463 103
1264 3401 1585 3464 hiscendist
1609 3407 1894 3485 uterque
1924 3448 1940 3475 ‚
1983 3401 2024 3463 Ιι
2054 3421 2250 3464 eraso
2282 3421 2323 3462 a
2353 3401 2703 3463 correctore

521 3495 824 3582 oblongi.

683 3595 780 3659 68.
829 3619 1136 3660 oan1NE
1183 3620 1454 3661 EORUM
1480 3645 1492 3660 .
1523 3597 1854 3660 Marullus
1896 3619 2208 3661 EODEM.
2254 3596 2534 3660 alterum
2558 3584 2700 3653 tueri

520 3692 913 3778 desipientis
944 3703 1047 3759 est
1066 3746 1079 3760 .
1101 3696 1171 3758 in
1195 3695 1516 3780 proximis
1546 3694 1879 3779 oblongus
1909 3705 1965 3757 et
1973 3694 2195 3781 forma
2213 3741 2228 3768 ,
2254 3695 2413 3757 olim
2434 3681 2702 3775 impressi

518 3790 834 3876 etformae
863 3842 879 3872 ,
923 3794 1199 3857 Isaacus
1231 3793 1520 3856 Vossius
1561 3804 1618 3856 et
1635 3793 1880 3879 formai
1909 3819 1929 3855 .·
1971 3794 2036 3855 in
2072 3792 2411 3877 quadrato
2454 3794 2599 3875 post
2630 3792 2697 3849 et,

520 3894 675 3950 ante
688 3890 907 3974 forma
929 3940 944 3965 ‚
968 3913 1176 3976 supra
1206 3890 1626 3974 adscriptum
1659 3897 1763 3954 est
1793 3914 1965 3965 cum,
1990 3897 2057 3953 et
2089 3889 2360 3974 quidem
2389 3889 2497 3953 vel
2521 3883 2698 3971 prima

518 3984 626 4047 vel
658 3988 1118 4071 antiquissima
1146 4009 1377 4052 manu.
1426 3993 1433 4001 '

683 4083 781 4147 70.
810 4107 1135 4159 QUANTO
1168 4110 1422 4151 Mutus
1454 4109 1954 4150 runem-:nun
1977 4086 2263 4149 PAUCA
2296 4101 2596 4161 queunt
2622 4093 2698 4137 ΕΤ

519 4203 721 4244 SUNT
754 4206 1010 4245 PRIMA
1051 4206 1369 4248 FRONTE
1414 4208 1770 4249 LOCATA.
1801 4185 1909 4248 Ita
1938 4185 2272 4268 oblongus
2302 4181 2693 4246 etVeronen·

519 4279 611 4341 sis
643 4279 885 4343 editio:
907 4279 1278 4343 Brixiensis
1297 4284 1513 4366 prima
1541 4285 1607 4345 in
1631 4331 1645 4357 ‚
1675 4283 2009 4364 Antonius
2027 4282 2243 4367 prima
2271 4281 2416 4343 sub.
2449 4272 2696 4363 quadra·

517 4384 626 4438 tus
655 4376 865 4441 habet
895 4381 960 4441 in
990 4382 1147 4441 ante
1166 4381 1379 4462 prima
1411 4380 1717 4444 additum
1748 4379 2209 4463 antiquissima
2227 4426 2242 4453 ‚
2274 4378 2331 4442 si
2359 4399 2491 4442 non
2521 4370 2693 4458 prima
