2840 5008
1190 362 1258 429 V
2214 359 2351 428 187

54 541 59 544 Δ
91 548 192 611 nil
226 555 432 610 tamen
466 550 572 606 est
601 539 771 626 signi
798 525 1040 602 mixtas
1069 537 1370 621 potuisse
1402 537 1614 600 creari

10 697 11 706 κ
89 663 273 726 inter
298 681 366 723 se
392 655 690 746 pecudes
721 660 1205 738 compactaque
1233 637 1530 715 membra
1558 650 1958 714 animantum
1976 699 1991 725 ‚

9 765 47 842 bo
87 782 450 864 propterea
481 773 638 857 quia
666 790 836 855 quae
869 767 955 831 de
986 767 1181 831 terris
1209 787 1389 829 nunc
1418 765 2070 851 quoqueabundant

10 903 11 938 ¹
91 890 452 955 herbarum
480 906 731 971 genera
758 906 836 947 ac
864 882 1093 967 fruges
1122 881 1534 966 arbustaque
1562 881 1739 945 laeta

10 1063 11 1086 ἶ
91 1027 237 1070 non
266 1013 482 1068 tamen
508 1001 684 1064 inter
713 1020 786 1062 se
816 1008 1105 1083 possunt
1134 996 1486 1081 complexa
1514 998 1755 1072 creari,

92 1119 220 1184 sed
249 1120 347 1184 vis
378 1136 684 1202 quaeque
715 1134 839 1178 suo
868 1112 1000 1176 ritu
1028 1111 1338 1197 procedit
1355 1161 1371 1186 ‚
1396 1118 1465 1175 et
1492 1133 1722 1175 omnes

10 1197 13 1228 ψ
95 1233 370 1299 foedere
398 1239 679 1295 naturae
710 1236 895 1292 certo
928 1226 1307 1291 discrimina
1338 1233 1638 1290 servant.

175 1351 272 1413 At
298 1369 510 1434 genus
538 1345 898 1409 humanum
926 1343 1134 1407 multo
1164 1341 1292 1405 fuit
1317 1341 1485 1412 illud
1510 1342 1581 1406 in
1610 1343 1789 1406 arvis

102 1464 332 1528 durius
351 1513 366 1539 ‚
386 1468 465 1525 ut
495 1460 752 1538 decuit,
776 1458 972 1523 tellus
1005 1455 1190 1542 quod
1217 1455 1385 1520 dura
1416 1466 1741 1530 creasset,

98 1588 163 1643 et
189 1576 551 1642 maioribus
582 1582 649 1638 et
678 1572 909 1637 solidis
937 1571 1144 1657 magis
1174 1571 1440 1636 ossibus
1465 1574 1647 1636 intus

97 1692 447 1757 fundatum
465 1740 480 1766 ‚
504 1688 741 1755 validis
773 1695 996 1773 aptum
1028 1708 1151 1774 per
1179 1688 1443 1751 viscera
1469 1688 1722 1763 nervis,

96 1830 220 1873 nec
250 1807 443 1872 facile
476 1828 562 1869 ex
591 1811 783 1868 aestu
811 1824 941 1865 nec
968 1801 1219 1888 frigore
1252 1800 1439 1886 quod
1469 1810 1849 1886 caperetur,

38 1942 61 1988 o
96 1946 222 1987 nec
251 1915 553 1987 novitate
574 1918 714 1983 cibi
741 1939 865 1981 nec
892 1917 1027 1981 labi
1057 1918 1361 2002 corporis
1389 1917 1555 1980 ulla.
1647 1971 1650 1976 .

12 2097 17 2108 .
97 2040 436 2122 multaque
467 2057 588 2122 per
621 2033 875 2097 caelum
905 2032 1066 2096 solis
1104 2032 1446 2096 volventia
1471 2029 1684 2095 lustra

98 2154 452 2239 volgivago
481 2151 690 2215 vitam
717 2149 1103 2213 tractabant
1128 2168 1315 2211 more
1342 2147 1663 2210 ferarum.

102 2290 220 2332 nec
249 2269 576 2332 robustus
606 2272 751 2329 erat
781 2262 966 2327 curvi
996 2260 1383 2327 moderator
1412 2261 1620 2325 aratri

10 2125 23 2348 ἱ

12 2353 42 2689 ἃ
103 2384 448 2468 quisquam
467 2431 482 2457 ‚
504 2402 630 2444 nec
661 2380 877 2444 scibat
903 2377 1086 2442 ferro
1111 2377 1399 2441 molirier
1431 2398 1592 2440 arva
1676 2418 1682 2424 -

44 2516 64 2560 5
100 2521 217 2563 nec
245 2519 428 2563 nova
457 2494 779 2561 defodere
807 2495 876 2558 in
905 2500 1154 2559 terram
1183 2493 1476 2579 virgulta
1502 2515 1725 2578 neque
1756 2492 1906 2560 altis

108 2614 459 2679 arboribus
488 2620 758 2676 veteres
791 2608 1104 2675 decidere
1131 2608 1392 2672 falcibu’
1423 2630 1677 2673 ramos·

105 2728 287 2816 quod
319 2727 423 2792 sol
448 2736 652 2812 atque
680 2727 925 2790 imbres
957 2723 1289 2789 dederant
1306 2772 1321 2800 ,
1347 2723 1533 2808 quod
1560 2732 1746 2788 terra
1774 2735 2033 2791 crearat

108 2851 349 2930 sponte
377 2865 498 2906 sua
517 2892 531 2918 ‚
556 2842 719 2906 satis
747 2840 820 2905 id
847 2841 1161 2927 placabat
1188 2846 1470 2926 pectora
1499 2838 1778 2904 donum.

111 2957 514 3044 glandiferas
542 2959 720 3022 inter
750 2955 1076 3020 curabant
1104 2976 1393 3041 corpora
1425 2976 1712 3039 quercus

51 3089 71 3134 ο
107 3074 530 3165 plerumque:
556 3081 626 3137 et
655 3093 827 3159 quae
857 3094 1035 3136 nunc
1065 3071 1348 3135 hiberno
1377 3077 1690 3155 tempore>
1714 3071 1930 3135 cernis

113 3191 329 3254 arbita
355 3189 641 3273 puniceo
672 3188 814 3253 fieri
841 3195 1102 3251 matura
1132 3187 1387 3260 colore,

109 3304 390 3388 plurima
414 3311 558 3368 tum
583 3302 785 3367 tellus
818 3303 1012 3366 etiam
1039 3302 1295 3366 maiora
1322 3301 1614 3365 ferebat.

113 3420 447 3503 multaque
474 3426 828 3504 praeterea
855 3417 1119 3481 novitas
1149 3423 1290 3480 tum
1315 3414 1559 3480 florida
1586 3415 1817 3480 mundi

113 3535 356 3617 pabula
385 3532 558 3597 dura
584 3533 735 3597 tulit
754 3583 769 3609 ‚
791 3531 1047 3596 miseris
1076 3531 1466 3595 mortalibus
1497 3532 1744 3619 ampla.

38 3660 81 3705 45
119 3655 182 3711 at
208 3648 451 3713 sedare
482 3648 654 3712 sitim
680 3647 862 3711 fluvii
888 3646 1248 3731 fontesque
1276 3649 1641 3722 vocabant,

120 3770 190 3826 ut
215 3785 396 3828 nunc
422 3763 762 3826 montibus
793 3784 828 3826 e
856 3762 1111 3848 magnis
1144 3760 1470 3826 decursus
1507 3762 1705 3847 aquai

124 3877 443 3966 clarigitat
469 3878 604 3942 late
633 3878 925 3942 sitientia
952 3876 1173 3941 saecla
1198 3876 1490 3940 ferarum
1509 3927 1522 3941 .

131 3990 407 4080 denique
435 4001 602 4058 nota
629 3994 784 4079 vagi
812 3993 1146 4058 silvestria
1171 3991 1422 4078 templa
1449 3993 1774 4057 tenebant

134 4277 218 4324 923
254 4274 361 4330 Sed
397 4277 441 4328 si
497 4274 519 4344 u
577 4281 675 4327 925
714 4273 785 4327 Et
843 4273 862 4345 [ι
916 4281 1010 4347 999
1051 4264 1214 4328 arari'.
1256 4273 1275 4343 ΙΙ
1313 4280 1412 4324 934
1450 4273 1719 4328 mollerier
1757 4276 1778 4345 Η
1815 4282 1913 4327 999
1953 4276 2181 4346 virguita
2219 4273 2239 4341 Η
2275 4279 2373 4327 997

139 4368 384 4414 crearant.
423 4360 444 4429 ΙΙ
481 4364 581 4412 944
622 4357 735 4410 dira
772 4358 792 4427 ΙΙ
831 4364 927 4411 947
968 4358 1343 4411 Claricitatiate
1379 4359 1399 4426 Ιὶ
1438 4364 1537 4411 948
1574 4361 1723 4430 vagis
