2840 5008
494 392 635 460 168
1563 391 1659 459 111

491 567 671 631 sario
690 562 1131 630 'scribendum
1163 570 1270 629 est
1297 564 1469 649 Iynis
1491 566 1561 627 in
1583 563 1888 629 aether-ias·
1914 565 2158 630 volucer
2181 589 2255 628 se
2283 566 2533 628 &tetulit
2557 587 2676 627 oras
2689 610 2704 641 ‚

491 684 532 727 a
560 664 806 750 quibus
832 662 903 727 in
930 660 1258 747 proximis
1286 673 1490 727 tenues
1517 685 1709 726 auo-as
1735 663 2028 748 Aeraque
2055 660 2435 748 distinguit
2453 710 2466 723 .

652 760 794 825 412.
824 760 913 824 In
945 782 1267 836 QUOQUE
1295 782 1497 823 Erum
1528 782 1711 824 suu:
1743 781 2138 824 Pmuucm
2166 783 2350 825 nort
2382 782 2567 823 Fre-r
2595 780 2706 821 Eo-
2775 760 2776 833 f

493 882 649 923 num
685 907 700 922 .
737 859 979 925 Eorum
1009 879 1142 943 quo
1174 856 1604 922 referendum
1635 857 1725 921 sit
1752 859 1870 921 vix
1898 865 2189 943 apparet
2218 907 2235 921 .
2275 857 2706 923 concedamus
2775 864 2776 893 ³

494 967 717 1020 tamen
748 978 828 1021 eo
863 964 933 1021 et
962 977 1223 1021 omnem
1259 958 1493 1021 orbem
1522 956 1664 1033 sive
1695 955 2046 1019 circuitum
2075 956 2393 1041 pupulae
2426 964 2499 1021 et
2523 976 2708 1040 pupu-

493 1055 624 1119 lam
647 1053 867 1141 'ipsam
893 1055 1180 1120 indicari
1210 1103 1223 1118 .
1252 1054 1464 1120 nihilo
1496 1055 1711 1119 minus
1736 1054 1908 1118 haec
1937 1054 2068 1120 sibi
2096 1060 2506 1141 repugnant
2553 1073 2705 1116 :nam

496 1154 612 1238 qui
640 1153 959 1233 cernendi
988 1161 1399 1239 potestatem
1429 1162 1614 1218 stare
1645 1152 1811 1217 dicit
1827 1201 1842 1227 ‚
1867 1153 2024 1217 dum
2048 1152 2262 1217 modo
2291 1175 2389 1216 ne
2416 1159 2599 1216 totus
2625 1171 2708 1212 or·

494 1253 598 1316 bis
623 1260 1095 1337 corrumpatur
1109 1301 1126 1327 ‚
1142 1254 1240 1318 ita
1259 1254 1529 1339 quidem
1549 1253 1606 1317 si
1617 1251 1877 1337 pupula
1893 1251 2331 1337 relinquatur
2354 1251 2510 1317 sola
2526 1298 2541 1326 ‚
2561 1249 2708 1315 idem

494 1350 630 1417 hoc
672 1352 817 1417 sine
863 1354 1158 1437 pernicie
1201 1355 1388 1418 visus
1429 1354 1573 1417 fieri
1616 1359 1822 1438 negat
1851 1401 1864 1415 .
1892 1351 2125 1436 itaque
2167 1357 2395 1435 poeta
2427 1398 2445 1425 ‚
2475 1349 2536 1412 si
2572 1346 2708 1411 illud

497 1450 670 1514 dixit
697 1498 713 1526 ‚
754 1451 891 1515 hoc
921 1450 1191 1516 adicere
1220 1473 1361 1516 non
1386 1452 1615 1537 potuit
1648 1500 1661 1514 .
1702 1448 1826 1515 sed
1857 1448 2106 1514 adiecit
2128 1497 2143 1524 ‚
2173 1449 2315 1513 nisi
2345 1447 2555 1512 fallor
2575 1495 2590 1521 ‚
2616 1444 2707 1508 ali-

498 1547 650 1631 quis
672 1595 688 1623 ‚
712 1546 828 1631 qui
846 1553 1116 1630 poetam
1140 1548 1642 1633 reprehendere
1669 1545 1875 1611 vellet
1897 1594 1913 1623 ‚
1939 1545 2128 1631 quod
2154 1547 2214 1610 is
2246 1545 2573 1631 exemplo
2599 1563 2711 1607 non

495 1645 663 1707 satis
693 1651 857 1728 apto
886 1667 1050 1709 usus
1078 1654 1294 1710 esset:
1317 1646 1390 1710 id
1409 1646 1634 1730 ipsum
1655 1645 1827 1709 enim
1852 1644 2037 1729 quod
2053 1644 2168 1720 ille
2198 1644 2528 1729 posuerit
2553 1640 2706 1705 nullo

494 1740 698 1805 modo
727 1742 872 1806 fieri
898 1763 1103 1826 posse
1128 1791 1142 1807 .
1177 1765 1338 1829 ergo
1361 1743 1474 1808 hic
1496 1764 1734 1808 versus
1759 1741 1995 1806 eodem
2025 1743 2317 1807 consilio
2343 1744 2418 1807 in
2441 1737 2709 1804 Lucretii

497 1861 767 1904 carmen
794 1841 1021 1906 illatus
1052 1850 1157 1907 est
1177 1891 1195 1918 ‚
1219 1864 1356 1928 quo
1385 1841 1678 1906 vidimus
1704 1843 1774 1905 in
1803 1842 1978 1906 libro
2007 1841 2228 1925 primo
2262 1847 2438 1927 post
2465 1856 2703 1903 versum

495 1938 578 2002 43
608 1960 731 2003 sex
757 1961 997 2020 versus
1027 1940 1302 2007 additos
1333 1963 1483 2007 esse
1504 1989 1522 2019 ,
1554 1940 1814 2006 seilicet
1842 1946 1918 2003 ut
1945 1945 2217 2025 poetam
2248 1958 2584 2025 peccasse
2611 1955 2704 2018 ap-

495 2046 771 2121 pareret
788 2088 801 2102 .
823 2040 958 2105 hoe
980 2063 1137 2106 -cum
1165 2062 1384 2126 paene
1411 2038 1856 2105 intellexisset
1881 2038 2251 2104 Lambinus
2281 2087 2298 2114 ,
2335 2030 2460 2124 qui
2485 2035 2701 2100 multos
2774 2052 2776 2063 ⁴

494 2158 733 2202 versus
765 2139 1058 2222 optimos
1089 2138 1342 2205 delevit
1361 2187 1377 2215 ‚
1407 2139 1590 2203 hunc
1632 2139 1862 2223 inepte
1904 2145 2240 2223 temptare
2283 2136 2531 2202 maluit
2571 2130 2702 2197 seri·

493 2235 721 2300 bendo
752 2237 835 2301 Id
859 2261 1096 2326 quoque
1125 2241 1284 2302 enim
1308 2240 1439 2302 sine
1452 2238 1732 2323 pernicie
1761 2237 1976 2325 conflet
2002 2258 2210 2300 eorum
2230 2285 2245 2299 .
2529 2242 2539 2251 '

659 2335 1313 2417 415.‚Inco1,m=11s
1380 2357 1736 2412 QUAMVIS
1802 2355 2139 2410 AL1OQU1
2203 2346 2701 2398 srnssumnus

498 2452 645 2497 ons
662 2455 732 2497 1s
749 2481 765 2498 .
788 2434 921 2500 Hic
943 2456 1181 2499 versus
1212 2438 1297 2498 ex
1325 2433 1562 2498 eadem
1590 2433 1849 2498 fabrica
1871 2434 2055 2495 venit
2072 2481 2088 2510 ‚
2113 2440 2182 2496 et
2212 2427 2697 2501 construetione

495 2532 814 2598 laborans
845 2541 914 2598 et
943 2534 1277 2600 vocabulo
1308 2555 1447 2597 non
1477 2533 1641 2598 satis
1673 2534 1952 2619 antiquo
1992 2532 2277 2618 insignis
2318 2580 2335 2607 ‚
2387 2550 2523 2615 quo
2568 2532 2698 2589 ante

495 2631 757 2695 Livium
800 2634 1129 2700 neminem
1171 2655 1368 2697 usum
1413 2654 1564 2697 esse
1606 2639 1793 2696 recte
1852 2631 2245 2697 observavit
2288 2627 2598 2695 Handius
2641 2621 2692 2683 in

497 2728 859 2794 Tursellini
887 2738 1071 2796 tomo
1106 2756 1129 2795 1
1158 2755 1221 2817 p.
1246 2731 1406 2797 2364
1448 2738 1726 2817 poterat
1755 2728 2011 2794 addere
2040 2735 2283 2814 poetas
2316 2751 2401 2793 eo
2434 2740 2693 2811 prorsus

498 2826 904 2903 abstinuisse
923 2877 937 2905 ‚
960 2852 1086 2894 nec
1117 2829 1415 2896 debebat
1435 2829 1752 2894 Lucretio
1786 2828 2210 2893 adscribere:
2234 2834 2424 2892 certe
2455 2826 2689 2909 praeter

497 2923 670 2988 duos
700 2926 966 2992 Horatii
1008 2930 1077 2991 in
1120 2929 1545 2994 sermonibus
1574 2921 1813 2993 versus
1839 2949 2020 2992 nunc
2064 2927 2232 2992 alios
2275 2925 2503 2990 nullos
2546 2938 2692 2985 eom-

494 3025 761 3089 memini
793 3071 811 3101 ,
853 3025 926 3089 in
956 3028 1198 3112 quibus
1228 3029 1461 3114 alioqui
1490 3028 1816 3111 scriptum
1843 3026 2117 3111 legerim
2164 3074 2179 3089 .
2225 3031 2527 3089 ceterum
2552 3012 2705 3102 atqu?

498 3130 655 3188 ante
697 3119 971 3188 vocales
1013 3133 1390 3212 posuerunt
1417 3125 1704 3188 Plautus
1749 3145 1829 3189 ac
1862 3124 2227 3189 Terentius
2255 3170 2272 3197 ‚
2317 3142 2460 3186 non
2499 3115 2688 3181 Hora-

498 3221 631 3284 tius
652 3223 721 3285 in
743 3245 1125 3288 sermonum
1150 3248 1191 3306 1,
1215 3225 1310 3300 10,
1329 3225 1404 3289 31
1427 3272 1443 3300 ‚
1468 3225 1677 3311 atquin
1693 3236 1750 3288 et
1764 3223 2026 3288 Statius
2042 3221 2257 3291 Theb.
2277 3244 2369 3297 Ἦ,
2395 3218 2539 3291 161,
2555 3207 2689 3301 quod

495 3319 592 3381 sin
619 3343 694 3383 ea
721 3320 1037 3387 Valerius
1067 3322 1350 3388 Flaccus
1378 3324 1447 3387 in
1476 3346 1538 3398 V,
1558 3322 1682 3386 668
1699 3370 1713 3384 .

662 3417 806 3482 417.
834 3441 1410 3485 AMMANTmus
1455 3444 1549 3484 Er
1592 3441 2111 3483 Monramnus
2142 3467 2156 3482 .
2203 3417 2380 3483 Olim
2413 3402 2683 3499 impressi

499 3522 567 3580 et
596 3523 754 3580 ante
785 3538 901 3582 eos
929 3518 1084 3598 Itali
1113 3532 1170 3584 et
1195 3541 1617 3583 MORTALES
1638 3566 1653 3582 .

662 3614 804 3680 420.
867 3616 1143 3682 Dmrm·
1182 3666 1187 3671 ·
1214 3640 1365 3683 TUA
1436 3639 1763 3682 PERGAM
1826 3640 1909 3696 12¹1
1927 3638 2286 3681 sPoNERE
2353 3621 2679 3681 CARMINA

497 3739 543 3779 v
558 3739 580 3779 1
596 3737 690 3779 TA
709 3766 723 3780 .
746 3716 939 3782 Haec
966 3717 1262 3802 intellegi
1292 3739 1429 3781 non
1459 3723 1787 3802 possunt:
1817 3715 2000 3778 nullo
2034 3717 2209 3780 enim
2228 3713 2477 3779 iudicio
2501 3704 2680 3772 Faber

499 3823 605 3876 tua
631 3816 752 3878 vita
783 3816 1272 3900 interpretatur
1309 3826 1362 3879 te
1390 3865 1410 3895 ,
1448 3813 1914 3879 Wakefieldus
1940 3814 2209 3878 moribus
2238 3813 2356 3876 tuis
2384 3834 2457 3876 ao
2481 3796 2679 3870 virtud-

380 4001 385 4006 ·
494 3911 607 3974 'bus
630 3960 642 3974 .
666 3913 859 3976 nimis
884 3914 1226 3999 eleganter
1251 3913 1612 3978 Creeohius
1636 3919 1924 3997 temptat
1942 3924 2046 3976 tuo
2066 3924 2199 3975 vate
2222 3962 2235 3975 .
2259 3912 2375 3974 vix
2405 3902 2680 3973 dubitan-
2705 3909 2709 3916 '

499 4007 659 4072 dum
691 4017 794 4073 est
825 4012 988 4095 quin
1016 4019 1155 4075 tam
1184 4014 1501 4099 antiquus
1532 4018 1735 4097 poeta
1759 4011 1873 4075 hic
1897 4011 2379 4075 allitteratione
2407 4024 2555 4073 usus
2581 3995 2677 4107 Sl&

500 4128 625 4172 nec
665 4129 824 4172 rara
865 4117 969 4172 est
1009 4110 1078 4173 in
1107 4111 1308 4174 huius
1338 4110 1671 4196 poematis
1705 4111 2199 4195 exemplaribus
2231 4109 2489 4172 litterae
2517 4109 2678 4163 urlluS

498 4207 1000 4292 praetermissio
1033 4257 1046 4271 .
1081 4207 1231 4273 dico
1274 4208 1483 4295 igitur
1528 4207 1958 4272 scribendum
1999 4229 2151 4272 esse
2193 4207 2409 4293 Diyna
2446 4215 2542 4268 tua
2578 4190 2674 4255 dis·

488 4328 721 4389 ponere
750 4308 1031 4370 carmina
1060 4330 1095 4370 c
1112 4328 1266 4371 URA
1291 4356 1304 4370 .
1329 4307 1669 4392 Vergilius
1699 4307 1794 4370 illi
1820 4330 1958 4370 mea
1989 4309 2267 4371 carmina
2295 4327 2502 4370 curae.

660 4404 801 4472 421.
847 4404 965 4469 Tu
1001 4426 1148 4469 FAC
1180 4427 1806 4480 UTRUMQUE‘UNO
1840 4427 2306 4469 su131uNGAs
2338 4418 2532 4468 Nom:
2561 4408 2670 4491 ἔθ’
