2840 5008
994 399 1406 448 EMENDATm
1918 377 1935 384 '
2208 377 2307 443 113

100 553 477 617 >Lucretium
525 553 765 616 iterum
810 543 1051 614 ederet
1090 572 1318 615 mense
1362 551 1674 614 Ianuario
1727 551 1924 626 1515,
1972 551 2312 636 exemplar

105 640 557 716 Marullianum
588 670 804 734 prope
825 656 1044 712 totum
1063 698 1079 724 ‚
1110 638 1233 713 sed
1257 648 1642 734 diligentius
1666 648 2088 725 distinctum,
2119 672 2311 736 repe-

104 751 198 812 tiit
213 797 226 823 ‚
254 750 401 833 ipse
434 769 655 832 pauca
675 747 955 810 novavit
977 768 1191 832 eaque
1213 747 1589 832 prudenter
1612 797 1624 810 .
1657 749 1846 812 annis
1868 771 2083 812 xnvm
2104 750 2312 814 inter-

102 849 276 911 iectis
316 847 688 933 Dionysius
720 846 1062 910 Lambinus
1102 847 1293 930 (utor
1336 847 1494 910 eius'
1522 845 1820 911 editione
1860 847 2095 922 tertia,
2139 870 2311 933 quae

101 947 265 1010 facta
293 954 401 1013 est
428 945 742 1009 Lutetiae
770 967 949 1008 anno
985 945 1213 1030 1570),
1245 946 1450 1009 homo
1480 946 1727 1030 ingenii
1754 944 1967 1011 felicis
1994 946 2310 1032 idemque

102 1043 560 1128 philosophiae
589 1042 938 1107 studiosus
971 1050 1038 1107 et
1056 1042 1331 1129 linguae
1353 1043 1637 1107 Latinae
1665 1044 1735 1107 in
1762 1044 1994 1129 primis
2022 1046 2310 1129 perituS‚

102 1149 341 1206 tantum
370 1142 719 1228 praestitit
736 1189 751 1216 ,
793 1147 870 1205 ut
898 1142 1203 1229 proxime
1232 1149 1392 1227 post
1420 1141 1780 1205 Marullum
1798 1191 1813 1218 ‚
1852 1142 2054 1228 longo
2084 1150 2311 1207 tamen

101 1240 436 1304 intervallo
461 1287 478 1313 ‚
523 1238 957 1304 collocandus
989 1241 1123 1314 sit‚-
1154 1241 1365 1325 siquis
1394 1241 1465 1303 in
1495 1248 1786 1325 utroque
1818 1263 1897 1304 ea
1927 1263 2099 1327 quae
2128 1243 2310 1307 bona

103 1346 240 1402 sunt
268 1339 791 1410 sola-numeret:
820 1360 975 1402 nam
1007 1347 1075 1403 et
1095 1339 1424 1403 Marullus
1456 1340 1845 1424 saepissime
1865 1341 2207 1424 peccavit,
2241 1350 2310 1405 et

102 1437 444 1501 Lambinus
463 1483 479 1510 ‚
520 1443 793 1520 praeter
821 1436 1031 1499 multa
1059 1428 1441 1510 verissima,
1471 1437 1756 1502 mirabili
1786 1438 2076 1522 quadam
2108 1439 2310 1502 animi

102 1534 351 1599 levitate
361 1536 716 1598 innumera
731 1535 860 1597 alia
871 1542 1123 1599 temere
1133 1534 1554 1598 intulitnulla
1567 1556 1772 1599 causa
1781 1535 2103 1621 nulloque
2119 1545 2306 1602 certo

106 1633 355 1696 consilio
381 1683 396 1706 ‚
437 1653 616 1718 quae
650 1633 1085 1718 possessione
1114 1634 1354 1697 iniuria
1384 1641 1718 1719 occupata
1744 1634 2017 1698 tandem
2050 1637 2309 1721 expulit

103 1725 580 1796 Wakefieldus.
622 1732 912 1795 triennio
953 1740 1116 1817 post
1156 1733 1403 1819 primas
1430 1733 1740 1798 Lambini
1778 1755 1976 1798 curas
2008 1732 2306 1799 Obertus

110 1829 373 1914 Gisanius
399 1829 662 1915 prodiit
678 1877 693 1904 ‚
725 1828 948 1893 indice
979 1851 1099 1893 seu
1123 1829 1575 1893 conlectaneis
1593 1878 1609 1905 ,
1638 1829 1809 1895 libro
1831 1831 1961 1894 illis
1983 1834 2306 1918 tempori-

104 1928 208 1989 bus
244 1928 598 1992 utilissimo
621 1975 637 2002 ‚
681 1926 925 1991 clarior
966 1927 1188 1992 factus
1230 1950 1430 2013 quam
1474 1929 1979 2006 emendatione3
2022 1931 2136 2015 qui
2168 1953 2302 2016 quo

104 2025 226 2088 iure
267 2033 378 2089 aut
418 2026 821 2099 Lambinum
868 2033 985 2089 aut
1027 2026 1195 2090 alios
1236 2026 1633 2111 compilasse
1680 2026 1903 2091 dictus
1947 2037 2129 2093 esset
2164 2052 2306 2093 non

106 2125 411 2205 quaesivi:
460 2145 551 2187 ex
581 2124 879 2188 editione
910 2124 1125 2188 altera
1147 2171 1163 2198 ‚
1210 2145 1382 2208 quae
1411 2112 1595 2193 facta
1624 2132 1729 2188 est
1755 2125 2069 2210 Lugduni
2096 2126 2300 2191 Bata-

107 2243 310 2285 vorum
339 2244 520 2286 anno
561 2221 718 2285 1595
737 2269 752 2297 ‚
788 2244 924 2285 non
954 2222 1125 2286 adeo
1155 2222 1366 2286 multa
1392 2229 1629 2307 petere
1662 2223 1883 2309 potui,
1916 2239 2089 2309 quae
2117 2226 2299 2310 prio-

105 2342 196 2384 res
231 2323 348 2385 visi
388 2327 626 2386 essent
669 2315 1047 2405 neglexisse
1076 2371 1090 2385 .
1130 2342 1351 2406 neque
1380 2320 1542 2394 mihi
1570 2320 1781 2384 multo
1813 2328 1931 2385 aut
1958 2323 2157 2408 plura
2182 2332 2301 2388 aut

102 2421 515 2504 exquisitiora
566 2418 882 2502 praebuit
927 2418 1259 2504 Tanaquil
1306 2418 1539 2492 Faber,
1588 2417 1790 2482 homo
1844 2427 2081 2483 acutus
2112 2470 2128 2497 ‚
2174 2423 2299 2502 sed

104 2518 254 2582 idem
281 2519 717 2592 temerariuS‚
749 2518 863 2602 qui
893 2518 1277 2582 Lucretium
1308 2517 1524 2581 edidit
1554 2516 1865 2581 Salmurii
1894 2539 2069 2582 anno
2106 2521 2296 2585 1662.

108 2618 366 2681 eiusdem
397 2617 562 2681 anni
591 2637 817 2680 meuse
846 2616 1156 2679 Ianuario
1180 2614 1566 2679 Richardus
1590 2615 1905 2678 Bentleius
1930 2624 2133 2682 natus
2165 2629 2295 2697 est,

107 2736 282 2798 quem·
311 2737 487 2779 anno
527 2714 688 2777 1689
729 2714 1052 2784 adfinem
1096 2719 1419 2798 vergente
1452 2710 1700 2775 Oxonii
1726 2705 2113 2779 Lucretium
2154 2726 2294 2783 stu-

107 2812 266 2877 diose
301 2814 552 2900 legisse
590 2811 908 2875 Monkius
952 2810 1440 2875 demonstravit
1477 2810 1546 2873 in
1584 2810 2054 2878 vita-Bentleii
2090 2839 2154 2900 p.
2179 2803 2294 2883 16:

107 2931 290 2996 eoque
326 2921 640 2997 tempore
663 2960 678 2985 ‚
718 2911 852 2974 hoc
892 2918 996 2974 est
1024 2916 1182 2973 ante
1213 2909 1464 2973 editam
1494 2930 1670 2972 anno
1705 2909 1860 2974 1691
1896 2911 1985 2975 ad
2012 2914 2296 2981 Minium

107 3010 420 3094 epistulam
446 3060 462 3087 ‚
512 3010 770 3095 scripta
816 3031 965 3074 esse
1009 3030 1089 3072 ea
1133 3029 1306 3093 quae
1338 3007 1792 3094 Glasguenses
1830 3018 2016 3075 tomo
2048 3023 2293 3097 quarto

104 3109 330 3193 paginis
357 3131 527 3172 wa
566 3115 727 3192 post
765 3106 887 3171 402
932 3106 1325 3181 ediderunt,
1355 3106 1847 3171 Wakefieldum
1885 3116 1953 3173 et
1979 3110 2293 3177 Eichsta-

106 3204 428 3271 dium-non
464 3208 784 3292 ignorare
814 3226 940 3290 par
967 3203 1096 3268 fuit
1118 3254 1133 3267 .
1170 3226 1323 3267 nam
1351 3204 1724 3291 Forbigero
1754 3207 2059 3272 iniuriam
2086 3208 2295 3275 faciat

105 3304 198 3386 qui
224 3301 363 3368 eum
391 3306 508 3371 vel
539 3304 867 3367 minimam
897 3324 1039 3367 rem
1066 3323 1191 3388 per
1213 3324 1285 3366 se
1306 3302 1697 3387 intellegere
1718 3306 2050 3390 postulet·
2082 3315 2150 3371 et
2171 3310 2291 3373 ha-

102 3402 279 3466 bebat
317 3406 421 3468 cui
468 3402 818 3476 crederet,
848 3400 1201 3487 Birgerum
1242 3400 1710 3477 Thorlacium‚
1753 3404 1868 3487 qui
1905 3403 2293 3471 Lucretium

102 3507 194 3561 6Χ
206 3503 597 3566 recensione
614 3499 918 3564 Bentleio
931 3498 1527 3600 -Wakefieldiana'
1550 3498 1803 3564 editum
1825 3501 2105 3567 ridicule
2126 3527 2292 3587 prae

102 3616 163 3659 se
195 3598 450 3665 tulisset
492 3599 800 3663 Hauniae
845 3620 1020 3661 anno
1058 3598 1252 3662 1813.
1292 3598 1417 3662 sed
1459 3599 1528 3661 in
1566 3598 1967 3662 iuvenilibus
2007 3601 2292 3666 Bentleii

103 3693 590 3762 schediasmatis
620 3697 952 3783 permulta
983 3691 1141 3760 sunt
1171 3718 1427 3760 summo
1453 3704 1521 3760 et
1541 3694 1845 3779 perfecto
1871 3698 2123 3763 artifice
2149 3699 2291 3787 dig-

77 3791 377 3886 *nissima3
408 3817 698 3882 quorum
727 3803 988 3881 partem
1017 3795 1288 3859 videtur
1319 3816 1469 3858 cum
1499 3793 1764 3857 Thoma
1801 3795 2081 3861 Creechio
2112 3820 2291 3863 com-

101 3892 445 3958 municasse
485 3900 647 3956 tum-
671 3894 740 3955 in
784 3893 1019 3957 eadem
1050 3891 1417 3956 Oxoniensi
1459 3891 1898 3956 universitate
1930 3893 2291 3962 editionem

102 3998 385 4069 parante,
419 4013 595 4077 quae
622 3991 693 4053 in
722 3990 931 4053 lucem
964 3990 1220 4074 prodiit
1243 4012 1419 4053 anno
1451 3990 1641 4064 1695,
1669 3992 1962 4076 repetita
1986 4002 2091 4059 est
2111 3996 2291 4065 Lon-

104 4080 231 4150 dini
244 4088 429 4154 1717:
456 4089 671 4154 habet
700 4090 872 4153 enim
895 4089 1286 4152 Bentleiana
1317 4088 1664 4201 complura
1689 4088 2084 4169 Creechius‚
2118 4117 2290 4180 quae

100 4179 467 4268 Simpliciter
490 4187 819 4252 adscribit
848 4189 1019 4265 ali-is,
1050 4187 1307 4250 scilicet
1335 4207 1418 4249 ne
1440 4187 1699 4251 iuvenis
1724 4189 1963 4252 artium
1986 4193 2291 4277 magistri

102 4276 345 4368 eiusque
375 4285 946 4372 Cantabrigiensis
988 4306 1232 4348 nomen
1275 4284 1567 4349 diceret.
1606 4286 1755 4371 ipse
1785 4288 2056 4372 quidem
2090 4287 2286 4352 Cree-

101 4374 264 4444 chius
276 4383 492 4447 multa
513 4385 762 4448 rectius
782 4379 1268 4469 interpretatus
1292 4389 1396 4447 est
1420 4405 1618 4468 quam
1642 4385 1950 4468 scripsit,
1977 4385 2044 4445 in
2069 4384 2287 4470 [111110-
