2840 5008
1186 407 1282 476 111
2198 378 2335 476 187'

65 587 460 672 interrumpi
498 633 516 649 .
557 583 718 649 huic
741 582 970 648 similis
995 589 1101 647 est
1120 584 1311 648 nostri
1330 584 1652 648 retinentia
1671 630 1687 658 ‚
1723 603 1848 667 per
1872 602 2073 668 quam
2094 583 2337 647 retine-

66 707 217 749 mus
248 705 392 749 nos
427 691 587 748 tam
615 682 732 747 diu
762 702 962 768 quam
986 702 1127 746 non
1156 681 1572 746 amiserimus
1593 702 1721 745 nos
1743 727 1760 755 ‚
1789 688 1867 745 ut
1890 686 1960 744 et
1978 683 2341 767 interrumpi

71 788 141 847 et
165 782 401 867 recipi
432 781 674 868 possit
703 828 716 843 .
754 786 826 844 at
853 781 1241 867 repetentiam
1267 781 1460 844 nostri
1485 800 1625 843 non
1650 780 1980 845 habemns
2011 826 2027 854 ,
2056 779 2185 844 nisi
2211 801 2339 845 nos

70 888 140 945 et
166 887 519 945 naturam
551 885 856 943 nostram
885 884 1043 942 ante
1074 877 1526 942 amiserimus}
1558 897 1719 962 ergo
1763 898 1962 963 quam
2003 876 2161 942 olim
2202 899 2339 941 non

70 978 455 1045 habuimus
483 1026 501 1052 ‚
539 998 622 1041 ea
647 998 733 1041 ne
759 978 1124 1063 interrumpi
1153 975 1424 1061 quidem
1450 976 1677 1060 potuit
1696 1023 1711 1039 .

241 1076 398 1141 853.
447 1074 618 1155 Qn1
662 1096 919 1138 Funus
950 1122 966 1150 ‚
1010 1096 1157 1139 IAM
1199 1097 1300 1137 nn
1345 1096 1567 1138 1LL1s
1610 1088 1763 1138 No's
1805 1095 2146 1139 Annon·
2189 1097 2339 1139 AN-

78 1197 119 1239 s
133 1194 174 1239 0
187 1197 234 1239 n
254 1223 269 1239 .
296 1174 498 1239 Olim
518 1173 833 1261 impressi
863 1173 983 1253 Qui
1002 1195 1040 1236 r
1056 1193 1099 1237 u
1114 1195 1139 1237 1
1152 1193 1256 1237 Mu
1271 1194 1304 1235 s
1323 1219 1338 1247 ‚
1360 1172 1593 1256 itaque
1611 1171 1945 1236 Antonius
1964 1218 1978 1234 .
1999 1171 2179 1237 idem
2200 1193 2297 1236 Ar
2312 1207 2339 1221 -

76 1294 153 1337 1³¹1
169 1296 205 1337 0
224 1296 309 1337 1·r
336 1320 353 1348 ‚
380 1272 526 1338 sed
548 1273 780 1356 inepte
799 1272 1054 1336 iamiam
1072 1297 1093 1334 .·
1111 1269 1442 1335 Marullus
1464 1270 1722 1354 primus
1752 1267 2017 1334 addidit
2043 1293 2155 1334 nec
2183 1277 2342 1334 ante

77 1373 206 1436 iam
224 1419 239 1435 .
263 1370 530 1441 debuit
560 1394 657 1435 nn
675 1393 715 1447 Q
731 1392 823 1434 nn
853 1371 983 1433 iam
999 1417 1013 1445 ‚
1031 1370 1101 1432 in
1127 1367 1307 1453 pede
1337 1367 1638 1433 seeundo
1663 1389 1903 1433 versus
1930 1366 2307 1432 hexametri
2324 1415 2342 1432 .

78 1490 235 1534 nam
263 1470 343 1533 in
372 1469 613 1555 primo
645 1476 713 1532 et
741 1466 1042 1532 secundo
1084 1466 1261 1551 pede
1295 1473 1490 1531 tanta
1520 1474 1625 1531 est
1654 1465 1966 1545 codicum
1991 1466 2340 1531 Lucretia-

81 1588 331 1632 norum
362 1569 772 1632 constantia
799 1614 815 1642 ,
856 1572 934 1629 ut
968 1586 1055 1652 ne
1097 1572 1253 1629 ante
1281 1564 1554 1629 vocales
1598 1563 1869 1650 quidem
1898 1564 2225 1649 scriptum
2254 1566 2344 1630 sit

83 1688 192 1728 nec
212 1715 229 1746 ,
259 1667 403 1731 nisi
430 1667 511 1730 in
544 1689 634 1741 IV,
651 1665 773 1730 357
805 1665 1006 1749 Plaqa
1045 1688 1155 1729 neo
1190 1665 1277 1728 ad
1299 1675 1538 1729 nostras
1568 1670 1639 1727 et
1665 1672 1772 1728 ter
1798 1687 1910 1728 nec
1938 1665 2217 1749 opinanti
2244 1687 2342 1740 111,

38 1752 45 1761 ’
88 1762 208 1827 959
237 1786 305 1840 v,
335 1764 513 1829 1320
544 1788 635 1844 vl,
650 1762 777 1827 408
794 1811 809 1838 ‚
833 1763 901 1825 in
928 1783 990 1836 v,
1011 1761 1130 1824 777
1163 1768 1388 1825 autem
1414 1785 1608 1848 neque
1635 1763 1968 1845 opinantis·
1996 1768 2234 1826 contra
2273 1762 2345 1825 in

90 1862 293 1925 tertio
342 1869 421 1927 et
470 1869 726 1948 quarto
769 1859 948 1945 pede
974 1859 1033 1923 is
1060 1859 1231 1924 liber
1264 1880 1300 1922 e
1330 1880 1466 1945 quo
1510 1860 1727 1924 nostri
1773 1859 1956 1924 ducti
2000 1868 2162 1925 sunt
2204 1867 2344 1924 tam

93 1959 255 2023 mire
283 1961 530 2025 variat
547 2008 564 2036 ‚
585 1968 662 2025 ut
681 1980 768 2024 ne
798 1958 1032 2045 quaeri
1060 1956 1331 2043 quidem
1359 1957 1580 2043 possit
1607 1964 1833 2022 utrum
1859 1963 2069 2042 poeta
2098 1959 2344 2044 quibus

94 2057 627 2137 condicionibus
655 2057 1056 2144 praetulerit
1085 2105 1098 2119 .
1132 2077 1268 2141 qua
1295 2064 1580 2141 propter
1607 2056 1680 2119 in
1707 2056 1839 2120 hac
1867 2077 1942 2120 re
1971 2078 2094 2140 per
2123 2065 2345 2122 totum

98 2162 338 2240 poema
368 2156 660 2221 codices
691 2157 1007 2242 antiquos
1042 2162 1315 2220 secutus
1357 2176 1505 2219 sum
1530 2201 1545 2229 ‚
1593 2175 1878 2239 quorum
1922 2160 2162 2219 neuter
2202 2156 2341 2220 ullo

96 2254 164 2316 in
191 2253 347 2320 loco
382 2257 477 2321 ab
507 2255 724 2321 altero
758 2255 1075 2320 dissentit
1091 2302 1107 2330 ,
1128 2255 1259 2319 nisi
1281 2254 1469 2340 qnod
1489 2255 1558 2318 in
1580 2254 1754 2320 libro
1777 2277 1823 2329 1,
1840 2252 1921 2317 23
1949 2276 2142 2341 neque
2169 2277 2342 2319 ama·

103 2352 211 2417 bile
242 2355 457 2418 estin
491 2354 791 2440 oblongo
810 2402 825 2428 ‚
849 2355 919 2418 in
951 2352 1285 2439 quadrato
1320 2360 1388 2417 et
1418 2352 1692 2418 schedis
1720 2376 1831 2418 neo
1860 2353 2121 2417 amabile
2139 2400 2152 2415 .

263 2451 412 2517 856.
460 2452 951 2519 Munrmom
998 2473 1217 2530 QUAM
1260 2475 1452 2517 surr
1488 2500 1502 2517 .
1545 2450 1737 2516 Unus
1780 2449 2184 2516 Wakefieldi
2229 2473 2342 2516 eo-

109 2547 238 2612 dex
269 2597 286 2626 ‚
335 2553 610 2617 scilicet
653 2573 738 2615 ex
781 2550 1251 2616 emendatione
1296 2551 1483 2616 docti
1523 2550 1680 2615 Itali
1703 2597 1719 2625 ‚
1762 2550 2343 2627 Munrnuoms,

105 2654 288 2713 recte
319 2673 334 2713 ε
363 2672 535 2716 nam
560 2650 949 2714 multimode&
979 2637 1382 2714 adiectivum
1408 2649 1639 2735 lingua
1659 2648 1904 2713 Latina
1930 2668 2070 2711 non
2098 2669 2343 2735 agnos-

111 2747 199 2810 cit
227 2795 242 2823 ‚
286 2769 703 2834 quamquam
746 2749 1008 2813 totmoda
1054 2746 1389 2812 Catullum
1431 2747 1786 2833 scripsisse
1813 2745 2007 2811 multi
2036 2747 2343 2813 credide·
2421 2739 2424 2742 ¹

109 2854 264 2910 runt
298 2848 441 2925 115,
459 2850 505 2913 4
537 2895 551 2911 .
588 2848 687 2912 ita
712 2848 782 2912 in
809 2870 898 2922 w,
920 2847 1078 2913 1155
1107 2847 1476 2912 multimodis
1503 2884 1586 2893 —
1617 2846 1771 2911 Esse
1797 2848 1862 2909 in
1891 2847 2122 2911 deliciis
2159 2896 2173 2912 .
2218 2847 2343 2913 sed

115 2962 282 3026 quae
323 2945 643 3030 proxime
686 2953 1006 3011 secuntur
1028 2993 1044 3020 ‚
1057 2945 1260 3032 facile
1301 2945 1414 3010 hoc
1457 2946 1787 3011 adcredere
1816 2947 2018 3030 possis
2044 2993 2062 3025 ,
2092 2945 2346 3011 Semina

111 3062 284 3128 saepe
310 3047 380 3109 in
410 3047 623 3111 eodem
639 3094 657 3126 ,
677 3057 749 3110 ut
770 3068 935 3110 nuno
961 3055 1102 3109 sunt
1120 3091 1136 3120 ,
1159 3046 1372 3109 ordine
1392 3056 1571 3130 posta
1597 3093 1615 3125 ‚
1646 3064 1867 3129 neque
1896 3043 2164 3128 plenam
2193 3066 2343 3109 sen-

115 3142 391 3207 tentiam
422 3143 725 3209 efficiunt
752 3165 973 3229 neque
1003 3143 1413 3208 orationem:
1437 3164 1594 3207 nam
1625 3149 1695 3206 et
1721 3143 1913 3207 nostri
1941 3144 2211 3227 corporis
2238 3163 2343 3208 se·

116 3238 289 3304 mina
314 3243 782 3330 intellegenda
811 3250 968 3308 sunt
987 3291 1001 3317 ‚
1025 3249 1092 3307 et
1123 3241 1443 3306 credibile
1475 3248 1580 3306 est
1605 3242 1742 3305 hoc
1764 3289 1780 3317 ,
1803 3260 1884 3304 ea
1906 3261 2111 3326 saepe
2131 3241 2201 3305 in
2233 3264 2343 3307 eo-

123 3334 269 3401 dem
291 3341 539 3406 ordine
561 3342 790 3426 posita
810 3343 953 3406 olim
957 3341 1160 3428 fuisse
1177 3388 1190 3404 .
1211 3361 1293 3404 ea
1308 3361 1474 3404 vero
1496 3341 1804 3404 omnibus
1825 3338 2073 3404 litteris
2092 3342 2349 3426 scripta

122 3445 274 3501 sunt
304 3460 386 3503 eo
418 3462 625 3505 versu
657 3441 772 3525 qui
801 3447 959 3504 octo
989 3439 1134 3502 aliis
1161 3438 1532 3504 interiectis
1564 3439 1869 3525 sequitur
1887 3486 1904 3517 ,

281 3535 423 3602 865.
481 3538 711 3603 Hinc
768 3559 1040 3601 EADEM
1083 3584 1099 3612 ‚
1163 3559 1459 3614 omnus
1504 3561 1542 3601 n
1587 3559 1803 3601 Nunc
1850 3558 2002 3601 nos
2048 3559 2346 3615 sumne,

126 3648 330 3696 ANTE
361 3657 684 3700 mussa:
715 3635 895 3700 hunc
936 3636 1141 3722 igitur
1185 3635 1279 3701 ad
1319 3636 1672 3722 superiora
1707 3632 2167 3698 revocandum
2197 3657 2347 3701 esse

130 3739 409 3812 apparet
438 3781 451 3796 .
486 3732 637 3817 quis
680 3741 913 3816 autem·
947 3733 1080 3797 hoc
1120 3733 1283 3797 mihi
1312 3780 1329 3808 ‚
1356 3740 1434 3796 ut
1476 3733 1730 3818 primus
1776 3732 2071 3796 dicerem
2098 3779 2114 3807 ‚
2160 3753 2201 3796 a
2242 3741 2351 3800 tot

130 3829 610 3897 tractatoribus
638 3832 946 3896 relictum
977 3852 1127 3896 esse
1157 3830 1443 3896 credat?

286 3927 427 3993 861.
473 3951 873 3993 Mtsi-:Rnsr
911 3952 1173 3994 ronrn
1206 3950 1298 3992 An
1319 3949 1628 4004 011ΕοοΕ
1661 3949 2143 3994 rurunnmsr
2184 3978 2197 3992 .
2245 3930 2350 3996 Ne

133 4014 259 4085 hoc
302 4027 572 4110 quidem
618 4027 958 4112 quomodo
996 4025 1503 4112 procurandum
1548 4034 1728 4091 esset
1771 4027 2125 4112 quisquam
2168 4030 2350 4114 prio·—

139 4133 291 4196 ΗΠΒ,
301 4121 475 4190 vidit
490 4174 503 4189 .
527 4125 958 4191 scribendum
990 4133 1095 4189 est
1120 4126 1339 4190 misere
1367 4146 1400 4187 s
1418 4148 1443 4188 1
1456 4124 1627 4211 sorte
1645 4174 1658 4188 .

292 4219 430 4287 863.
475 4247 557 4288 11>
601 4247 977 4302 QuomAM
1017 4248 1183 4289 mox
1218 4247 1507 4288 Eximi:
1542 4271 1558 4300 ,
1600 4247 1955 4300 ESSEQUE
1989 4246 2351 4288 Pnomm:

141 4306 217 4373 11,
231 4334 377 4381 mm
409 4311 424 4383 ζ
468 4320 821 4408 Oblongus
849 4346 1026 4398 mox,
1059 4321 1432 4406 quadratus
1461 4346 1589 4387 mos
1611 4349 1632 4386 .·
1662 4329 2010 4388 corrector
2039 4319 2356 4406 quadrati

144 4412 209 4469 et
234 4412 561 4484 Antonius
591 4443 694 4485 Μο
711 4443 802 4485 Rs
832 4469 845 4484 .
883 4420 1247 4486 Turnebus
1278 4443 1518 4506 esseque
1537 4421 1820 4506 prohibet
1862 4469 1874 4483 .
1924 4417 2355 4484 scribendum
