2840 5008
504 396 594 462 66
1600 393 1629 460 Ι

504 590 706 633 versu
748 569 939 631 vitai-s·
983 564 1343 631 (licendum
1387 589 1537 631 esse
1582 567 1847 633 docebo
1892 565 1982 630 ad
2027 567 2268 633 librum
2315 592 2414 644 111,
2434 569 2552 633 374
2605 618 2619 632 .
2674 572 2747 633 in

502 668 698 732 fastis
714 665 1172 729 Praenestinis
1192 664 1473 729 Verrius
1490 664 1777 729 Flaccus
1795 666 1999 729 semel
2018 688 2106 728 1v.
2127 666 2189 729 k.
2207 666 2364 730 Mai.
2383 667 2746 745 dedicata-et,

503 764 837 830 in.iisdem
868 782 1070 847 saepe
1101 764 1380 826 dedicata
1409 775 1495 827 est
1531 813 1543 826 .
1590 762 1837 826 Festus
1867 785 1930 846 p.
1949 763 2091 838 334,
2117 765 2145 828 l
2170 764 2512 828 Verrione
2542 786 2635 829 an
2668 787 2745 829 se

506 873 785 929 auctore
814 861 1163 947 scripserit
1179 871 1653 946 praetervecta&
1681 907 1698 935 ‚
1740 862 1856 923 vix
1886 861 2045 925 licet
2075 882 2404 945 quaerere
2441 912 2454 924 .
2501 863 2568 924 in
2595 863 2741 925 Lu-

507 963 634 1027 cilii
663 949 989 1026 'versibus
1027 1007 1042 1033 ‚
1091 959 1205 1043 qui
1250 969 1406 1051 sunt
1451 958 1636 1042 apud
1677 957 1970 1023 Nonium
2014 959 2155 1042 p.2,
2174 959 2254 1023 29
2295 968 2746 1025 monstruose

506 1060 840 1146 corrupti,
861 1067 1167 1123 monstra
1192 1057 1343 1140 ipsa
1371 1068 1457 1120 est
1475 1057 1693 1121 vocali
1717 1077 1841 1121 sua
1861 1064 2247 1122 truncatum
2268 1057 2481 1121 fuisse
2506 1065 2743 1122 osten-

506 1160 679 1224 dunt
707 1207 723 1232 ‚
755 1159 830 1222 In
857 1180 1109 1221 numero
1135 1178 1394 1242 qnorum
1422 1179 1585 1219 manc
1604 1157 1833 1240 primii?
1873 1157 1931 1218 T
1920 1156 2184 1220 rebelliu'
2210 1157 2455 1219 multost
2482 1157 2743 1220 Imciu':

504 1282 652 1324 nam
692 1267 874 1320 sanat
894 1256 1097 1343 febris
1132 1302 1150 1334 ,
1190 1254 1423 1316 senium
1445 1301 1462 1331 ‚
1490 1255 1776 1317 vomit-mn
1797 1301 1814 1333 ,
1834 1277 1958 1338 pus
1993 1279 2016 1315 .·
2063 1253 2216 1319 libri
2262 1248 2435 1317 ‘enim
2477 1252 2744 1320 habent

503 1357 719 1419 multos
757 1355 916 1418 Titos
945 1353 1175 1416 Isacios
1201 1350 1758 1437 narcesibaifebvis
1780 1400 1793 1413 .
1825 1350 2003 1414 idem
2033 1351 2332 1416 Lucilius
2356 1351 2550 1437 apud
2578 1373 2742 1416 eun-

508 1454 659 1518 dem
689 1475 753 1536 p.
777 1451 934 1524 78‚9
976 1451 1168 1514 omnis
1205 1451 1270 1512 in
1296 1460 1481 1512 vinast
1506 1450 1632 1514 Res
1672 1448 1901 1512 homini
1941 1450 2125 1534 bulqa
2154 1497 2172 1529 ,
2213 1450 2397 1535 bulqa
2441 1450 2597 1514 haec
2636 1452 2740 1513 de-

504 1554 701 1615 vincta
730 1551 953 1611 lacerto
982 1557 1068 1610 est
1089 1572 1124 1628 ‚··
1151 1548 1266 1611 ubi
1306 1546 1461 1611 libri
1489 1548 1555 1609 in
1581 1570 1711 1610 una
1735 1548 1845 1610 seti
1872 1547 2208 1611 hominibus
2236 1548 2424 1633 bulya
2453 1548 2607 1611 haec
2634 1550 2741 1611 de-

504 1651 702 1711 vincta
743 1657 900 1708 certo
941 1656 1026 1707 est
1063 1693 1075 1707 .
1120 1645 1190 1707 in
1223 1644 1565 1708 Ciceronis
1595 1644 2043 1708 accusationis
2085 1643 2255 1708 libro
2303 1669 2347 1719 1,
2373 1645 2492 1709 153
2533 1646 2741 1710 scribi

508 1747 714 1812 debet
757 1744 1058 1808 communi
1087 1744 1404 1827 praesidio
1448 1743 1586 1806 talis
1626 1743 1959 1827 inprobitas
1994 1754 2305 1829 tamquam
2348 1745 2608 1829 aliquod
2641 1737 2738 1807 in-

508 1845 783 1907 cendiwn
823 1842 1366 1924 restinyuendumst
1399 1889 1415 1918 ,
1464 1840 1621 1924 quia
1668 1839 2035 1904 Vaticanus
2079 1862 2143 1924 p.
2174 1840 2298 1904 410
2340 1841 2486 1904 Mai
2529 1840 2740 1907 habet

507 1938 992 2024 restinyuendum
1019 1938 1095 1998 sit
1126 1962 1146 1998 .·
1183 1937 1384 2020 vulgo
1417 1938 1633 2002 minus
1666 1937 2006 2022 eleganter
2042 1941 2473 2024 restinyuenda
2504 1952 2595 2003 est
2623 1989 2636 2002 .
2670 1941 2739 2003 in

509 2035 792 2123 Vergilii
833 2034 1197 2121 georgicon
1241 2054 1312 2105 11,
1327 2030 1450 2094 272
1506 2032 1775 2117 legebat
1826 2037 2134 2100 multumst
2179 2036 2411 2100 Velius
2455 2038 2736 2124 Longus

506 2161 570 2223 p.
590 2135 756 2204 2238
786 2182 799 2196 .
844 2132 1171 2196 Horatius
1211 2131 1281 2192 in
1327 2129 1618 2193 carmine
1658 2133 1987 2195 saeculari
2017 2141 2086 2197 et
2113 2135 2184 2198 in
2214 2142 2462 2219 quarto
2496 2136 2737 2199 carmi-

505 2257 664 2300 num
706 2233 880 2296 libro
918 2229 1158 2315 longas
1197 2229 1470 2292 vocales
1509 2249 1647 2290 non
1680 2228 1854 2292 elisit
1888 2254 1901 2292 ε
1942 2252 2116 2316 ergo
2146 2234 2216 2298 in
2256 2233 2460 2298 huius
2503 2236 2735 2321 ecloga

507 2335 709 2400 tertia
735 2330 1009 2414 scripsit
1047 2330 1259 2393 Totum
1286 2329 1556 2390 muneris
1582 2326 1695 2389 hoc
1723 2329 2046 2406 tuist,non
2074 2333 2161 2392 tui
2189 2344 2273 2394 est
2299 2381 2312 2394 .
2346 2340 2416 2395 et
2445 2334 2736 2416 protulit

508 2433 650 2498 eius
679 2430 864 2494 modi
891 2448 1029 2490 non
1055 2426 1238 2489 nulla
1262 2423 1553 2489 Orellius
1577 2445 1614 2488 e
1637 2423 1874 2488 codice
1895 2424 2221 2490 Bernensi
2242 2427 2733 2515 antiquissimo,

506 2540 583 2597 ut
611 2539 888 2619 quantost
903 2576 919 2606 ‚
941 2527 1144 2590 tantist
1155 2574 1173 2604 ,
1197 2536 1423 2609 eryost,
1447 2525 1863 2610 quaes-imma,
1892 2523 1965 2586 in
1992 2546 2374 2590 sermonum
2406 2552 2450 2608 1,
2481 2531 2534 2603 1,
2553 2530 2640 2594 59
2668 2538 2735 2593 et

505 2632 574 2695 in
617 2637 763 2694 arte
791 2626 1071 2714 poetica
1110 2625 1233 2688 304
1262 2623 1385 2689 353
1413 2623 1542 2687 409
1578 2671 1592 2685 .
1638 2622 1705 2685 in
1747 2628 2321 2706 pentametrorum
2349 2627 2543 2691 exitu
2572 2625 2732 2692 Ovi-

509 2722 660 2793 diu⁸s
691 2727 1044 2811 scripsisse
1073 2723 1417 2811 putandus
1449 2724 1730 2807 estpars
1757 2723 1915 2786 bona
1954 2724 2170 2785 montis
2211 2735 2337 2785 east
2364 2771 2383 2803 ,
2425 2747 2584 2789 cura
2622 2749 2732 2790 no-

490 2838 647 2891 'vata
672 2836 867 2888 meast
877 2872 894 2902 ,
913 2847 1097 2887 sacra
1126 2822 1404 2907 royanda
1424 2823 1582 2884 viast
1593 2869 1611 2898 ‚
1629 2821 1796 2884 laesa
1806 2821 2025 2908 fiyura
2055 2830 2213 2882 tuost
2225 2820 2432 2906 ‚serre
2455 2836 2701 2906 yram!
2712 2871 2730 2902 ‚

505 2948 627 2988 non
657 2923 939 2986 adeunda
956 2921 1167 3006 podest
1179 2967 1196 2998 ,
1213 2920 1430 3003 palma
1446 2918 1709 3003 petenda
1737 2918 1970 2996 mihist,
1993 2940 2220 3002 repexa
2247 2919 2483 2982 modost
2508 2946 2533 3002 ‚·
2568 2921 2731 2984 item

508 3019 820 3087 Tibullus
848 3041 969 3082 non
998 3018 1104 3081 tibi
1134 3017 1293 3079 culta
1323 3027 1553 3079 comast
1572 3064 1589 3095 ,
1628 3026 1841 3100 aperta
1868 3017 2025 3078 viast
2038 3016 2245 3101 ,facta
2272 3016 2471 3080 tubast
2485 3065 2501 3091 ‚
2512 3020 2732 3102 puella

508 3121 719 3184 bona-st
745 3165 762 3196 ,
797 3117 966 3180 salva
983 3114 1199 3199 puella
1227 3113 1387 3175 tibist
1412 3137 1438 3194 5
1471 3111 1870 3196 Propertius
1900 3114 2112 3177 clausa
2129 3115 2346 3198 puella
2372 3127 2563 3178 meast
2575 3163 2597 3194 ,
2619 3118 2730 3180 illa

490 3219 717 3304 fictura
743 3224 937 3278 meast
961 3262 978 3292 ,
995 3212 1196 3298 ’siqua
1222 3221 1384 3275 tuast
1405 3258 1424 3290 ,
1449 3211 1776 3300 perfidia-st
1799 3259 1817 3290 ‚
1855 3233 2039 3275 caeca
2065 3212 2221 3274 viast
2244 3259 2262 3290 ,
2292 3213 2347 3274 si
2361 3214 2614 3297 patiare
2644 3216 2728 3278 le-

505 3325 630 3378 vest
655 3361 673 3392 ‚
714 3314 781 3375 in
809 3333 1016 3375 amore
1042 3319 1233 3373 rotas-t
1256 3357 1271 3385 ,
1313 3332 1479 3373 nunc
1503 3309 1654 3372 mihi
1682 3310 1877 3373 dulci-s·
1904 3320 2127 3395 aquast
2147 3358 2165 3387 ‚
2202 3310 2506 3379 invidiosa.
2520 3310 2700 3375 demet
2710 3360 2728 3391 ‚

515 3408 907 3495 Carpathium
946 3430 1118 3472 omne
1155 3419 1380 3472 marest
1401 3457 1418 3486 ,
1451 3431 1681 3472 ancora
1707 3409 1873 3471 iacta
1897 3406 2101 3471 ‘mihist
2121 3433 2141 3470 .·
2169 3400 2391 3493 neque
2423 3407 2726 3473 Catullus

507 3508 701 3573 aliter
730 3505 957 3571 dicere
985 3505 1210 3590 potuit
1227 3551 1241 3578 ‚
1266 3504 1388 3568 sed
1418 3503 1692 3588 scripsit
1706 3504 2041 3588 pollicitast
2056 3553 2073 3584 ,
2105 3506 2287 3589 ouspa
2315 3517 2474 3570 tua-st
2496 3555 2515 3587 ,
2550 3507 2727 3571 duloe

505 3607 707 3671 milti-st
733 3654 751 3686 ,
791 3607 1071 3670 laetitia-st
1099 3653 1116 3684 ,
1158 3603 1314 3688 quia
1348 3604 1420 3667 in
1458 3602 1573 3667 illa
1611 3603 2019 3686 pentametri
2056 3612 2254 3687 parte
2284 3604 2474 3669 elisio
2493 3605 2725 3669 locum

504 3720 642 3769 non
667 3703 879 3768 habet
900 3752 915 3768 .
942 3704 1171 3786 itaque
1200 3702 1640 3785 Priapeorum
1669 3705 1911 3786 poeitae
1943 3700 2241 3765 similiter
2270 3703 2440 3767 cle-ast
2460 3752 2476 3779 ‚
2503 3715 2723 3784 meast,

503 3814 664 3866 tamt
687 3852 705 3881 ‚
726 3805 1130 3881 mei-damasc,
1164 3807 1230 3864 et
1257 3799 1590 3863 Martialis
1610 3809 1803 3862 meast
1822 3847 1840 3877 ,
1871 3809 2031 3863 mast
2052 3847 2070 3878 ‚
2101 3800 2303 3864 datast
2325 3848 2343 3879 ‚
2361 3803 2592 3885 pilast,
2621 3826 2721 3866 ro·

503 3910 629 3961 east
654 3946 670 3976 ,
704 3901 859 3962 viast
881 3948 899 3977 ‚
936 3911 1133 3963 casa-st
1157 3946 1174 3978 ,
1203 3898 1413 3985 ferast
1428 3945 1443 3973 ‚
1461 3899 1667 3983 ,qula-st
1678 3945 1696 3976 ‚
1713 3908 1957 3982 yravest
1971 3942 1985 3971 ‚
2004 3898 2232 3973 bene-st,
2255 3898 2446 3974 tibist,
2465 3899 2723 3974 homost,

506 3994 859 4060 Sardiniast
880 4043 895 4069 ‚
927 3997 1293 4081 suppositam
1318 4042 1333 4069 ‚
1365 3996 1747 4079 sandapila-sl
1760 4042 1775 4069 ,
1797 3996 2131 4070 luxuria-st,
2141 3997 2458 4081 piqritiast
2471 4043 2487 4071 ,
2511 3997 2721 4061 chera-

497 4101 673 4176 9rast
703 4138 716 4163 ‚
747 4092 1103 4174 pudicitiast
1124 4140 1140 4166 ‚
1168 4092 1472 4180 difficilest
1498 4092 1635 4175 (sic
1662 4092 1864 4175 plane
1891 4092 2278 4157 Puteaneus
2304 4094 2375 4156 in
2402 4093 2721 4178 xm,48)‚

502 4190 784 4263 similest,
817 4192 1139 4256 condicio-st
1176 4238 1189 4251 .
1238 4195 1444 4274 atque
1476 4189 1711 4254 eadem
1738 4191 2001 4255 ratione
2030 4190 2393 4276 Propertio
2425 4192 2723 4278 cogimur

502 4287 888 4351 adscribere
922 4288 1052 4351 hoc
1070 4289 1274 4373 ‚facta
1299 4290 1560 4372 superba
1589 4290 1750 4353 ἀραῖς
1779 4312 1876 4364 111,
1896 4288 1993 4370 33,
2020 4290 2126 4365 14,
2150 4295 2220 4352 et
2249 4288 2514 4354 Catullo
2532 4293 2718 4377 polli-

503 4385 664 4448 cita’s
692 4385 790 4459 66,
810 4385 890 4448 34
921 4391 989 4467 et
1020 4385 1244 4447 Lesbia
1284 4392 1491 4449 amata
1530 4389 1713 4450 mea's
1741 4388 1840 4460 87,
1859 4386 1897 4449 2
1932 4409 1948 4463 ;
2001 4405 2404 4471 quamquam
2434 4383 2718 4451 Ovidius
