2840 5008
1191 352 1259 419 v
2087 445 2099 455 ,
2219 353 2350 419 199

95 553 259 597 arma
287 530 577 615 antiqua
606 549 839 592 manus
868 548 1127 613 ungues
1159 526 1535 611 dentesque
1565 525 1841 590 fuerunt
1859 575 1874 601 ,

95 656 152 711 et
176 645 441 732 lapides
476 653 544 710 et
570 645 731 709 item
762 644 1078 708 silvarum
1106 642 1434 728 fragmina
1461 643 1656 717 rami,

55 782 68 825 5
93 771 149 826 et
172 761 441 826 flamma
471 767 678 846 atque
706 759 894 845 ignes
913 809 928 835 ,
951 765 1112 845 post
1142 779 1339 842 quam
1369 764 1527 821 sunt
1557 757 1825 842 cognita
1851 757 2133 845 primum
2155 804 2168 817 .

90 875 611 985 posterius=ferri
638 875 739 938 vis
772 883 874 939 est
903 874 1209 958 aerisque
1237 879 1537 958 reperta.
2223 858 2228 861 Δ

90 1000 145 1054 et
170 992 355 1076 prior
386 990 566 1054 aeris
600 997 744 1053 erat
773 1011 974 1074 quam
1000 988 1160 1052 ferri
1192 988 1501 1074 cognitus
1529 1010 1724 1063 usus,

91 1127 209 1190 quo
238 1104 463 1169 facilis
491 1104 703 1190 magis
736 1112 837 1168 est
864 1109 1107 1167 natura
1139 1110 1204 1166 et
1234 1104 1428 1190 copia
1456 1104 1697 1167 maior.
1773 1095 1782 1107 ’

90 1242 229 1285 aere
258 1220 486 1284 solum
515 1227 737 1284 terrae
764 1220 1152 1284 tractabant
1169 1267 1183 1293 ‚
1210 1239 1500 1303 aereque
1529 1212 1685 1282 belli

51 1336 448 1400 amiscebant
474 1334 719 1399 fluctus
751 1342 820 1398 et
846 1334 1126 1397 vulnera
1152 1342 1348 1398 vasta
1377 1333 1694 1398 serebant

94 1459 149 1513 et
175 1473 384 1536 pecus
418 1458 626 1535 atque
655 1470 854 1535 agros
885 1449 1303 1515 adimebant:
1325 1471 1479 1512 nam
1507 1448 1699 1513 facile
1731 1449 1877 1512 ollis

95 1566 295 1628 omnia
325 1564 671 1630 cedebant
698 1566 966 1629 armatis
993 1564 1179 1628 nuda
1208 1572 1275 1629 et
1302 1565 1557 1628 inerma
1574 1614 1587 1627 .

91 1679 232 1743 inde
258 1681 642 1745 minutatim
670 1681 1006 1767 processit
1031 1680 1289 1744 ferreus
1323 1679 1504 1743 ensis
1523 1729 1538 1755 ‚

92 1816 408 1881 versaque
437 1797 512 1860 in
542 1796 974 1880 obprobrium
1004 1797 1262 1882 species
1295 1802 1397 1859 est
1423 1795 1613 1859 falcis
1645 1795 1900 1859 ahenae
1918 1844 1932 1870 ‚

49 1917 147 1974 5et
170 1910 352 1975 ferro
387 1931 678 1996 coepere
708 1911 922 1975 solum
951 1910 1391 1996 proscindere
1420 1918 1643 1975 terrae

95 2033 593 2112 exaequataque
625 2034 783 2091 sunt
813 2026 1071 2113 creperi
1103 2027 1465 2091 certamina
1492 2026 1648 2091 belli
1665 2074 1679 2088 .

98 2149 154 2205 et
177 2143 360 2228 prius
393 2149 500 2206 est
530 2150 854 2206 armatum
881 2142 951 2205 in
983 2143 1136 2227 equi
1168 2141 1623 2205 conscendere
1655 2149 1880 2205 costas

97 2264 152 2319 et
174 2256 592 2323 moderarier
620 2236 800 2321 hunc
829 2257 1035 2321 frenis
1068 2256 1443 2343 dextraque
1475 2257 1702 2343 vigere

97 2392 275 2455 quam
301 2373 535 2458 biiugo
570 2395 767 2436 curru
794 2373 953 2438 belli
981 2381 1311 2461 temptare
1341 2372 1593 2460 pericla
1610 2422 1623 2435 .

49 2499 70 2547 0
95 2493 151 2550 et
171 2487 434 2576 biiugos
465 2489 652 2577 prius
684 2495 787 2553 est
816 2511 1014 2574 quam
1043 2489 1145 2555 bis
1177 2488 1583 2575 coniungere
1612 2488 1808 2553 binos

98 2610 154 2666 et
179 2624 376 2687 quam
404 2604 743 2668 falciferos
773 2612 1099 2668 armatum
1129 2604 1493 2669 escendere
1524 2626 1759 2668 currus
1778 2652 1792 2666 .

96 2716 235 2782 inde
262 2721 482 2785 boves
510 2721 698 2784 lucas
727 2721 968 2785 turrito
1003 2742 1291 2807 corpore
1308 2771 1325 2801 ,
1350 2728 1591 2794 tetram,

99 2835 520 2919 anguimanus
540 2885 555 2911 ‚
577 2835 731 2900 belli
763 2834 1142 2900 docuerunt
1169 2836 1447 2901 volnera
1471 2835 1682 2899 Poeni

101 2948 356 3015 sufferre
391 2958 461 3015 et
487 2972 760 3038 magnas
789 2951 1029 3015 Martis
1060 2952 1331 3015 turbare
1362 2959 1668 3015 catervas
1686 3001 1699 3014 .

45 3077 76 3120 »5
99 3063 180 3127 sic
208 3066 338 3130 alid
373 3088 461 3129 ex
489 3066 617 3129 alio
647 3067 914 3152 peperit
942 3066 1283 3130 discordia
1309 3067 1548 3142 tristis,

101 3177 402 3246 horribile
430 3181 736 3245 humanis
769 3181 955 3266 quod
984 3183 1294 3267 gentibus
1327 3190 1507 3246 esset
1533 3183 1601 3246 in
1633 3185 1858 3259 armiS‚

86 3291 280 3378 inque
311 3296 459 3361 dies
487 3296 645 3361 belli
673 3298 1043 3361 terroribus
1075 3296 1339 3362 addidit
1368 3318 1680 3383 augmen.

173 3409 614 3499 Temptarunt
644 3412 839 3476 etiam
868 3420 1099 3477 tauros
1130 3414 1197 3477 in
1227 3434 1538 3479 moenere
1567 3415 1753 3486 belli,

107 3528 478 3612 expertique
508 3549 663 3591 sues
693 3549 931 3591 saevos
961 3536 1119 3593 sunt
1145 3529 1408 3593 mittere
1436 3530 1505 3593 in
1535 3529 1784 3594 hostiS.

42 3648 81 3695 10
108 3645 165 3700 et
187 3641 444 3705 validos
474 3643 716 3726 partim
744 3664 908 3728 prae
938 3666 1011 3707 se
1040 3644 1278 3707 misere
1308 3645 1540 3709 leones

109 3772 237 3818 cum
265 3756 665 3826 doctoribus
691 3759 960 3823 armatis
991 3760 1343 3845 saevisque
1369 3758 1703 3845 magistris
1719 3807 1733 3833 ,

112 3870 207 3951 qui
230 3871 639 3937 moderarier
667 3872 772 3938 his
804 3884 1083 3958 possent
1110 3875 1481 3961 vinclisque
1511 3881 1742 3937 tenere
1761 3922 1775 3948 ‚

111 4004 183 4046 ne
209 3989 521 4074 quiquam
539 4036 555 4064 ‚
580 3988 894 4073 quoniam
922 3991 1256 4075 permixta
1286 3989 1494 4054 caede
1527 3988 1820 4053 calentes

120 4269 228 4318 1285
263 4270 438 4323 flamm
493 4269 513 4339 ΙΙ
573 4275 702 4322 1288
741 4270 965 4323 maiore.
1021 4271 1042 4339 ΙῙ
1101 4278 1228 4325 1294
1268 4272 1506 4341 speciest
1543 4273 1562 4341 ΙΙ
1602 4272 1848 4325 athenae.
1890 4268 1909 4336 ΙΙ
1953 4274 2079 4321 1300
2116 4266 2293 4334 biiugo
2332 4266 2352 4334 ΙΙ

125 4352 229 4402 1302
263 4371 349 4407 cas
387 4355 408 4423 ΙΙ
446 4360 646 4406 tetros.
686 4352 707 4423 ΙΙ
750 4359 876 4406 1307
916 4353 1068 4406 bellis
1991 4373 2014 4387 ·
