2840 5008
1275 374 1337 438 V

152 552 217 613 in
248 549 481 613 medio
514 556 596 613 ut
623 548 945 633 propulsa
973 569 1098 611 suo
1130 546 1472 611 condensa
1502 549 1742 624 coiret,

128 652 291 728 'tam
322 664 546 749 magis
582 641 940 747 expressus
971 662 1186 726 salsus
1219 660 1303 725 de
1334 683 1621 747 corpore
1651 663 1864 727 sudor

156 780 453 864 augebat
480 799 666 841 mare
695 775 1028 840 manando
1063 798 1469 861 camposque
1499 780 1790 842 natantis
1808 827 1822 852 ‚
1857 823 1868 837 ,

159 901 225 957 et
252 901 450 957 tanto
480 892 693 977 magis
722 892 834 955 illa
860 890 1044 954 foras
1076 891 1302 955 elabsa
1331 892 1651 955 volabant

26 1026 116 1088 ἶ400
157 1030 452 1093 corpora
480 1007 692 1070 multa
720 1006 991 1091 vaporis
1023 1013 1091 1069 et
1120 1005 1292 1068 aeris
1313 1055 1327 1080 ,
1358 1006 1626 1091 altaque
1656 1008 1821 1070 caeli

160 1122 540 1186 densabant
568 1120 806 1207 procul
835 1140 874 1182 a
903 1120 1099 1183 terris
1129 1119 1451 1205 fulgentia
1482 1121 1755 1205 templa.

160 1237 473 1302 sidebant
500 1237 751 1321 campi,
776 1236 1167 1298 crescebant
1195 1236 1531 1299 montibus
1562 1237 1710 1299 altis

163 1373 479 1415 ascensus
501 1375 515 1413 ε
541 1370 763 1434 neque
796 1351 965 1412 enim
999 1356 1312 1433 poterant
1339 1348 1688 1413 subsidere
1720 1373 1883 1416 saxa

162 1488 287 1530 nec
314 1466 566 1551 pariter
594 1462 986 1528 tantundem
1019 1485 1248 1527 omnes
1280 1465 1713 1528 succumbere
1741 1469 1980 1551 partis,

52 1597 127 1642 495
248 1581 357 1644 Sic
385 1581 586 1664 igitur
614 1590 833 1642 terrae
864 1565 1180 1641 concreto
1213 1600 1498 1663 corpore
1527 1579 1793 1664 pondus

164 1695 463 1759 constitit
481 1744 495 1770 ‚
520 1702 723 1777 atque
753 1693 966 1756 omnis
996 1692 1223 1756 mundi
1255 1693 1446 1776 quasi
1476 1693 1666 1757 limus
1694 1696 1759 1757 in
1790 1697 1987 1761 imum

165 1809 481 1873 confluxit
508 1808 734 1893 gravis
765 1816 833 1870 et
861 1806 1163 1871 subsedit
1190 1806 1493 1871 funditus
1524 1817 1600 1873 ut
1627 1810 1811 1888 faex3

162 1923 316 1987 inde
344 1944 521 1987 mare
540 1972 556 1998 ,
577 1921 734 1985 inde
765 1928 912 1997 aar,
931 1921 1088 1984 inde
1119 1921 1355 1984 aether
1381 1922 1620 2006 ignifer
1648 1925 1794 2011 ipse
1814 1977 1827 1989 .

28 2017 29 2044 1

166 2039 553 2123 corporibus
584 2036 851 2121 liquidis
883 2046 1041 2100 sunt
1071 2037 1290 2099 omnia
1319 2059 1490 2121 pura
1519 2039 1782 2102 relicta:

61 2169 131 2214 500
169 2161 228 2215 et
257 2153 502 2216 leviora
532 2152 675 2215 aliis
706 2152 863 2226 alia,
889 2160 955 2214 et
982 2151 1457 2235 liquidissimus
1489 2152 1721 2215 aether

165 2277 356 2352 atque
383 2267 755 2330 levissimus
787 2266 998 2328 aerias
1028 2287 1232 2351 super
1259 2265 1473 2329 influit
1502 2288 1697 2329 auras
1714 2315 1728 2340 ‚

30 2359 43 2492 f
165 2403 280 2444 nec
307 2380 626 2466 liquidum
657 2402 902 2464 corpus
931 2381 1354 2443 turbantibus
1385 2381 1554 2444 aeris
1586 2382 1763 2456 auris

30 2497 41 2613 1
168 2497 561 2560 commiscet.
587 2494 743 2558 sinit
772 2494 882 2557 hic
912 2494 1220 2558 violentis
1251 2494 1473 2559 omnia
1494 2499 1674 2561 verti

165 2612 517 2674 turbinibus
538 2660 552 2686 ‚
578 2610 734 2673 sinit
758 2610 1029 2673 incertis
1059 2611 1331 2673 turbare
1364 2612 1703 2695 procelliS‚

63 2738 127 2783 505
162 2725 291 2811 ipse
319 2748 476 2789 suos
505 2725 676 2810 ignis
709 2732 894 2786 certo
924 2723 1057 2787 fert
1082 2725 1328 2808 impete
1359 2725 1621 2789 labens,

168 2861 301 2902 nam
329 2838 587 2904 modice
616 2838 821 2901 fluere
852 2849 1053 2922 atque
1081 2861 1218 2902 uno
1248 2861 1449 2924 posse
1481 2840 1756 2904 aethera
1783 2842 1932 2904 nisu

171 2955 473 3037 significat
500 2954 760 3018 Pontos
780 3003 794 3028 ‚
816 2974 995 3016 mare
1027 2962 1211 3017 certo
1244 2953 1431 3038 quod
1461 2954 1603 3018 fluit
1630 2962 1821 3018 aestu

170 3090 347 3132 unum
375 3066 645 3132 labendi
677 3089 1083 3131 conservans
1115 3090 1330 3153 usque
1359 3076 1690 3132 tenorem.

239 3183 565 3265 [Motibus
596 3190 928 3246 astrorum
957 3203 1135 3244 nunc
1166 3205 1337 3266 quae
1367 3185 1453 3246 sit
1484 3205 1688 3247 causa
1718 3206 2064 3249 canamus.

67 3306 132 3353 510
164 3296 461 3382 principio
493 3317 774 3380 magnus
805 3297 969 3360 caeli
999 3297 1054 3358 si
1083 3282 1371 3360 vortitur
1402 3298 1583 3362 orbis
1603 3347 1617 3373 ,

167 3429 235 3472 ex
259 3420 535 3496 utraque
566 3412 790 3496 polum
824 3412 995 3497 parti
1026 3432 1326 3498 premere
1356 3410 1514 3475 aera
1541 3413 1734 3475 nobis

166 3522 495 3589 dicendum
525 3532 630 3589 est
661 3533 984 3610 extraque
1015 3533 1244 3588 tenere
1276 3534 1343 3588 et
1373 3526 1688 3590 claudere
1716 3529 2077 3613 utrimque3

162 3637 292 3701 inde
320 3641 517 3703 alium
548 3661 755 3726 supra
782 3640 988 3703 fluere
1019 3650 1222 3724 atque
1250 3639 1603 3723 intendere
1636 3640 1976 3717 deorsum,

70 3761 128 3808 515
159 3749 287 3815 hinc
315 3754 508 3847 alium
541 3761 776 3839 supter
795 3803 810 3829 ‚
834 3762 1070 3817 contra
1099 3754 1212 3838 qui
1244 3754 1576 3818 subvehat
1605 3757 1869 3831 orbem3

160 3872 220 3927 ut
242 3865 469 3932 fluvios
503 3888 775 3931 versare
804 3877 992 3932 rotas
1024 3876 1226 3953 atque
1257 3877 1485 3933 austra
1512 3868 1817 3932 videmus
1835 3920 1848 3933 .

67 3988 129 4035 514
163 3998 270 4062 quo
297 3981 634 4046 volvenda
662 3984 908 4047 micant
938 3984 1192 4046 aeterni
1222 3982 1445 4046 sidera
1473 3983 1733 4047 mundi.

165 4340 342 4395 eodem
380 4344 399 4413 ΙΙ
441 4352 536 4396 515
578 4346 692 4398 Aut
728 4346 747 4413 ΙΙ
787 4347 903 4415 quis
942 4345 960 4413 ΙΙ
1001 4350 1099 4396 516
1137 4344 1331 4398 fluvius

33 4274 43 4619 3

2301 379 2435 447 173

164 4263 238 4309 491
273 4260 577 4315 Densabant
631 4264 650 4331 Η
706 4269 804 4315 500
841 4263 1010 4315 levior
1065 4263 1082 4332 ΙΙ
1141 4269 1237 4315 503
1279 4263 1562 4318 Commisci
1604 4264 1624 4332 ss
1661 4265 1788 4318 haec
1826 4267 1845 4333 Η
1886 4272 1981 4317 507
2021 4273 2186 4333 ponto
2227 4265 2247 4331 Η
2286 4270 2382 4314 513
