2840 5008
521 389 663 458 240
1585 387 1691 456 VI

359 580 485 627 1020
516 568 628 627 aer
658 584 698 625 a
726 569 917 646 tergo
952 562 1140 645 quasi
1166 561 1501 645 provehat
1529 570 1732 649 atque
1761 565 2124 650 propellat.

519 698 781 762 semper
814 680 982 739 enim
1012 676 1255 739 circum
1285 677 1546 760 positus
1575 698 1684 741 res
1712 679 2026 743 verberat
2054 685 2199 742 aer:

522 790 643 855 sed
674 792 789 855 tali
817 792 893 854 fit
919 791 1018 853 uti
1046 790 1378 875 propellat
1407 798 1708 878 tempore
1736 791 1986 855 ferrum
2004 840 2021 871 ,

388 984 399 991 A
521 914 716 992 parte
746 904 931 990 quod
962 926 1046 967 ex
1074 926 1207 967 una
1236 906 1521 989 spatium
1551 915 1747 969 vacat
1777 913 1843 969 et
1873 907 2053 992 capit
2079 907 2146 969 in
2176 928 2250 969 se
2271 954 2286 968 .

360 1038 490 1084 1030
518 1021 629 1084 hic
648 1069 663 1095 ‚
685 1021 804 1084 tibi
834 1040 1031 1104 quem
1058 1040 1352 1082 memoro
1374 1069 1389 1095 ‚
1412 1041 1533 1104 per
1563 1021 1798 1085 crebra
1825 1019 2150 1084 foramina
2177 1020 2335 1085 ferri

521 1156 766 1220 parvas
797 1133 884 1198 ad
913 1134 1123 1221 partis
1154 1133 1485 1198 subtiliter
1513 1134 1886 1199 insinuatus
1904 1183 1919 1210 ‚

521 1249 736 1314 trudit
768 1257 834 1313 et
860 1248 1151 1334 inpellit,
1175 1248 1365 1331 quasi
1395 1268 1629 1311 navem
1659 1249 1941 1333 velaque
1971 1255 2243 1312 ventus.

361 1381 489 1427 1034
521 1363 808 1449 denique
837 1383 947 1426 res
979 1382 1208 1426 omnes
1238 1361 1490 1425 debent
1515 1362 1582 1425 in
1614 1382 1896 1447 corpore
1925 1362 2172 1426 habere

523 1484 680 1542 aera
698 1527 713 1554 ‚
739 1474 1281 1561 quandoquidem
1310 1497 1465 1539 raro
1496 1482 1653 1539 sunt
1682 1496 1969 1560 corpore
1999 1482 2067 1538 et
2095 1481 2209 1539 aer

525 1591 828 1655 omnibus
861 1596 964 1653 est
991 1590 1193 1653 rebus
1224 1590 1471 1653 circum
1502 1589 1700 1653 datus
1730 1587 2242 1675 adpositusque.

523 1705 633 1769 hic
661 1705 858 1789 igitur
878 1752 892 1778 ‚
916 1704 1181 1789 penitus
1214 1704 1324 1788 qui
1354 1705 1423 1767 in
1453 1702 1702 1768 ferrost
1730 1702 1998 1768 abditus
2029 1710 2172 1783 aer,

526 1819 812 1883 sollicito
842 1824 1026 1881 motu
1056 1838 1320 1904 semper
1347 1819 1635 1882 iactatur
1667 1839 1883 1903 eoque

524 1935 839 1999 verberat
867 1932 1152 1995 anellum
1184 1930 1385 1997 dubio
1418 1934 1656 2020 procul
1685 1942 1751 1996 et
1781 1932 1911 1996 ciet
1936 1933 2145 2007 intuS‚

364 2066 496 2112 1040
528 2048 810 2112 scilicet:
833 2047 941 2110 ille
973 2030 1208 2111 eodem
1237 2046 1450 2111 fertur
1469 2096 1484 2123 ‚
1509 2069 1642 2132 quo
1674 2047 2137 2133 praecipitavit

524 2163 653 2226 iam
683 2161 885 2224 semel
914 2168 981 2225 et
1009 2170 1267 2247 partem
1293 2162 1362 2225 in
1391 2182 1669 2226 vacuam
1700 2161 2047 2226 conamina
2077 2162 2387 2244 sumpsit.

608 2276 716 2340 Fit
747 2297 1017 2360 quoque
1048 2284 1125 2339 ut
1154 2297 1193 2339 a
1222 2275 1445 2361 lapide
1474 2276 1606 2340 hoc
1634 2275 1795 2340 ferri
1823 2283 2063 2339 natura
2089 2274 2365 2338 recedat
2453 2328 2462 2343 .

526 2393 702 2455 inter
732 2389 889 2452 dum
909 2439 924 2466 ‚
947 2389 1179 2474 fugere
1210 2398 1413 2476 atque
1444 2391 1634 2474 sequi
1665 2397 1985 2454 consueta
2013 2389 2330 2453 vicissim.

528 2506 826 2570 exulta-re
859 2504 1057 2569 etiam
1085 2503 1549 2570 Samothracia
1573 2506 1795 2569 ferrea
1822 2503 1962 2569 vidi

367 2636 491 2681 1045
527 2628 593 2684 et
620 2628 920 2685 ramenta
949 2620 1142 2684 simul
1168 2618 1327 2684 ferri
1355 2619 1577 2684 furere
1605 2621 1784 2684 intus
1814 2619 2047 2683 ahenis

526 2735 593 2797 in
624 2734 912 2820 scaphiis
932 2783 946 2810 ‚
970 2735 1138 2820 lapis
1168 2735 1278 2798 hic
1307 2736 1588 2821 Magnes
1619 2757 1767 2798 cum
1796 2732 2105 2798 subditus
2136 2742 2337 2796 esset:

526 2870 742 2932 usque
773 2848 942 2912 adeo
971 2848 1201 2934 fugere
1233 2851 1316 2913 ab
1348 2857 1534 2913 saxo‘
1545 2848 1792 2934 gestire
1820 2847 2115 2912 videtur.

529 2983 682 3025 aere
711 2964 887 3026 inter
914 2963 1140 3048 posito
1172 2961 1511 3028 discordia
1537 2970 1728 3028 tanta
1758 2971 2024 3027 creatur

527 3084 890 3163 propterea
920 3078 1075 3162 quia
1095 3126 1111 3154 ‚
1132 3079 1203 3141 ni
1232 3078 1464 3141 mirum
1484 3128 1498 3154 ,
1522 3079 1705 3164 prius
1736 3085 1962 3142 aestus
1993 3077 2105 3142 ubi
2136 3072 2308 3139 aeris

367 3207 499 3254 1050
529 3192 875 3279 praecepit
902 3191 1367 3277 ferrique‘vias
1396 3192 1705 3277 possedit
1733 3201 2031 3278 apertam,

529 3306 862 3390 posterior
891 3306 1130 3394 lapidis
1161 3308 1346 3371 venit
1376 3315 1602 3371 aestus
1634 3316 1702 3373 et
1730 3310 1949 3371 omnia
1977 3306 2177 3394 plena

529 3421 783 3484 invenit
810 3421 874 3484 in
905 3420 1084 3485 ferro
1107 3470 1122 3496 ,
1143 3443 1363 3506 neque
1390 3423 1603 3488 habet
1634 3445 1766 3507 qua
1793 3431 2019 3486 tranet
2044 3428 2121 3484 ut
2150 3425 2338 3483 ante:

532 3535 790 3620 cogitur
822 3536 1147 3600 offensare
1176 3536 1376 3621 igitur
1402 3538 1809 3623 pulsareque
1837 3535 2045 3600 fluctu

526 3650 748 3714 ferrea
775 3659 964 3716 texta
992 3673 1149 3729 suo;
1175 3673 1308 3737 quo
1339 3660 1543 3737 pacto
1574 3651 1831 3737 respuit
1859 3651 1941 3714 ab
1974 3671 2048 3714 se

367 3780 496 3826 1055
528 3773 731 3850 atque
762 3787 882 3851 per
913 3788 1026 3830 aes
1057 3767 1297 3851 agitat,
1324 3768 1465 3831 sine
1498 3790 1578 3831 eo
1610 3766 1795 3851 quod
1826 3785 2028 3850 saepe
2057 3759 2391 3827 resorbet.

610 3879 783 3942 Illud
814 3881 882 3943 in
910 3880 1015 3943 his
1046 3884 1248 3946 rebus
1281 3882 1504 3945 mirari
1532 3883 1718 3946 mitte
1738 3931 1754 3957 ‚
1779 3879 1965 3966 quod
1995 3885 2221 3942 aestus
2351 3861 2361 3868 ⁶

529 4015 668 4057 non
696 3994 878 4057 valet
909 4016 943 4056 6
974 3994 1195 4079 lapide
1224 3997 1358 4060 hoc
1388 3996 1552 4060 alias
1581 3997 1916 4082 impellere
1945 3996 2103 4059 item
2131 4013 2265 4057 res.

541 4281 668 4328 1026
706 4275 784 4329 Er
837 4274 858 4346 Η
917 4277 1045 4328 1032
1084 4278 1281 4330 ventis.
1338 4276 1358 4345 ΙΙ
1417 4284 1547 4331 1040
1594 4277 1685 4329 illo
1740 4277 1760 4346 ΙΙ
1819 4281 1949 4329 1046
1996 4274 2188 4343 scapiis
2244 4272 2265 4342 u
2323 4278 2451 4324 1047
2498 4289 2539 4328 a.
2578 4267 2597 4336 ΙΙ
2652 4261 2751 4315 1056

536 4358 618 4412 his
652 4360 754 4412 bie.
2614 4389 2618 4393 ·
2773 4379 2798 4386 ”
