2840 5008
552 416 580 483 1
595 416 639 484 8
1465 426 1468 429 ’
1638 412 1669 480 1

525 597 615 654 -et
656 588 785 651 alia
826 585 1256 673 philosophia
1295 586 1720 671 instructis),
1764 588 2089 671 eleqantem
2132 594 2357 650 tamen
2390 590 2458 650 in
2493 611 2606 655 sua
2628 611 2740 653 ma-

462 736 483 751 .
544 688 697 751 teria
726 680 874 749 esse
905 684 1254 748 concedit:
1286 683 1471 748 solus
1493 684 1934 749 Eichstadius
1963 695 2516 769 p.1,xxvn'1,xmx
2541 686 2606 749 in
2629 687 2741 751 hoc

543 792 747 872 poeta
767 834 784 864 ,
828 804 961 869 quo
1004 782 1254 845 nullum
1300 783 1429 848 sibi
1471 783 1860 868 per‘omnia
1890 783 2267 848 similiorem
2301 786 2625 870 cognovi,
2657 786 2740 848 in-

543 882 1012 969 aequalitatem
1040 880 1377 965 quandam
1401 888 1472 945 et
1494 881 2019 966 discrepantiam
2041 883 2371 946 orationis
2396 883 2739 968 deprehen·
2795 928 2796 931 ,

545 982 645 1047 dit
665 1029 681 1057 ‚
723 981 906 1048 unde
947 1001 1217 1044 carmen
1260 1002 1344 1044 ex
1383 981 1681 1045 auctoris
1723 1001 1925 1044 manu
1965 982 2312 1045 incohatum
2349 994 2408 1045 et
2434 983 2585 1045 rude
2609 1002 2739 1066 pro-

544 1080 725 1145 disse
763 1080 986 1162 neque
1037 1099 1078 1141 a
1128 1086 1516 1142 correctore
1569 1078 1735 1141 satis
1784 1085 2175 1142 constanter
2221 1079 2594 1165 expolitum
2630 1080 2736 1142 sibi

543 1198 954 1265 cognoscere
996 1176 1183 1240 visus
1231 1184 1373 1252 est3
1414 1178 1474 1240 is
1522 1177 1779 1241 scilicet
1819 1177 2059 1261 qui-ne
2099 1177 2466 1242 manifesta
2507 1162 2738 1262 quidem

541 1286 727 1342 recte
754 1274 1200 1340 intellexisset
1217 1321 1232 1348 ,
1258 1280 1336 1335 ut
1367 1275 1482 1357 qui
1513 1275 1953 1357 coniungeret
1979 1274 2157 1337 inter
2187 1298 2261 1340 se
2281 1276 2463 1340 haec
2481 1277 2550 1339 in
2569 1298 2626 1349 v,
2646 1274 2740 1337 118

530 1401 660 1463 par
698 1399 820 1440 esse
857 1374 980 1436 ritu
1018 1372 1351 1456 Giyantum
1372 1420 1389 1451 ,
1432 1371 1502 1433 in
1531 1393 1601 1433 v1
1617 1418 1634 1445 ‚
1667 1371 1820 1434 1067
1848 1373 2237 1456 sinyulariter
2266 1398 2642 1453 memorare,
2685 1374 2739 1435 in

542 1499 593 1538 11
610 1523 626 1550 ‚
650 1472 771 1538 402
812 1495 924 1536 ora
971 1472 1247 1534 centauri
1289 1493 1508 1555 sapore
1542 1481 1937 1556 pertorquent
1954 1518 1971 1548 ,
2015 1478 2084 1534 et
2128 1472 2293 1536 alias
2344 1473 2613 1537 ‹tentam-i
2630 1471 2741 1557 seri

541 1583 769 1636 natura
804 1592 1023 1654 sapore
1048 1579 1447 1655 pertorquent
1484 1592 1596 1646 ora
1617 1617 1634 1647 ,
1680 1569 1748 1631 in
1792 1590 1862 1630 vx
1880 1613 1897 1642 ‚
1920 1567 2043 1632 238
2081 1569 2220 1633 vini
2247 1572 2375 1633 vim
2403 1571 2740 1635 mobiliorem

545 1669 677 1734 dici
720 1668 1111 1753 opinaretur
1134 1714 1150 1741 ,
1193 1675 1262 1730 et
1303 1667 1372 1729 in
1410 1690 1501 1740 ιν,
1524 1666 1647 1731 864
1688 1667 1982 1751 lanyuida
2013 1668 2305 1732 anhelare
2345 1669 2460 1731 vel
2487 1686 2741 1751 corpora

543 1766 653 1831 vel
688 1768 987 1830 membra
1009 1812 1025 1840 ‚
1068 1765 1136 1827 in
1169 1787 1277 1839 111,
1301 1764 1423 1829 683
1469 1766 1755 1827 animam
1797 1788 1988 1828 cresse
2029 1765 2093 1828 in
2131 1769 2434 1851 sanquine
2470 1763 2739 1850 quodibi

543 1866 882 1952 potuisset
922 1887 1200 1942 cernere,
1239 1863 1308 1926 in'
1336 1887 1415 1927 111
1447 1870 1669 1927 autem
1698 1863 1819 1926 775
1862 1864 2078 1928 obruat
2112 1872 2395 1948 putaret
2432 1864 2645 1929 valere
2677 1860 2736 1923 id

548 1963 734 2050 quod
770 1969 1054 2048 proruat
1097 1970 1166 2025 et
1203 1985 1285 2036 11,
1317 1962 1474 2025 1137
1494 1985 1804 2048 proquam
1833 1984 2191 2047 perquam,
2218 1965 2387 2027 item
2415 1964 2487 2026 in
2515 1985 2615 2035 111,
2641 1959 2738 2024 569

542 2073 851 2129 moventur
890 2061 962 2125 id
1006 2060 1192 2147 quod
1230 2068 1543 2134 movent,
1587 2060 1881 2145 denique
1920 2060 1992 2124 in
2035 2085 2088 2134 1,
2111 2062 2235 2126 508
2284 2063 2527 2147 Corpus
2552 2084 2619 2123 ea
2640 2080 2736 2121 non

545 2175 629 2228 est
644 2163 742 2226 ita
761 2163 1321 2245 interpretaretur
1335 2207 1351 2235 ‚
1376 2158 1638 2243 Corpus
1661 2165 1907 2222 natura
1925 2158 2060 2223 loci
2080 2181 2216 2223 non
2240 2169 2351 2224 est
2375 2210 2390 2224 .
2422 2159 2544 2224 sed
2563 2158 2735 2240 Berg-

543 2261 696 2325 kius
728 2281 889 2324 suae
920 2258 1006 2323 de
1034 2258 1170 2322 hoc
1197 2265 1403 2342 poeta
1427 2258 1800 2321 sententiae
1825 2267 2169 2322 auctorem
2187 2258 2280 2322 M.
2300 2258 2594 2321 Tullium
2611 2275 2733 2339 per-

544 2358 774 2434 hibet3
829 2356 1013 2442 quod
1065 2354 1373 2441 profecto
1426 2378 1564 2419 non
1612 2354 1871 2420 faceret
1894 2403 1909 2431 ‚
1959 2356 2086 2420 nisi
2140 2357 2223 2421 ab
2273 2355 2426 2420 aliis
2472 2371 2735 2418 seorsum

549 2480 747 2545 quam
787 2454 1179 2542 simpliciter
1206 2453 1510 2519 iudicare
1539 2453 1885 2519 maluisset
1906 2502 1919 2518 .
1949 2475 2101 2518 nam
2131 2454 2443 2520 Marcum
2470 2453 2735 2541 plerique

549 2581 698 2624 cum
737 2558 908 2621 haec
939 2554 1027 2619 ad
1059 2553 1385 2633 Quintum
1412 2552 1690 2617 fratrem
1720 2555 1791 2618 in
1820 2554 1993 2619 libro
2024 2577 2107 2628 11,
2136 2554 2206 2616 11
2242 2554 2594 2641 scripsisse
2619 2570 2733 2614 cre-

548 2656 885 2720 didissent
906 2703 921 2729 ‚
953 2654 1230 2718 Lucretii
1243 2663 1534 2737 poemata
1562 2664 1630 2716 ut
1653 2654 1866 2716 scribis
1893 2655 1979 2716 ita
2005 2665 2180 2728 sunt,
2212 2676 2336 2717 non
2364 2654 2563 2717 multis
2587 2648 2734 2714 lumi-

544 2756 720 2818 nibus
738 2754 970 2838 inqenii
983 2801 1000 2831 ,
1021 2753 1248 2816 multae
1270 2762 1470 2815 tamen
1490 2753 1642 2814 artis
1659 2800 1675 2826 ‚
1698 2750 1936 2815 addita
1956 2750 2214 2815 scilicet
2233 2751 2453 2835 priori
2473 2749 2733 2814 membro

546 2850 839 2936 negandi
878 2850 1213 2935 particula
1233 2897 1250 2924 ‚
1295 2871 1495 2934 quam
1538 2848 1692 2913 libri
1729 2850 2048 2936 ignorant
2069 2895 2085 2922 ‚
2127 2871 2163 2912 e
2201 2850 2546 2913 contraria
2570 2850 2734 2932 parte

545 2949 658 3014 ille
706 2948 1064 3013 Cicerones
1108 2948 1424 3011 Lucretio
1469 2948 1808 3034 ingenium
1853 2948 2270 3012 concessisse
2314 2946 2555 3012 statuit
2580 2992 2594 3017 ‚
2633 2938 2734 3005 sed

549 3045 825 3110 eosdem
861 3045 932 3109 in
975 3066 1055 3108 eo
1098 3066 1337 3129 parum
1377 3046 1543 3109 artis
1588 3066 1737 3109 esse
1775 3045 2114 3109 iudicasse
2144 3094 2160 3109 .
2206 3045 2396 3130 quod
2436 3046 2506 3109 in
2531 3041 2733 3107 Marco

549 3166 710 3209 sane
754 3142 1130 3208 mirandum
1171 3147 1353 3207 esse‘t
1375 3192 1391 3220 ‚
1437 3144 1685 3228 quippe
1729 3144 1842 3228 qui
1883 3144 2025 3207 eius
2059 3144 2224 3207 artis
2256 3166 2391 3229 qua
2416 3138 2733 3208 Lucretius

549 3242 760 3326 pollet
797 3263 882 3305 ne
915 3241 1249 3305 minimam
1281 3241 1553 3325 quidem
1581 3248 1844 3326 partem
1870 3243 1950 3305 in¹
1969 3243 2376 3309 carminibus
2407 3240 2534 3306 suis
2560 3235 2734 3300 adse-

552 3346 745 3403 cutus
777 3348 957 3403 esset
979 3387 994 3401 .
1027 3346 1264 3402 contra
1290 3338 1471 3403 idem
1501 3361 1619 3403 cur
1641 3361 1859 3424 pauca
1877 3341 2104 3425 inqenii
2124 3342 2360 3404 lumina
2380 3342 2449 3404 in
2471 3328 2734 3402 Lucretii

552 3438 845 3501 carmine
874 3437 1456 3514 animadverterit,
1487 3453 1626 3502 non
1656 3446 1887 3526 potest
1917 3440 2278 3504 obscurum
2305 3459 2492 3501 esse:
2520 3451 2660 3497 nam
2684 3425 2732 3489 ei

547 3536 807 3600 Enniu's
838 3542 907 3599 et
926 3536 1152 3600 'Attius
1185 3558 1265 3600 ea
1285 3558 1361 3600 re
1382 3538 1675 3622 inqeniosi
1695 3537 2121 3612 videbantur,
2153 3536 2338 3622 quod
2360 3523 2732 3599 oblectando

551 3634 878 3699 docerent
918 3641 984 3696 et
1027 3634 1259 3697 animis
1302 3634 1655 3698 movendis
1697 3635 2114 3720 corrigerent
2155 3654 2379 3697 mores
2402 3682 2417 3696 .
2451 3650 2571 3716 pro
2608 3622 2733 3689 Mu-

549 3731 715 3797 rena
758 3733 839 3797 30
882 3731 1128 3796 Etenim
1171 3741 1239 3793 ut
1279 3734 1369 3795 ait
1401 3735 1744 3817 inqeniosus
1770 3744 1957 3818 poeta
1997 3744 2052 3796 et
2089 3743 2300 3796 auctor
2337 3730 2510 3795 valde
2547 3727 2731 3794 bonus,

537 3833 794 3916 proeliis
825 3830 1228 3915 promulqatis
1265 3828 1525 3893 Pellitur
1561 3856 1594 3894 e
1628 3832 1826 3896 medio
1857 3855 1979 3895 non
2015 3833 2209 3896 solum
2246 3832 2363 3894 ista
2397 3837 2587 3894 vestra
2621 3839 2731 3885 ver·

550 3928 695 3992 bosa
729 3929 1030 3991 simulatio
1060 3927 1426 4011 prudentiae
1445 3977 1462 4007 ,
1502 3930 1609 3992 sed
1646 3931 1828 3994 etiam
1857 3932 1995 4015 ipsa
2020 3931 2134 3994 illa
2161 3930 2408 3993 domina
2431 3943 2628 3990 rerum
2650 3937 2731 3980 εα-

538 4026 779 4111 pientia
799 4073 816 4103 ,
853 4025 912 4086 vi
935 4026 1172 4108 yeritur
1198 4047 1295 4087 res
1317 4074 1330 4087 .
1371 4047 1499 4110 pro
1529 4025 1803 4090 Plancio
1836 4027 1915 4091 59
1964 4028 2138 4107 Quae
2168 4028 2410 4111 scripsit
2429 4020 2625 4109 yram's
2646 4011 2733 4077 ille

552 4133 608 4186 et
639 4122 984 4205 inqeniosus
1000 4131 1184 4206 poeta
1204 4170 1221 4201 ,
1261 4144 1382 4186 non
1407 4135 1479 4188 ut
1499 4125 1633 4187 illos
1660 4127 1856 4209 reqios
1871 4148 2103 4211 pueros
2122 4173 2139 4204 ,
2182 4126 2289 4210 qui
2313 4126 2441 4187 iam
2466 4128 2733 4202 nusquam

550 4230 727 4284 erant
744 4268 762 4299 ,
800 4220 910 4282 sed
945 4231 1013 4282 ut
1045 4242 1154 4283 nos
1194 4232 1249 4284 et
1282 4234 1513 4287 nostros
1549 4222 1769 4286 liberos
1796 4225 1881 4286 ad
1906 4225 2172 4287 laborem
2202 4234 2259 4286 et
2285 4222 2371 4285 ad
2394 4216 2623 4284 laudem
2647 4212 2732 4271 ἐῶ·-

549 4321 787 4384 citaret.

718 4416 956 4481 14.E1
996 4438 1344 4500 nArmos
2374 4409 2728 4478 16.T12s1-:-

1555 4418 1903 4482 ’15.ΙΝ1)Ε
1946 4438 2166 4482 FERE'
