2840 5008
477 369 618 436 328
1558 369 1617 434 V

472 541 717 606 Latina
743 541 812 605 in
835 539 1115 608 Graecis
1145 544 1504 619 abstinuit,
1534 545 1744 610 credo
1769 545 1957 630 quod
1982 547 2063 611 iis
2092 547 2263 612 illud
2292 552 2318 613 i
2333 599 2349 626 ‚
2378 551 2562 636 quod
2585 561 2689 617 est

475 648 632 704 ante
676 646 907 703 notam
955 661 1154 706 casus
1184 689 1203 722 ,
1260 640 1592 707 Graecum
1636 641 1997 709 videbatur
2027 692 2043 720 ‚
2100 655 2179 710 ut
2221 669 2408 712 more
2449 650 2693 714 Latino

472 739 829 823 praeteriri
871 760 1007 802 non
1049 747 1289 825 posset
1310 786 1324 801 .
1370 760 1583 824 quare
1623 739 1822 806 facile
1868 742 2073 807 credo
2104 743 2398 809 Ennium
2422 745 2690 812 ‘dixisse

472 835 806 900 Brundisii
828 838 969 901 sive
988 837 1301 902 Brentesii
1318 861 1537 923 sar-921³
1558 829 1744 922 apud
1760 839 2117 923 Apuleium
2142 842 2233 906 de
2252 846 2482 931 magia
2502 845 2690 930 p.487

474 932 650 999 Oud.
669 981 686 1010 ‚
728 945 797 1000 et
825 935 1168 1000 Manilium
1197 935 1268 999 in
1298 959 1368 1014 11,
1389 937 1513 1000 740
1541 937 2036 1002 Dodecatemorii
2069 987 2085 1015 ‚
2127 962 2352 1027 neque
2382 951 2508 1013 aut
2525 942 2692 1007 Ver-

472 1031 632 1118 gilio
664 1033 1080 1118 eripiendum
1113 1055 1261 1099 esse
1291 1035 1603 1113 Palladii,
1644 1035 1830 1119 quod
1861 1044 1966 1101 est
1992 1038 2063 1100 in
2092 1062 2165 1102 rx
2194 1040 2363 1104 Aen.
2399 1042 2556 1117 151,
2588 1053 2695 1105 aut

473 1132 795 1197 Terentio
818 1133 954 1197 Rus
970 1132 1153 1198 Sunii
1169 1135 1400 1219 ecquod
1413 1133 1672 1197 habeam
1686 1132 1855 1197 Eun.
1870 1158 1969 1210 111,
1982 1135 2041 1211 3,
2061 1137 2153 1200 13.
2174 1145 2480 1203 ceterum
2499 1141 2694 1224 paulo

475 1230 806 1295 curiosius
837 1251 1037 1315 quam
1069 1230 1525 1296 Sverdsiovus
1567 1231 1733 1296 fecit
1773 1254 1836 1316 p.
1855 1233 1937 1297 66
1968 1233 2352 1301 docendum
2397 1247 2555 1302 erat
2585 1240 2696 1303 ob-

474 1330 926 1394 servationem
955 1329 1243 1394 Bentleii
1272 1331 1610 1415 scriptura
1637 1330 1858 1417 legum
1901 1333 2332 1418 antiquarum
2359 1358 2588 1421 usque
2616 1335 2696 1399 ad

471 1428 760 1514 Augusti
789 1428 1204 1512 principatus
1228 1429 1425 1493 finem
1448 1438 1842 1495 constanter
1866 1440 1932 1495 et
1962 1432 2103 1495 sine
2124 1432 2262 1497 ulla
2291 1433 2697 1520 exceptione

473 1526 896 1590 confirmari.
936 1527 1007 1589 in
1025 1526 1284 1591 Thoria
1322 1527 1569 1614 legitur
1608 1530 1801 1592 iudici
1828 1529 1957 1608 35,
1997 1531 2237 1620 aedifici
2275 1529 2395 1607 99,
2438 1534 2512 1596 in
2545 1533 2697 1597 Ser-

470 1625 629 1688 vilia
651 1626 861 1689 com-ili
887 1647 953 1708 p.
973 1625 1054 1688 68
1070 1673 1086 1700 ‚
1117 1626 1185 1689 in
1209 1626 1355 1712 lege
1384 1627 1545 1712 pagi
1568 1626 1974 1692 Herculanei
2005 1629 2107 1693 On.
2130 1628 2426 1710 Laetori,
2457 1631 2529 1693 in
2551 1631 2695 1717 lege

473 1721 560 1785 de
579 1721 1012 1788 Termesibus
1035 1723 1400 1788 maioribus
1422 1723 1671 1788 Pisidis
1691 1727 1938 1810 portori
1962 1748 2030 1800 11,
2046 1727 2127 1789 34
2145 1773 2161 1800 ,
2182 1727 2254 1790 in
2275 1728 2545 1792 Rubria
2563 1753 2693 1793 mu-

469 1822 694 1907 nieipei
733 1820 829 1894 1‚6
856 1868 872 1896 ‚
914 1822 984 1885 in
1011 1821 1179 1885 Iulia
1206 1823 1594 1907 municipali
1633 1825 1929 1909 murticipi
1965 1823 2082 1888 149
2120 1824 2233 1888 152
2270 1827 2390 1890 154
2427 1827 2551 1891 159
2573 1876 2591 1903 ‚
2630 1827 2694 1891 in

471 1918 621 2004 lege
661 1918 1095 1984 fontanorum
1139 1919 1324 2006 apud
1359 1920 1697 1984 Marinum
1737 1920 1808 1984 in
1848 1921 2211 1986 Arvalibus
2243 1947 2307 2010 p.
2326 1925 2409 1988 70
2455 1925 2695 1990 heiu-sce

445 2019 705 2104 ‘conleqi
735 2068 751 2095 ,
790 2021 860 2084 in
891 2020 1169 2085 decreto
1200 2019 1445 2084 Pisano
1475 2021 1697 2105 imperi
1735 2042 1778 2094 1,
1797 2020 1836 2083 9
1863 2068 1881 2099 ,
1919 2019 2047 2085 Ga‘i
2074 2033 2129 2087 et
2157 2023 2325 2089 Luci
2354 2046 2398 2098 1,
2415 2023 2505 2087 38
2531 2070 2548 2099 ‚
2575 2023 2697 2111 slli

472 2143 541 2196 11,
559 2122 615 2186 7.
641 2132 712 2187 at
732 2123 1013 2189 Verrius
1037 2123 1320 2188 Flaccus
1342 2124 1410 2187 in
1433 2122 1631 2187 fastis
1653 2122 2113 2187 Praenestinis
2136 2143 2259 2185 vm
2284 2121 2346 2184 k.
2370 2121 2514 2185 Ian.
2542 2125 2604 2187 T
2595 2147 2693 2202 ar-

469 2222 600 2285 vilii
616 2248 636 2285 .·
663 2222 733 2285 in
753 2223 1044 2309 Augusti
1072 2242 1294 2286 rerum
1322 2222 1547 2286 indice
1578 2221 1784 2286 semel
1812 2223 2089 2307 conyiari
2112 2243 2210 2295 111,
2245 2220 2323 2284 10
2340 2268 2358 2295 ,
2388 2220 2518 2285 sed
2549 2243 2693 2286 sae-

470 2320 623 2402 pius
654 2322 785 2385 alio
825 2321 1030 2386 modo
1050 2368 1066 2396 ‚
1108 2323 1232 2385 divi
1259 2322 1413 2387 IulI
1432 2320 1571 2395 1v‚2
1589 2321 1671 2385 24
1708 2344 1797 2395 vl,
1815 2319 1930 2395 32,
1973 2320 2207 2405 colleyI
2224 2342 2313 2395 ιν,
2333 2319 2413 2382 37
2435 2368 2452 2395 ,
2479 2322 2703 2405 proelI

471 2440 560 2494 ιν,
576 2418 656 2482 43
679 2468 697 2499 ,
748 2420 992 2504 quibus
1020 2422 1045 2483 i
1071 2419 1266 2490 binas
1296 2419 1655 2506 significari
1684 2418 1856 2482 haec
1888 2417 2138 2482 docent
2161 2464 2177 2492 ‚
2218 2419 2365 2481 auri
2394 2419 2703 2483 coronat-I

470 2540 562 2597 ιν,
583 2516 697 2594 26,
727 2520 888 2584 Iovis
909 2519 1166 2585 Feretrl
1188 2541 1276 2595 ιν,
1295 2520 1333 2583 5
1362 2542 1453 2593 v1,
1472 2518 1546 2599 31
1573 2565 1587 2582 .
1618 2519 1860 2603 nequis
1893 2525 2112 2582 autem
2141 2518 2502 2603 pinguiore
2532 2521 2558 2582 i
2586 2519 2689 2583 lit-

469 2624 656 2681 terae
680 2639 848 2681 sono
873 2620 1300 2704 collegjproelj
1315 2618 1535 2702 conubj
1550 2616 1903 2704 trisyllaba
1925 2615 2214 2681 dicenda
2237 2622 2438 2701 putet
2455 2665 2472 2691 ‚
2500 2638 2692 2702 quem

471 2714 832 2780 admodum
855 2738 1017 2781 sane
1041 2718 1293 2781 conubio
1316 2717 1636 2781 conubium
1659 2715 1916 2780 conubia
1942 2713 2261 2778 dixerunt
2276 2720 2552 2778 veteres
2576 2736 2693 2800 per

468 2814 494 2874 i
524 2822 1008 2879 consonantem
1030 2862 1046 2889 ,
1091 2814 1177 2878 ad
1211 2835 1356 2878 eam
1384 2814 1716 2877 rationem
1748 2813 1964 2897 concilj
1983 2812 2208 2876 media
2244 2811 2454 2897 longa
2482 2812 2693 2877 foret:

471 2932 551 2974 ea
575 2931 737 2974 vero
769 2934 1032 2997 semper
1057 2914 1419 2998 corripitur
1437 2963 1453 2988 ‚
1486 2920 1554 2977 et
1576 2921 1858 2975 accentu
1888 2911 2035 2974 solo
2070 2911 2277 2975 Valeri
2301 2910 2604 2974 vocandi
2633 2919 2697 2974 et

469 3010 790 3096 gignendi
834 3031 1032 3074 casus
1076 3011 1426 3076 distabant
1468 3010 1739 3097 Nigidio
1797 3009 1947 3093 (sed
1991 3008 2247 3073 Gellius
2290 3009 2361 3072 in
2404 3016 2695 3094 utroque

469 3108 755 3172 mediam
781 3109 1106 3195 syllabam
1131 3111 1422 3174 acuebat
1438 3156 1454 3184 ‚
1483 3132 1629 3184 xm,
1647 3108 1787 3192 25),
1816 3108 1975 3171 item
1996 3106 2335 3192 Vergilius
2368 3108 2541 3172 Caeli
2558 3132 2693 3193 spa-

470 3208 621 3270 tium
646 3208 717 3269 in
747 3207 864 3270 ecl.
885 3229 980 3281 111,
1009 3207 1131 3270 ‘105
1161 3229 1299 3271 non
1329 3209 1460 3272 alio
1493 3229 1662 3271 sono
1694 3206 1982 3291 protulit
2009 3226 2209 3290 quam
2240 3206 2298 3269 si
2329 3208 2572 3270 caelum
2601 3207 2693 3270 di-

472 3324 624 3367 cere
652 3305 979 3367 voluisset
996 3351 1010 3378 ‚
1037 3304 1260 3368 Varro
1284 3306 1518 3369 Plautii
1545 3326 1790 3370 nomen
1811 3325 1950 3368 non
1978 3303 2174 3381 aliter
2197 3303 2476 3368 dicebat
2500 3326 2690 3390 quam

471 3402 683 3465 Plauti
704 3449 718 3464 .
761 3401 943 3464 hunc
975 3400 1147 3463 enim
1179 3401 1265 3464 de
1294 3402 1522 3487 lingua
1550 3403 1794 3467 Latina
1823 3426 1949 3467 vm
1979 3426 2041 3487 p.
2060 3401 2184 3465 419
2213 3401 2312 3465 ita
2342 3403 2692 3488 scripsisse

470 3507 638 3587 puto
671 3500 848 3584 (nam
869 3499 1222 3564 Ritschelii
1246 3506 1314 3562 et
1337 3499 1681 3584 Spengelii
1704 3502 2078 3565 sententiae
2096 3547 2112 3575 ‚
2144 3520 2319 3584 quae
2345 3503 2690 3587 expositae

474 3606 632 3665 sunt
656 3600 727 3664 in
748 3598 1063 3684 Parergis
1086 3597 1414 3662 Plautinis
1437 3619 1501 3682 p.
1522 3597 1602 3660 25
1622 3646 1637 3673 ,
1667 3599 1829 3662 mihi
1851 3619 1989 3662 non
2011 3599 2177 3662 satis
2201 3597 2527 3684 faciunt),
2558 3600 2691 3663 Dis·

469 3702 696 3764 similia
725 3697 1192 3782 (Florentinus
1223 3698 1544 3782 dissimile)
1576 3697 1832 3760 Plautus
1861 3708 1917 3761 et
1943 3696 2224 3783 Plautius
2244 3744 2261 3775 ,
2303 3708 2361 3761 et
2389 3720 2692 3761 commune

471 3798 564 3862 M.
601 3797 814 3879 (Flor.
851 3798 948 3880 ut)
993 3797 1173 3860 huius
1203 3790 1423 3859 'Plauti
1456 3807 1511 3859 et
1538 3796 1748 3859 1118σοί
1788 3794 1810 3878 (
1823 3794 1999 3858 Flor.
2028 3796 2306 3878 marci)3
2349 3795 2479 3858 nisi
2507 3794 2690 3877 quod

471 3896 630 3957 hune
660 3896 972 3958 Plautium
1017 3894 1148 3976 (sic
1181 3894 1350 3956 enim
1383 3895 1626 3958 iterum
1659 3892 1907 3956 dicitur
1940 3913 2162 3956 rerum
2192 3893 2595 3956 rusticarum
2623 3913 2691 3962 11,

474 3993 529 4068 5,
550 3992 621 4074 5)
654 3991 941 4074 exempli
973 4012 1178 4055 causa
1203 3992 1293 4056 M.
1324 3991 1453 4056 feci
1471 4041 1488 4071 ,
1520 3993 1708 4055 cuius
1731 4012 1964 4054 verum
1987 4011 2402 4075 praenomen
2424 3992 2691 4076 ignoro:

471 4090 596 4155 sed
624 4089 825 4175 paulo
857 4096 1018 4171 post
1037 4138 1052 4163 ‚
1083 4113 1147 4173 p.
1167 4091 1289 4153 424
1309 4139 1324 4164 ,
1354 4092 1472 4156 ubi
1501 4090 1931 4174 perspicuum
1963 4095 2068 4153 est
2090 4088 2526 4153 scribendum
2550 4108 2692 4151 esse

469 4214 630 4253 nunc
645 4211 882 4274 ponam
899 4189 1281 4272 potissimum
1312 4213 1447 4252 eam
1479 4188 1690 4272 (Flor.
1709 4189 1875 4273 iam)
1910 4212 2034 4274 qua
2063 4188 2354 4251 dividitur
2385 4189 2579 4252 oratio
2605 4209 2692 4248 se-

473 4290 737 4352 cundum
779 4295 1066 4350 naturam
1106 4287 1172 4347 in
1201 4297 1486 4370 quattuor
1517 4287 1720 4371 partis
1741 4333 1759 4364 ,
1803 4285 1896 4350 ibi
1937 4286 2005 4348 in
2035 4283 2430 4350 Florentino
2464 4291 2568 4348 est
2603 4306 2691 4346 se-

472 4387 672 4450 cunda
695 4396 761 4448 ut
778 4395 1064 4448 naturam
1081 4432 1098 4462 ‚
1130 4394 1196 4446 ut
1216 4403 1341 4467 pro
1365 4406 1460 4446 m.
1494 4404 1632 4446 non
1658 4381 1855 4447 aliter
1880 4390 2101 4447 autem
2126 4403 2328 4467 quam
2357 4381 2690 4467 Vergilius
