2840 5008
514 377 653 446 396
1566 377 1666 444 VI

508 552 590 616 39
619 549 723 635 52)
742 598 757 624 ‚
787 549 1127 614 Romanos
1157 558 1375 616 autem
1407 552 1650 617 milites
1680 573 1895 636 parvo
1919 552 2175 637 oppido
2205 552 2496 638 formam
2523 555 2721 619 demi-

504 649 804 712 nutivam
827 648 1186 712 convenire
1208 655 1397 712 ratos
1422 649 1748 736 syllabam
1779 650 2254 734 paenultimam
2279 654 2723 738 corripuisse:

506 769 662 812 nam
691 747 777 811 de
804 770 846 809 n
873 745 1228 811 interiecto
1259 768 1395 809 non
1439 746 1780 813 laborabit
1810 749 1925 833 qui
1976 750 2392 813 Termera-sium
2421 753 2723 815 maiomam

508 847 862 911 Hsidarum
891 851 961 908 et
997 844 1384 909 Chersonmwi
1413 851 1484 907 et
1511 846 1976 909 thensaurorum
2003 847 2381 911 meminerit
2399 896 2413 911 .

671 946 1147 1008 SILAURATA
1189 942 1992 1008 METULLA.Corrector
2016 945 2291 1030 oblongi
2312 967 2720 1008 METALLA.

671 1044 812 1107 813.
846 1010 1141 1106 Nonne
1187 1063 1427 1105 vlnns
1474 1062 1813 1106 Annuus.
1847 1042 2117 1131 Optime
2149 1042 2305 1107 Itali
2332 1064 2720 1106 Amusvn.

668 1141 812 1206 815.
856 1138 1073 1219 Quos
1131 1162 1387 1203 OPERE
1433 1163 1517 1203 m
1561 1163 1752 1203 rAm
1806 1163 2166 1205 comnsr
2220 1165 2359 1205 vrs
2402 1162 2722 1213 MAGNA‚

432 1296 449 1307 ,
506 1261 966 1305 nscessnsr
1001 1285 1015 1300 .
1059 1236 1409 1323 Oblongus
1455 1238 1669 1323 prima
1711 1259 1913 1301 manu
1964 1240 2133 1319 Quo'.
2182 1239 2575 1323 quadratus
2600 1287 2614 1311 ‚
2656 1244 2722 1299 ut

430 1414 437 1419 ,
505 1359 709 1423 saepe
735 1385 752 1413 ,
793 1360 1025 1401 necesse
1054 1346 1166 1400 est.
1209 1334 1320 1398 hic
1350 1334 1653 1399 mirabile
1683 1342 1789 1399 est
1818 1356 2018 1420 quam
2062 1358 2294 1400 crassa
2321 1337 2497 1400 vitia
2525 1337 2719 1398 inter-

500 1444 733 1521 pretes
776 1433 1245 1520 praeterierint
1269 1481 1282 1495 .
1328 1431 1486 1496 vide
1517 1432 1688 1497 enim
1722 1454 1893 1517 quae
1937 1434 2358 1519 praecedant
2381 1484 2395 1497 .
2439 1435 2720 1519 primum

502 1535 662 1609 hoc,
694 1534 919 1598 Nonne
944 1532 1108 1595 vides
1137 1531 1382 1594 audisve
1397 1532 1612 1616 perire
1636 1532 1703 1594 'in
1732 1542 1995 1616 tempore
2012 1555 2210 1617 parvo
2234 1554 2426 1617 quam
2453 1529 2721 1595 soleant?

501 1632 657 1696 huic
688 1631 926 1716 aliquis
970 1627 1467 1714 adiungendum
1498 1636 1694 1713 putet
1724 1629 1909 1713 quod
1950 1631 2291 1714 sequitur,
2334 1641 2394 1693 et
2420 1653 2616 1716 quam
2641 1631 2718 1693 vi·

500 1733 587 1795 tai
615 1731 791 1813 copia
833 1729 983 1791 desit
1006 1726 1037 1790 3
1076 1726 1199 1790 sed
1228 1726 1361 1791 hoc
1389 1726 1559 1791 illud
1598 1740 1884 1792 necessest
1908 1728 1978 1790 in
2009 1737 2310 1792 extrema
2341 1729 2717 1791 sententiae
2751 1724 2760 1738 ’

498 1834 695 1912 parte
722 1847 861 1888 non
890 1825 1143 1910 patitur
1162 1871 1178 1888 .
1209 1825 1569 1889 dicendum
1594 1847 1756 1911 ergo
1785 1825 1958 1889 haec
1979 1847 2127 1890 esse
2153 1826 2605 1889 exclamando
2629 1824 2716 1887 af-

498 1923 824 1990 firmantis
854 1971 869 1999 ‚
912 1935 968 1987 et
993 1947 1180 2009 quam
1208 1972 1225 2003 ‚
1273 1926 1420 1988 vitai
1449 1926 1628 2010 copia
1666 1926 1815 1989 desit
1849 1925 2012 2004 Quos
2040 1948 2218 2010 opere
2258 1927 2325 1988 in
2355 1927 2473 1988 tali
2502 1925 2720 1990 cohibet

497 2026 585 2089 vis
613 2045 873 2109 mayna,
912 2020 1254 2087 necessest!
1294 2023 1392 2086 ita
1420 2031 1609 2086 recte
1636 2022 1953 2107 loquetur
1984 2024 2101 2107 qui
2131 2044 2404 2086 causam
2439 2071 2458 2098 ,
2507 2044 2628 2087 cur
2652 2021 2715 2086 id

498 2122 881 2187 necessario
912 2121 1177 2185 eveniat
1205 2168 1222 2199 ,
1270 2121 1708 2205 appositurus
1739 2127 1843 2183 est
1884 2118 2052 2202 (hoc
2082 2128 2304 2184 autem
2344 2127 2564 2204 poeta
2591 2141 2719 2183 non

497 2221 730 2307 facit);
771 2220 993 2283 nonis
1025 2218 1137 2304 qui
1167 2215 1371 2281 modo
1404 2217 1655 2281 dixerit
1692 2226 1760 2281 te
1788 2218 1938 2282 visu
1968 2218 2078 2281 vel
2118 2218 2360 2297 auditur
2383 2219 2521 2282 iam
2553 2220 2714 2283 scire

499 2341 698 2405 quam
727 2318 921 2383 brevi
950 2325 1252 2401 tempore
1281 2317 1374 2379 illi
1403 2317 1626 2401 perire
1651 2315 1943 2379 soleant.
1975 2316 2241 2381 accedit
2272 2318 2465 2401 quod
2494 2317 2612 2380 illa
2637 2318 2715 2380 vis

496 2442 724 2504 mayna
742 2465 756 2489 ‚
791 2436 962 2501 quae
993 2437 1110 2479 eos
1138 2416 1207 2479 in
1231 2415 1377 2479 auri
1405 2414 1711 2478 fodiendi
1742 2436 1947 2499 opere
1972 2416 2316 2480 contineat
2337 2464 2353 2490 ‚
2387 2415 2612 2500 qualis
2635 2417 2713 2479 sit

497 2539 633 2581 non
665 2517 828 2581 satis
860 2515 1114 2579 diserte
1146 2514 1394 2579 dictum
1433 2524 1568 2590 est,
1602 2536 1750 2578 cum
1781 2516 2072 2579 servitus
2100 2516 2570 2601 intellegenda
2599 2516 2708 2579 sit.

494 2618 724 2700 itaque
754 2622 1040 2699 apparet
1079 2614 1289 2697 priori
1318 2614 1618 2678 membro
1654 2630 1907 2677 ‘nocere
1937 2613 2102 2677 illud
2147 2627 2476 2693 necessest,
2525 2614 2708 2678 alteri

495 2713 735 2777 deesse
779 2713 1330 2797 significationem
1372 2702 1734 2777 necessitatis
1765 2735 1899 2797 qua
1938 2714 2008 2776 in
2040 2734 2249 2798 opere
2287 2712 2707 2778 metallorum

498 2817 975 2874 coerceantur.
1020 2810 1252 2874 miram
1292 2811 1619 2874 rationem
1650 2810 2013 2876 Turnebus
2049 2812 2471 2897 excogitavit
2498 2813 2573 2874 in
2601 2811 2707 2874 ad-

495 2908 945 2987 versariorum
976 2908 1148 2973 libro
1182 2932 1367 2985 xxw,
1396 2910 1472 2974 13
1490 2958 1505 2984 ,
1545 2932 1680 2994 qua
1706 2909 1875 2974 haec
1905 2899 2094 2973 'inter
2123 2932 2196 2973 se
2227 2911 2709 2996 coniungeren-

492 3017 604 3072 tur
634 3058 650 3082 ‚
691 3019 976 3072 necessest
1009 3010 1096 3071 vis
1136 3031 1363 3093 mayna
1391 3057 1410 3086 ,
1451 3008 1525 3071 id
1556 3015 1661 3071 est
1704 3009 1793 3071 vis
1818 3031 2047 3093 mayna
2086 3009 2447 3090 necessitas5
2495 3009 2707 3093 qualia

493 3115 751 3171 certum
782 3105 1001 3170 locum
1023 3113 1258 3171 tenent
1285 3128 1503 3191 neque
1529 3113 1722 3169 extra
1746 3115 1926 3169 artes
1956 3106 2376 3192 procedunt,
2406 3114 2488 3170 ut
2520 3107 2705 3170 estin

488 3208 633 3270 iure
647 3206 1029 3268 interdictum
1039 3207 1198 3269 unde
1212 3208 1269 3268 vi
1282 3253 1299 3284 ,
1312 3206 1474 3269 item
1489 3207 1564 3269 do
1579 3206 1706 3291 leyo
1718 3206 1980 3289 leyatwm
1988 3253 2005 3284 ‚
2022 3212 2091 3268 et
2105 3204 2292 3289 quod
2305 3205 2470 3269 item
2484 3206 2556 3267 in
2569 3207 2700 3270 iure

460 3303 627 3366 -dici
656 3303 1026 3387 Agroecius
1057 3305 1532 3386 grammaticus
1572 3311 1865 3389 testatur
1895 3326 1958 3388 p.
1977 3303 2137 3366 2271
2185 3305 2449 3368 damnas
2480 3316 2599 3369 esto
2625 3305 2700 3366 le·

483 3412 695 3488 yatnm
723 3449 738 3475 ‚
779 3419 916 3462 non
945 3401 1247 3484 leyamen,
1278 3409 1354 3464 ut
1385 3408 1491 3464 est
1521 3401 1704 3487 apud
1724 3401 2126 3465 'Putschium
2146 3451 2159 3465 .
2193 3423 2404 3486 quare
2437 3402 2699 3464 omnino

491 3498 923 3564 scribendum
942 3505 1046 3562 est
1065 3547 1080 3574 ,
1103 3499 1440 3583 prioribus
1466 3500 1554 3563 ad
1577 3503 1803 3565 Nonne
1822 3502 1987 3564 vides
2009 3500 2278 3564 reiectis
2297 3547 2311 3574 ‚
2344 3500 2513 3579 Quos
2534 3522 2699 3585 opere

488 3603 553 3663 in
581 3601 689 3663 tali
718 3599 947 3663 cohibet
969 3600 1058 3662 vis
1083 3621 1312 3683 mayna
1356 3621 1453 3661 NE
1471 3622 1506 3662 c
1522 3623 1559 3662 E
1577 3623 1609 3663 s
1628 3623 1660 3662 s
1676 3622 1745 3663 1s
1778 3647 1792 3663 .
1837 3600 2020 3664 hanc
2049 3599 2220 3662 enim
2249 3598 2545 3683 genetivi
2574 3597 2700 3660 for·

487 3721 657 3763 mam
691 3707 760 3762 et
789 3697 1097 3761 Donatus
1128 3697 1435 3782 agnoscit
1466 3705 1534 3761 et
1575 3705 1852 3761 senatus
1884 3697 2263 3760 consultum
2295 3695 2383 3759 de
2413 3695 2695 3760 baccha-

487 3797 751 3860 nalibus
781 3795 1033 3860 factum
1051 3842 1066 3859 .
1097 3796 1405 3859 Donatus
1438 3793 1527 3858 ad
1548 3795 1848 3859 Terentii
1878 3793 2281 3858 Eunuchum
2309 3816 2372 3867 v,
2392 3793 2450 3868 5,
2468 3794 2544 3857 28
2565 3793 2692 3856 Ne-

488 3918 642 3959 cesse
683 3893 1076 3978 (lcgcndum
1108 3893 1441 3976 Necessus)
1485 3905 1571 3957 est
1609 3918 1827 3958 nomen
1848 3920 1869 3956 .·
1909 3917 2055 3957 nam
2096 3916 2370 3956 necessus
2412 3890 2693 3974 (adden-
2795 3947 2796 3960 ,

489 3993 646 4057 dum
692 4003 747 4054 ec
772 3994 1038 4077 necesse)
1079 3995 1332 4056 necessis
1372 4004 1430 4056 et
1454 3995 1770 4057 necessitas
1798 4003 1856 4055 et
1878 4014 2185 4056 necessum
2222 3992 2442 4054 lectum
2474 4000 2590 4052 est.
2630 3989 2692 4050 in

487 4114 642 4155 aere
679 4088 1190 4155 vindobonensi
1214 4092 1326 4165 v‚4
1372 4090 1481 4154 Sei
1520 4114 1664 4176 ques
1704 4101 1865 4153 esent
1902 4091 2042 4176 quei
2081 4088 2230 4152 sibei
2272 4088 2574 4152 deicerent
2597 4110 2693 4149 ne-

487 4214 652 4254 cesus
674 4214 774 4277 ¹ese
802 4189 1067 4252 bacanal
1091 4189 1314 4252 habere
1333 4238 1347 4252 .
1381 4187 1567 4273 quod
1594 4187 2117 4273 intellegendum
2144 4193 2248 4249 est
2275 4186 2535 4249 necessis
2563 4185 2694 4247 sive

486 4287 911 4351 necessitatis
936 4310 1057 4350 esse
1073 4335 1090 4365 ,
1121 4287 1417 4372 legitima
1441 4288 1733 4373 genetivi
1756 4285 1973 4350 forma
1991 4336 2005 4362 ‚
2032 4306 2230 4371 quam
2256 4284 2473 4347 solam
2497 4284 2696 4348 habet

489 4382 719 4447 eadem
753 4384 984 4447 tabula
1012 4385 1081 4446 in
1101 4387 1379 4449 nominas
1401 4387 1621 4449 Latini
1637 4385 1674 4446 7
1708 4392 1774 4448 ct
1804 4409 1845 4448 u
1876 4391 2160 4469 propter
2193 4383 2481 4447 alterum
2511 4407 2554 4445 u
2581 4382 2647 4445 111
2666 4403 2695 4442 o
