2840 5008
1187 424 1249 491 11
1663 399 1664 402 ‘
2188 419 2322 486 133

79 585 322 664 canens
354 598 701 683 oblongus
722 597 940 681 prima
961 618 1162 660 manu
1181 645 1196 673 ,
1218 598 1287 660 in
1318 619 1415 671 111,
1434 593 1556 659 482
1585 617 1822 657 vemens
1850 592 2222 678 quadratus
2251 594 2324 657 lte

84 698 332 762 litteris
364 697 594 780 prima
621 715 819 758 manu
866 694 1119 759 additis
1166 743 1181 759 .
1228 695 1332 759 his
1362 691 1629 757 indiciis
1660 690 1979 755 Lucretio
2011 713 2320 754 VEMEN-

83 818 171 858 ri:
189 818 233 857 R
265 800 345 857 et
373 799 611 856 cetera
633 792 870 855 similia
891 792 1310 864 restituenda
1329 790 1557 854 iudico
1584 840 1596 853 .
1628 811 1781 852 nam
1812 788 2036 853 adhue
2066 809 2319 873 quaero

87 893 235 977 quis
265 892 456 954 haee
480 890 808 953 voeabula
836 891 1122 959 inversu
1148 890 1428 978 syllabis
1452 888 1748 969 diductis
1773 888 2021 952 dixerit
2047 893 2321 971 praeter

84 990 170 1052 M.
188 989 580 1052 Caesarem
605 1036 620 1061 ‚
665 989 776 1071 qui
808 988 1041 1052 scribit
1071 987 1159 1051 ad
1187 987 1601 1051 Frontonem
1630 1008 1694 1070 p.
1715 985 1795 1050 53
1824 987 1963 1051 Nos
1988 988 2122 1048 istic
2146 984 2318 1048 vehe-

86 1099 316 1150 menter
361 1097 715 1150 aestuamus
757 1134 769 1146 .
829 1084 1010 1149 habes
1064 1109 1137 1150 en
1186 1085 1750 1171 hendecasyllabum
1790 1086 2115 1169 inqenuum
2145 1109 2165 1145 .·
2222 1082 2319 1145 sic

89 1183 257 1247 enim
289 1207 368 1245 en
398 1203 536 1266 pro
568 1193 624 1245 et
641 1181 1117 1258 Heindorfius3
1149 1182 1336 1267 quod
1357 1183 1518 1245 item
1539 1182 1631 1245 M.
1650 1181 1872 1246 Tullio
1896 1180 2320 1247 reddendum

90 1289 190 1345 est
218 1302 354 1365 pro
391 1281 562 1343 enim
580 1280 650 1342 in
673 1279 1207 1343 Tusculanarum
1230 1303 1272 1353 1,
1291 1278 1371 1342 97
1404 1328 1419 1353 ‚
1470 1280 1650 1343 Vadit
1683 1303 1758 1343 en
1795 1282 1862 1343 in
1896 1280 2147 1344 eundem
2180 1301 2317 1341 car-

90 1402 280 1443 cerem
310 1390 506 1465 atque
533 1379 598 1440 in
626 1379 878 1442 eundem
893 1378 1116 1461 paucis
1131 1379 1276 1461 post
1303 1378 1481 1440 annis
1507 1377 1798 1463 scyphum
1828 1376 2109 1442 Socrates
2127 1426 2140 1439 .
2162 1374 2317 1439 Gel-

89 1477 212 1541 lius
235 1526 249 1552 ,
282 1478 405 1561 qui
437 1482 708 1539 veteres
739 1495 888 1537 eum
917 1474 1161 1557 spiritu
1188 1474 1498 1537 vehemens
1529 1473 1780 1539 dixisse
1809 1473 2022 1538 refert
2050 1474 2221 1538 libro
2238 1475 2318 1548 '1'1‚

91 1574 127 1637 3
147 1623 162 1650 ‚
205 1576 356 1661 ipse
396 1595 546 1637 non
587 1572 859 1636 dicebat
896 1582 1166 1635 veemens
1200 1578 1277 1634 ut
1309 1570 1541 1635 Velius
1571 1572 1846 1659 Longus
1876 1594 1941 1657 p.
1960 1571 2124 1635 2229
2154 1569 2319 1635 2234

95 1674 116 1756 (
133 1681 312 1737 certe
343 1674 447 1736 ita
479 1672 803 1755 seriptum
835 1670 1003 1753 ibi),
1034 1669 1158 1734 sed
1177 1692 1411 1733 vemens
1429 1717 1445 1744 ‚
1471 1672 1720 1755 quippe
1753 1692 1886 1755 quo
1915 1671 2157 1734 mentis
2186 1669 2320 1733 vim

97 1779 158 1834 et
175 1772 511 1855 impetum
535 1769 893 1855 significari
913 1775 1188 1851 putaret
1205 1815 1220 1843 ‚
1245 1775 1321 1832 ut
1346 1767 1607 1832 indicat
1634 1770 1806 1834 libro
1837 1792 1974 1844 xw,
1995 1768 2031 1832 5
2052 1817 2066 1842 ,
2088 1769 2247 1832 item
2266 1769 2320 1830 'a

100 1870 159 1932 vi
197 1870 447 1933 mentis
483 1868 780 1932 Scaurus
810 1889 875 1951 p.
894 1865 1059 1930 2256
1089 1914 1105 1931 .
1150 1868 1515 1931 vementibus
1531 1869 1741 1952 playis
1776 1866 2126 1931 Vitruvius
2154 1867 2226 1931 in
2254 1889 2318 1940 x,

102 1965 241 2040 13,2
279 2013 296 2042 ‚
341 1968 466 2032 ubi
498 1966 651 2031 libri
679 1966 1042 2029 venientibus
1078 2015 1091 2028 .
1137 1964 1445 2029 vehemens
1476 1972 1546 2027 et
1570 1989 1807 2029 vemens
1836 1964 2019 2049 aplid
2050 1964 2317 2028 Cicero-

98 2085 236 2128 nem
265 2065 549 2151 legebat
575 2065 891 2128 Annaeus
923 2063 1262 2127 Cornutus
1284 2110 1301 2137 ‚
1334 2084 1370 2126 e
1403 2084 1537 2147 quo
1570 2062 1845 2148 collegit
1866 2061 2317 2127 Cassiodorus

100 2163 334 2247 p.2286
362 2162 680 2227 Putsehii
716 2207 733 2236 ‚
780 2168 849 2225 et
890 2162 1163 2227 vbrevior
1207 2161 1545 2244 scriptura
1584 2168 1772 2224 extat
1811 2160 2016 2225 hodie
2044 2161 2114 2223 in
2142 2160 2317 2244 epis-

102 2261 284 2335 tulis,
317 2281 542 2345 eaque
586 2259 733 2323 sola
759 2305 776 2334 ‚
823 2260 880 2322 si
923 2258 1166 2323 Furiae
1207 2258 1378 2323 fides
1425 2257 1514 2321 ad
1555 2258 1797 2323 librum
1842 2258 2118 2334 v‚12,3‚
2150 2266 2220 2320 et
2246 2258 2318 2320 in
2366 2276 2374 2285 ·

102 2360 355 2423 Arateis
386 2360 471 2424 53
496 2406 512 2433 ,
542 2359 869 2421 venientem
897 2356 987 2420 ad
1015 2357 1307 2421 Atticum
1337 2356 1510 2420 libro
1540 2357 1808 2432 v111‚5,1
1843 2407 1857 2421 .
1892 2359 2003 2421 Ac
2023 2377 2315 2420 omnus

104 2478 216 2540 pro
245 2458 559 2522 Accedere
589 2454 1021 2521 scribendum
1053 2476 1201 2520 esse
1230 2455 1487 2540 primus
1517 2454 1692 2520 vidit
1720 2455 2047 2520 Marullus
2067 2504 2080 2519 .

260 2556 441 2620 1029.
489 2554 719 2633 QUOD
766 2576 929 2618 N0N
971 2576 1395 2618 PAULATIM
1440 2577 1817 2618 MINUANT
1861 2574 2317 2618 MIRALITER.

107 2674 355 2717 OMNES
381 2703 394 2715 .
443 2651 802 2737 Oblongus
831 2654 1112 2717 miralier
1148 2701 1163 2730 ,
1211 2650 1469 2716 seilicet
1497 2652 1771 2717 tlittera
1797 2666 2033 2717 erasa:
2079 2673 2317 2714 mmx-

104 2772 275 2813 RmR
301 2752 456 2815 Itali
490 2759 562 2814 et
589 2751 933 2835 impressi.
959 2750 1080 2814 sed
1109 2750 1272 2814 mihi
1311 2750 1447 2814 hoo
1475 2751 1717 2814 Latine
1760 2750 1896 2815 dici
1932 2772 2139 2834 posse
2179 2770 2319 2812 non

104 2848 359 2913 videtur
377 2897 392 2924 ,
415 2852 633 2912 minuo
661 2849 820 2912 hanc
848 2872 979 2912 rem
989 2849 1210 2935 facere
1229 2875 1249 2911 .·
1278 2855 1464 2912 certe
1493 2848 1855 2913 Terentius
1886 2849 2081 2912 aliter
2113 2848 2318 2921 dixit,

105 2969 172 3008 ne
196 2950 483 3011 minueris
513 2947 665 3010 haec
692 2970 850 3033 quae
860 2947 1035 3032 facis
1058 2996 1070 3009 .
1093 2947 1324 3030 itaque
1347 2945 1780 3011 scribendum
1807 2954 1975 3031 puto
2007 2948 2174 3032 quod
2195 2969 2318 3009 non

99 3066 147 3105 m
164 3067 447 3109 lrrAN‘r
477 3046 819 3108 mirarier.
858 3045 930 3107 in
954 3066 1044 3119 vl,
1069 3044 1228 3108 1056
1257 3045 1479 3108 Illud
1454 3067 1520 3107 tn
1549 3044 1642 3107 his
1668 3046 1847 3110 rebus
1873 3047 2097 3109 mirari
2122 3045 2315 3106 mitte.

107 3141 166 3202 in
195 3142 423 3206 eodem
456 3143 544 3207 68
573 3144 860 3228 lonyeque
888 3144 1139 3206 remittis
1168 3144 1291 3223 Dis
1316 3144 1573 3227 indiyna
1588 3155 1867 3227 putare.
1914 3143 1985 3206 in
2018 3141 2193 3205 libro
2227 3165 2316 3216 lv,

108 3237 212 3302 471
242 3243 672 3306 membranae
701 3239 958 3303 habent
983 3241 1238 3303 mitaam
1267 3241 1620 3304 contendere
1647 3261 1774 3323 pro
1804 3241 2066 3303 mittam.

262 3339 438 3402 1030.
467 3338 923 3402 PRINo11>1o
958 3359 1199 3401 oAEm
1236 3359 1555 3400 CLARUM
1596 3359 2023 3412 PURUMQUE
2070 3358 2316 3401 cono-

110 3455 250 3497 mm
285 3483 299 3497 .
350 3437 672 3521 Principio
704 3435 868 3519 quid
895 3435 1058 3498 fiat
1042 3457 1109 3499 1n
1140 3436 1464 3520 proximis
1494 3456 1633 3498 non
1664 3434 1911 3499 dieitur
1937 3482 1952 3510 ,
1989 3435 2115 3499 sed
2157 3436 2316 3499 sub-

108 3530 337 3596 iectum
359 3540 465 3597 est
489 3533 684 3617 quasi
707 3533 994 3617 periodo
1019 3534 1331 3597 absoluta
1353 3533 1577 3597 Omnia
1598 3556 1757 3618 quae
1773 3556 1937 3596 nunc
1956 3535 2011 3595 si
2018 3535 2315 3618 primum.

115 3647 256 3713 ergo
289 3630 482 3695 deest
511 3630 626 3694 hio
645 3632 928 3696 verbum
944 3678 960 3705 ,
991 3651 1129 3693 non
1151 3630 1346 3694 aliter
1370 3651 1450 3693 ao
1473 3652 1682 3714 supra
1697 3629 1819 3692 342
1841 3630 1911 3693 in
1931 3630 2060 3693 illis
2078 3678 2093 3705 ‚
2119 3631 2313 3694 Prae-

116 3734 258 3789 terea
280 3751 468 3811 yenus
495 3730 830 3792 humanum
1041 3728 1317 3807 Quorum
1343 3751 1535 3791 unum
1562 3728 1797 3813 quidvis
1826 3774 1841 3789 .
1883 3726 2314 3792 scribendum

118 3828 209 3883 est
233 3822 484 3889 Pnnol
502 3847 688 3889 prro
731 3827 886 3889 caeli
925 3828 1160 3890 clarum
1177 3848 1531 3912 purumque
1561 3826 1821 3890 colorem
1856 3873 1869 3886 .
1908 3825 2005 3888 ita
2042 3825 2114 3888 in
2155 3848 2217 3901 v,
2234 3825 2314 3889 92

120 3915 410 4006 Principio
447 3925 652 3987 maria
693 3947 768 3987 ac
806 3935 1000 3987 terras
1041 3926 1392 4010 caelumque
1437 3935 1660 3988 tuere·
1637 3971 1655 4004 ,
1718 3923 1994 4002 Quorum
2029 3935 2318 3988 naturam

117 4013 390 4096 triplicem
420 4028 549 4084 eto.
576 4020 647 4083 in
672 4043 736 4094 V,
755 4020 877 4084 318
908 4022 1240 4108 Denique'
1215 4043 1344 4084 iam
1372 4032 1538 4084 tuere
1566 4021 1714 4100 hoc,
1756 4023 1985 4086 circum
2010 4046 2319 4121 supraque

121 4114 266 4190 quod
289 4137 517 4181 omnem
554 4119 821 4181 Continet
847 4121 1131 4204 amplexu
1158 4131 1419 4183 terram.

276 4211 445 4276 1031.
472 4214 863 4294 QUAEQUE
895 4240 977 4279 1N
1003 4239 1088 4280 ΞΕ
1122 4237 1544 4279 οοΗΙΒΕΝΤ
1575 4237 2000 4281 PALANth
2024 4239 2317 4282 slnERA

124 4321 207 4364 ΡΑ
227 4328 398 4373 ss11u
430 4362 442 4374 .
486 4313 693 4376 Immo
747 4314 1033 4400 Quaeque
1074 4316 1141 4377 in
1182 4338 1244 4377 se
1289 4335 1647 4377 corum-,r
1693 4315 1948 4379 eaelum
1984 4364 1998 4391 ‚
2032 4317 2317 4398 palantia
