2840 5008
1139 371 1266 438 IIII
2049 414 2060 429 =
2193 373 2326 440 153

95 546 185 609 cui
212 546 494 609 Veneris
523 544 836 608 membris
865 543 965 606 vis
997 543 1301 606 omnibus
1333 543 1698 607 exoriatur:

92 681 308 744 nempe
337 660 504 723 aliae
536 679 810 743 quoque
839 664 1030 719 sunt:
1052 676 1292 741 nempe
1320 656 1450 719 hac
1479 658 1620 721 sine
1647 659 1931 722 viximus
1961 665 2144 724 ante:

92 794 307 861 nempe
339 772 575 837 eadem
603 771 797 847 facit,
821 779 890 834 et
919 770 1160 834 scimus
1188 768 1410 834 facere
1432 820 1446 845 ‚
1469 772 1690 834 omnia
1716 774 1927 857 turpi,

42 904 67 948 '5
91 895 148 950 et
171 887 475 950 miseram
503 887 742 950 taetris
773 907 845 949 se
874 883 1056 948 suffit
1086 882 1407 947 odoribus
1437 886 1615 969 ipsa,

93 1022 269 1085 quam
298 1000 585 1064 famulae
610 1000 810 1084 longe
837 998 1128 1084 fugitant
1154 997 1516 1082 furtimque
1547 1000 1979 1065 cachinnant.

92 1121 152 1175 at
174 1114 524 1177 lacrimans
553 1114 865 1177 exclusus
894 1122 1153 1175 amator
1179 1112 1403 1175 limina
1432 1133 1635 1197 saepe

96 1226 350 1291 floribus
382 1235 454 1290 et
482 1228 685 1291 sertis
715 1227 931 1312 operit
958 1225 1309 1312 postisque
1340 1228 1670 1310 superbos

93 1342 307 1426 unguit
334 1342 715 1405 amaracino
746 1349 813 1404 et
838 1340 1097 1403 foribus
1123 1340 1323 1403 miser
1352 1342 1583 1404 oscula
1609 1342 1778 1427 sigim

41 1470 70 1515 ιο
95 1475 271 1538 quem
300 1457 358 1518 si
386 1457 518 1518 iam
548 1455 859 1519 ammissu
886 1454 1263 1517 venientem
1292 1453 1649 1519 offenderit
1676 1477 1840 1521 aura

95 1589 211 1630 una
236 1568 442 1633 modo
462 1618 477 1645 ,
501 1589 739 1634 causas
767 1567 1058 1632 abeundi
1090 1576 1369 1652 quaerat
1395 1568 1720 1634 honestas
1740 1619 1754 1645 ,

98 1689 154 1744 et
179 1682 494 1747 meditata
524 1683 640 1746 diu
671 1682 872 1746 cadat
900 1683 1034 1746 alte
1063 1688 1329 1767 sumpta
1359 1683 1684 1766 querella,

98 1797 532 1881 stultitiaeque
561 1797 653 1860 ibi
682 1818 755 1859 se
785 1795 1086 1870 damnet,
1107 1797 1418 1859 tribuisse
1451 1797 1637 1880 quod
1663 1799 1754 1862 illi

99 1910 228 1994 plus
256 1910 486 1975 videat
516 1932 715 1995 quam
744 1911 1006 1974 mortali
1037 1909 1411 1974 concedere
1441 1933 1565 1994 par
1597 1921 1731 1975 est.

41 2035 75 2082 35
98 2046 205 2088 nee
232 2026 536 2089 Veneres
565 2032 834 2088 nostras
863 2024 995 2089 hoc
1023 2024 1225 2101 fallit3
1252 2046 1385 2109 quo
1414 2025 1624 2108 magis
1653 2026 1840 2109 ipsae

105 2140 303 2202 omnia
330 2161 587 2202 summo
619 2160 825 2223 opere
853 2139 980 2202 hos
1009 2139 1185 2202 vitae
1216 2139 1576 2223 poscaenia
1603 2139 1852 2215 celant,

106 2272 257 2335 quos
284 2254 573 2318 retinere
601 2253 837 2316 volunt
864 2251 1360 2336 adstrictosque
1391 2273 1539 2315 esse
1567 2253 1637 2315 in
1666 2275 1892 2317 amore
1909 2306 1923 2331 ,

108 2387 177 2428 ne
205 2369 518 2453 quiquam
537 2416 553 2443 ‚
578 2367 890 2452 quoniam
918 2375 993 2430 tu
1024 2367 1240 2430 animo
1271 2374 1491 2430 tamen
1522 2368 1741 2431 omnia
1768 2372 1989 2453 possis

105 2481 482 2565 protrahere
509 2482 578 2546 in
608 2481 821 2546 lucem
851 2489 1053 2566 atque
1085 2481 1295 2545 omnis
1325 2481 1660 2567 inquirere
1687 2482 1892 2559 risus,

43 2605 83 2653 oo
108 2605 193 2671 et,
213 2597 269 2661 si
293 2596 470 2661 bello
502 2596 795 2667 animost
821 2604 890 2659 et
918 2618 1055 2660 non
1087 2595 1324 2659 odiosa
1341 2645 1358 2675 ,
1384 2595 1673 2660 vicissim

107 2717 354 2792 praeter
382 2712 649 2775 mittere
680 2718 748 2774 et
774 2711 1076 2774 humanis
1106 2709 1480 2773 concedere
1507 2710 1738 2773 rebus.

176 2824 316 2888 Nec
343 2826 579 2888 mulier
607 2846 869 2909 semper
896 2824 1056 2888 ficto
1088 2825 1379 2910 suspirat
1406 2845 1632 2887 amore
1650 2873 1665 2898 ‚

113 2957 264 3020 quae
293 2940 623 3024 conplexa
649 2939 775 3003 viri
804 2960 1049 3024 corpus
1081 2960 1229 3001 eum
1260 2959 1546 3022 corpore
1573 2940 1786 3024 iungit

114 3060 169 3115 et
194 3061 375 3117 tenet
404 3053 703 3118 adsuetis
730 3062 1071 3116 umectans
1103 3053 1334 3116 oscula
1359 3053 1596 3116 labris:

47 3175 87 3221 95
111 3186 243 3229 nam
270 3167 431 3231 facit
461 3190 545 3231 ex
575 3168 790 3231 animo
821 3188 1025 3253 saepe
1043 3215 1058 3241 ,
1082 3175 1151 3230 et
1180 3167 1551 3229 communia
1581 3187 1909 3249 quaerens

116 3281 339 3364 gaudia
369 3282 687 3355 sollicitat
711 3283 997 3368 spatium
1028 3279 1386 3344 decurrere
1416 3280 1658 3344 amoris
1676 3329 1690 3342 .

115 3415 222 3457 nec
248 3397 505 3460 ratione
537 3397 665 3460 alia
691 3396 999 3459 volucres
1029 3402 1327 3458 armenta
1353 3393 1670 3479 feraeque

119 3515 177 3571 et
198 3510 489 3594 pecudes
521 3518 588 3573 et
619 3530 831 3594 equae
861 3509 1153 3572 maribus
1184 3508 1534 3574 subsidere
1563 3498 1880 3594 possunt,

118 3622 318 3687 sinon
346 3626 528 3709 ipsa,
555 3623 741 3708 quod
766 3623 1028 3687 illorum
1057 3624 1286 3699 subat,
1311 3623 1509 3687 ardet
1537 3623 1887 3687 abundans

53 3745 92 3794 οὐ
112 3746 331 3802 natura
359 3747 428 3803 et
457 3737 792 3801 Venerem
821 3739 1171 3802 salientum
1200 3737 1376 3802 laeta
1403 3736 1755 3801 retractat.

120 3872 320 3916 nonne
348 3852 541 3917 vides
573 3852 767 3916 etiam
799 3874 970 3936 quos
1001 3859 1230 3914 mutua
1257 3873 1459 3937 saepe
1489 3853 1804 3936 voluptas

133 4167 241 4214 1174
274 4166 471 4235 turpis.
534 4166 554 4232 Η
611 4173 741 4219 1176
778 4166 924 4237 longi
960 4165 1166 4237 fugitan
1217 4166 1237 4232 ΙΙ
1289 4173 1415 4218 1180
1454 4167 1672 4219 missum
1709 4164 1728 4233 ΙΙ
1774 4173 1900 4219 1182
1939 4165 2095 4219 cadet
2151 4168 2171 4233 ΙΙ
2231 4172 2357 4230 1183

130 4242 443 4317 Stultitiaque
480 4250 501 4317 ΙΙ
546 4255 672 4300 1186
708 4251 1020 4319 postcaenia
1056 4249 1075 4316 ΙΙ
1116 4254 1244 4299 1188
1281 4265 1498 4317 posses,
1549 4249 1568 4314 ΙΙ
1615 4256 1832 4301 1191.et
1867 4255 2131 4303 ominum.
2170 4247 2190 4317 ΙΙ
2230 4246 2360 4298 1198

128 4338 350 4391 possent.
389 4330 408 4396 ΙΙ
451 4337 580 4383 1200
619 4332 895 4385 sallentum
936 4331 954 4399 ΙΙ
990 4336 1307 4383 retractant.
