<?xml version="1.0" encoding="UTF-8"?>
<!DOCTYPE html PUBLIC "-//W3C//DTD XHTML 1.0 Transitional//EN"
    "http://www.w3.org/TR/xhtml1/DTD/xhtml1-transitional.dtd">
<html xmlns="http://www.w3.org/1999/xhtml" xml:lang="en" lang="en">
 <head>
  <title>
</title>
<meta http-equiv="Content-Type" content="text/html;charset=utf-8" />
  <meta name='ocr-system' content='tesseract 3.04.00' />
  <meta name='ocr-capabilities' content='ocr_page ocr_carea ocr_par ocr_line ocrx_word'/>
</head>
<body>
  <div class='ocr_page' id='page_1' title='image "./tlucreticarider02lachgoog_0344.png"; bbox 0 0 2840 5008; ppageno 0'>
   <div class='ocr_carea' id='block_1_1' title="bbox 499 419 1640 486">
    <p class='ocr_par' dir='ltr' id='par_1_1' title="bbox 499 419 1640 486">
     <span class='ocr_line' id='line_1_1' title="bbox 499 419 1640 486; baseline 0.001 -1"><span class='ocrx_word' id='word_1_1' title='bbox 499 419 590 485; x_wconf 80' lang='lat'>84</span> <span class='ocrx_word' id='word_1_2' title='bbox 1581 419 1640 486; x_wconf 92' lang='lat'>11</span> 
     </span>
    </p>
   </div>
   <div class='ocr_carea' id='block_1_2' title="bbox 446 591 2732 4411">
    <p class='ocr_par' dir='ltr' id='par_1_2' title="bbox 446 591 2732 4411">
     <span class='ocr_line' id='line_1_2' title="bbox 497 591 2728 667; baseline 0.002 -10"><span class='ocrx_word' id='word_1_3' title='bbox 497 591 810 658; x_wconf 83' lang='lat' dir='ltr'>videatur</span> <span class='ocrx_word' id='word_1_4' title='bbox 854 591 1074 655; x_wconf 88' lang='lat' dir='ltr'>omnia</span> <span class='ocrx_word' id='word_1_5' title='bbox 1110 593 1313 657; x_wconf 90' lang='lat' dir='ltr'>semel</span> <span class='ocrx_word' id='word_1_6' title='bbox 1360 593 1450 657; x_wconf 86' lang='lat' dir='ltr'>ad</span> <span class='ocrx_word' id='word_1_7' title='bbox 1491 593 1761 667; x_wconf 65' lang='grc' dir='ltr'><strong><em>ἇΝὰΓκΗΝ</em></strong></span> <span class='ocrx_word' id='word_1_8' title='bbox 1805 602 1872 658; x_wconf 91' lang='lat' dir='ltr'>et</span> <span class='ocrx_word' id='word_1_9' title='bbox 1914 594 2003 658; x_wconf 87' lang='lat' dir='ltr'>ad</span> <span class='ocrx_word' id='word_1_10' title='bbox 2048 594 2325 660; x_wconf 89' lang='lat' dir='ltr'>deorum</span> <span class='ocrx_word' id='word_1_11' title='bbox 2373 597 2728 662; x_wconf 78' lang='lat' dir='ltr'>arbitrium</span> 
     </span>
     <span class='ocr_line' id='line_1_3' title="bbox 498 691 2732 778; baseline 0.001 -22"><span class='ocrx_word' id='word_1_12' title='bbox 498 691 753 756; x_wconf 88' lang='lat' dir='ltr'>referre</span> <span class='ocrx_word' id='word_1_13' title='bbox 771 692 826 775; x_wconf 89' lang='lat'>,]</span> <span class='ocrx_word' id='word_1_14' title='bbox 865 692 998 754; x_wconf 81' lang='lat' dir='ltr'>Nec</span> <span class='ocrx_word' id='word_1_15' title='bbox 1015 693 1354 775; x_wconf 74' lang='lat' dir='ltr'><em>persectari</em></span> <span class='ocrx_word' id='word_1_16' title='bbox 1370 692 1724 775; x_wconf 80' lang='lat' dir='ltr'>primordia</span> <span class='ocrx_word' id='word_1_17' title='bbox 1752 693 1994 776; x_wconf 71' lang='lat' dir='ltr'>sinyula</span> <span class='ocrx_word' id='word_1_18' title='bbox 2023 715 2296 778; x_wconf 81' lang='lat' dir='ltr'>quaeque</span> <span class='ocrx_word' id='word_1_19' title='bbox 2319 742 2336 771; x_wconf 86' lang='lat'>,</span> <span class='ocrx_word' id='word_1_20' title='bbox 2380 695 2459 756; x_wconf 78' lang='lat' dir='ltr'>Ut</span> <span class='ocrx_word' id='word_1_21' title='bbox 2480 695 2732 758; x_wconf 80' lang='lat' dir='ltr'>videant</span> 
     </span>
     <span class='ocr_line' id='line_1_4' title="bbox 498 789 2730 886; baseline 0.001 -32"><span class='ocrx_word' id='word_1_22' title='bbox 498 815 621 878; x_wconf 78' lang='lat' dir='ltr'>qua</span> <span class='ocrx_word' id='word_1_23' title='bbox 653 792 908 877; x_wconf 81' lang='lat' dir='ltr'><strong><em>quicque</em></strong></span> <span class='ocrx_word' id='word_1_24' title='bbox 930 799 1184 873; x_wconf 59' lang='grc' dir='ltr'>ρωπίαν</span> <span class='ocrx_word' id='word_1_25' title='bbox 1226 811 1361 852; x_wconf 85' lang='lat' dir='ltr'>cum</span> <span class='ocrx_word' id='word_1_26' title='bbox 1401 791 1638 886; x_wconf 75' lang='lat' dir='ltr'>ratione</span> <span class='ocrx_word' id='word_1_27' title='bbox 1677 838 1689 852; x_wconf 85' lang='lat'><strong>.</strong></span> <span class='ocrx_word' id='word_1_28' title='bbox 1741 798 1946 873; x_wconf 87' lang='lat' dir='ltr'>atque</span> <span class='ocrx_word' id='word_1_29' title='bbox 1974 789 2083 853; x_wconf 90' lang='lat' dir='ltr'>his</span> <span class='ocrx_word' id='word_1_30' title='bbox 2115 798 2271 876; x_wconf 81' lang='lat' dir='ltr'>apte</span> <span class='ocrx_word' id='word_1_31' title='bbox 2299 792 2531 854; x_wconf 87' lang='lat' dir='ltr'>iuncta</span> <span class='ocrx_word' id='word_1_32' title='bbox 2553 801 2730 856; x_wconf 85' lang='lat' dir='ltr'>sunt</span> 
     </span>
     <span class='ocr_line' id='line_1_5' title="bbox 500 886 2727 975; baseline 0 -22"><span class='ocrx_word' id='word_1_33' title='bbox 500 910 672 975; x_wconf 90' lang='lat' dir='ltr'>quae</span> <span class='ocrx_word' id='word_1_34' title='bbox 702 895 1022 952; x_wconf 88' lang='lat' dir='ltr'>secuntur</span> <span class='ocrx_word' id='word_1_35' title='bbox 1068 911 1082 950; x_wconf 81' lang='lat' dir='ltr'><strong><em>z</em></strong></span> <span class='ocrx_word' id='word_1_36' title='bbox 1137 907 1215 950; x_wconf 90' lang='lat' dir='ltr'>ea</span> <span class='ocrx_word' id='word_1_37' title='bbox 1245 908 1408 949; x_wconf 82' lang='lat' dir='ltr'>vero</span> <span class='ocrx_word' id='word_1_38' title='bbox 1438 886 1639 950; x_wconf 89' lang='lat' dir='ltr'>huius</span> <span class='ocrx_word' id='word_1_39' title='bbox 1670 886 1851 950; x_wconf 91' lang='lat' dir='ltr'>modi</span> <span class='ocrx_word' id='word_1_40' title='bbox 1883 893 2042 950; x_wconf 90' lang='lat' dir='ltr'>sunt</span> <span class='ocrx_word' id='word_1_41' title='bbox 2079 935 2094 958; x_wconf 90' lang='lat'>,</span> <span class='ocrx_word' id='word_1_42' title='bbox 2141 909 2226 951; x_wconf 91' lang='lat' dir='ltr'>ne</span> <span class='ocrx_word' id='word_1_43' title='bbox 2271 910 2420 952; x_wconf 91' lang='lat' dir='ltr'>esse</span> <span class='ocrx_word' id='word_1_44' title='bbox 2453 890 2727 973; x_wconf 85' lang='lat' dir='ltr'>quidem</span> 
     </span>
     <span class='ocr_line' id='line_1_6' title="bbox 499 984 2729 1075; baseline -0 -22"><span class='ocrx_word' id='word_1_45' title='bbox 499 1010 672 1075; x_wconf 90' lang='lat' dir='ltr'>opus</span> <span class='ocrx_word' id='word_1_46' title='bbox 694 995 772 1052; x_wconf 93' lang='lat' dir='ltr'>ut</span> <span class='ocrx_word' id='word_1_47' title='bbox 792 987 1034 1072; x_wconf 88' lang='lat' dir='ltr'>aliquis</span> <span class='ocrx_word' id='word_1_48' title='bbox 1056 984 1579 1072; x_wconf 83' lang='lat' dir='ltr'>primordiorum</span> <span class='ocrx_word' id='word_1_49' title='bbox 1600 992 1912 1050; x_wconf 89' lang='lat' dir='ltr'>naturam</span> <span class='ocrx_word' id='word_1_50' title='bbox 1934 995 2249 1050; x_wconf 84' lang='lat' dir='ltr'>accurate</span> <span class='ocrx_word' id='word_1_51' title='bbox 2270 989 2729 1075; x_wconf 77' lang='lat' dir='ltr'>pervestiget,</span> 
     </span>
     <span class='ocr_line' id='line_1_7' title="bbox 500 1084 2732 1172; baseline -0.001 -20"><span class='ocrx_word' id='word_1_52' title='bbox 500 1109 636 1172; x_wconf 89' lang='lat' dir='ltr'>quo</span> <span class='ocrx_word' id='word_1_53' title='bbox 665 1087 877 1172; x_wconf 90' lang='lat' dir='ltr'>magis</span> <span class='ocrx_word' id='word_1_54' title='bbox 907 1085 1276 1171; x_wconf 87' lang='lat' dir='ltr'>perspiciat</span> <span class='ocrx_word' id='word_1_55' title='bbox 1304 1084 1687 1147; x_wconf 86' lang='lat' dir='ltr'>universam</span> <span class='ocrx_word' id='word_1_56' title='bbox 1716 1105 1940 1147; x_wconf 87' lang='lat' dir='ltr'>rerum</span> <span class='ocrx_word' id='word_1_57' title='bbox 1982 1091 2292 1148; x_wconf 87' lang='lat' dir='ltr'>naturam</span> <span class='ocrx_word' id='word_1_58' title='bbox 2333 1106 2475 1147; x_wconf 91' lang='lat' dir='ltr'>non</span> <span class='ocrx_word' id='word_1_59' title='bbox 2506 1108 2663 1150; x_wconf 88' lang='lat' dir='ltr'>esse</span> <span class='ocrx_word' id='word_1_60' title='bbox 2693 1109 2732 1150; x_wconf 88' lang='lat' dir='ltr'>a</span> 
     </span>
     <span class='ocr_line' id='line_1_8' title="bbox 446 1181 2730 1268; baseline -0.001 -18"><span class='ocrx_word' id='word_1_61' title='bbox 446 1193 453 1198; x_wconf 84' lang='lat'>&#39;</span> <span class='ocrx_word' id='word_1_62' title='bbox 500 1186 627 1251; x_wconf 89' lang='lat' dir='ltr'>diis</span> <span class='ocrx_word' id='word_1_63' title='bbox 656 1185 997 1248; x_wconf 91' lang='lat' dir='ltr'>hominum</span> <span class='ocrx_word' id='word_1_64' title='bbox 1029 1204 1233 1247; x_wconf 89' lang='lat' dir='ltr'>causa</span> <span class='ocrx_word' id='word_1_65' title='bbox 1264 1183 1704 1246; x_wconf 77' lang='lat' dir='ltr'>constitutam</span> <span class='ocrx_word' id='word_1_66' title='bbox 1734 1231 1747 1244; x_wconf 89' lang='lat'><strong>.</strong></span> <span class='ocrx_word' id='word_1_67' title='bbox 1790 1181 1916 1246; x_wconf 89' lang='lat' dir='ltr'>sed</span> <span class='ocrx_word' id='word_1_68' title='bbox 1943 1182 2120 1245; x_wconf 90' lang='lat' dir='ltr'>hanc</span> <span class='ocrx_word' id='word_1_69' title='bbox 2152 1203 2292 1245; x_wconf 89' lang='lat' dir='ltr'>rem</span> <span class='ocrx_word' id='word_1_70' title='bbox 2321 1190 2531 1268; x_wconf 66' lang='lat' dir='ltr'>poeta</span> <span class='ocrx_word' id='word_1_71' title='bbox 2554 1232 2572 1259; x_wconf 93' lang='lat'>,</span> <span class='ocrx_word' id='word_1_72' title='bbox 2602 1185 2730 1248; x_wconf 89' lang='lat' dir='ltr'>nisi</span> 
     </span>
     <span class='ocr_line' id='line_1_9' title="bbox 498 1280 2728 1366; baseline 0 -19"><span class='ocrx_word' id='word_1_73' title='bbox 498 1283 699 1348; x_wconf 86' lang='lat' dir='ltr'>fallor</span> <span class='ocrx_word' id='word_1_74' title='bbox 721 1331 736 1357; x_wconf 94' lang='lat'>,</span> <span class='ocrx_word' id='word_1_75' title='bbox 765 1283 1063 1347; x_wconf 87' lang='lat' dir='ltr'>breviter</span> <span class='ocrx_word' id='word_1_76' title='bbox 1103 1281 1298 1344; x_wconf 90' lang='lat' dir='ltr'>nimis</span> <span class='ocrx_word' id='word_1_77' title='bbox 1331 1302 1456 1345; x_wconf 90' lang='lat' dir='ltr'>nec</span> <span class='ocrx_word' id='word_1_78' title='bbox 1486 1289 1622 1344; x_wconf 92' lang='lat' dir='ltr'>tam</span> <span class='ocrx_word' id='word_1_79' title='bbox 1654 1280 1908 1345; x_wconf 84' lang='lat' dir='ltr'>diserte</span> <span class='ocrx_word' id='word_1_80' title='bbox 1941 1301 2138 1364; x_wconf 88' lang='lat' dir='ltr'>quam</span> <span class='ocrx_word' id='word_1_81' title='bbox 2169 1280 2342 1344; x_wconf 86' lang='lat' dir='ltr'>solet</span> <span class='ocrx_word' id='word_1_82' title='bbox 2375 1284 2728 1366; x_wconf 84' lang='lat' dir='ltr'>exposuit:</span> 
     </span>
     <span class='ocr_line' id='line_1_10' title="bbox 497 1379 2729 1464; baseline -0.001 -17"><span class='ocrx_word' id='word_1_83' title='bbox 497 1404 650 1447; x_wconf 87' lang='lat' dir='ltr'>nam</span> <span class='ocrx_word' id='word_1_84' title='bbox 678 1379 845 1443; x_wconf 91' lang='lat' dir='ltr'>illud</span> <span class='ocrx_word' id='word_1_85' title='bbox 875 1379 1214 1455; x_wconf 75' lang='lat' dir='ltr'>blanditur,</span> <span class='ocrx_word' id='word_1_86' title='bbox 1241 1379 1428 1461; x_wconf 86' lang='lat' dir='ltr'>quod</span> <span class='ocrx_word' id='word_1_87' title='bbox 1459 1386 1563 1442; x_wconf 89' lang='lat' dir='ltr'>est</span> <span class='ocrx_word' id='word_1_88' title='bbox 1592 1379 1662 1441; x_wconf 90' lang='lat' dir='ltr'>in</span> <span class='ocrx_word' id='word_1_89' title='bbox 1691 1401 1895 1441; x_wconf 87' lang='lat' dir='ltr'>versu</span> <span class='ocrx_word' id='word_1_90' title='bbox 1929 1379 2044 1440; x_wconf 88' lang='lat'>173</span> <span class='ocrx_word' id='word_1_91' title='bbox 2063 1426 2078 1452; x_wconf 99' lang='lat'>,</span> <span class='ocrx_word' id='word_1_92' title='bbox 2103 1399 2142 1440; x_wconf 91' lang='lat' dir='ltr'>a</span> <span class='ocrx_word' id='word_1_93' title='bbox 2173 1379 2519 1464; x_wconf 90' lang='lat' dir='ltr'>plerisque</span> <span class='ocrx_word' id='word_1_94' title='bbox 2549 1380 2729 1445; x_wconf 83' lang='lat' dir='ltr'>frus-</span> 
     </span>
     <span class='ocr_line' id='line_1_11' title="bbox 497 1474 2729 1562; baseline -0.001 -16"><span class='ocrx_word' id='word_1_95' title='bbox 497 1490 608 1547; x_wconf 85' lang='lat' dir='ltr'>tra</span> <span class='ocrx_word' id='word_1_96' title='bbox 636 1482 1036 1562; x_wconf 85' lang='lat' dir='ltr'>temptatum</span> <span class='ocrx_word' id='word_1_97' title='bbox 1067 1474 1253 1558; x_wconf 89' lang='lat' dir='ltr'>(Itali</span> <span class='ocrx_word' id='word_1_98' title='bbox 1285 1475 1458 1537; x_wconf 89' lang='lat' dir='ltr'>enim</span> <span class='ocrx_word' id='word_1_99' title='bbox 1488 1474 1712 1539; x_wconf 88' lang='lat' dir='ltr'>fecere</span> <span class='ocrx_word' id='word_1_100' title='bbox 1754 1476 1832 1538; x_wconf 83' lang='lat' dir='ltr'>Ut</span> <span class='ocrx_word' id='word_1_101' title='bbox 1861 1512 1930 1520; x_wconf 91' lang='lat'>—</span> <span class='ocrx_word' id='word_1_102' title='bbox 1966 1474 2332 1554; x_wconf 77' lang='lat' dir='ltr'>blanditum,</span> <span class='ocrx_word' id='word_1_103' title='bbox 2355 1476 2729 1543; x_wconf 85' lang='lat' dir='ltr'>Lambinus</span> 
     </span>
     <span class='ocr_line' id='line_1_12' title="bbox 500 1572 2728 1657; baseline -0 -15"><span class='ocrx_word' id='word_1_104' title='bbox 500 1579 577 1642; x_wconf 84' lang='lat' dir='ltr'>Ut</span> <span class='ocrx_word' id='word_1_105' title='bbox 610 1617 676 1627; x_wconf 82' lang='lat'>-</span> <span class='ocrx_word' id='word_1_106' title='bbox 714 1572 1066 1657; x_wconf 77' lang='lat' dir='ltr'>blanditim)</span> <span class='ocrx_word' id='word_1_107' title='bbox 1101 1620 1116 1646; x_wconf 91' lang='lat'>,</span> <span class='ocrx_word' id='word_1_108' title='bbox 1161 1572 1327 1635; x_wconf 88' lang='lat' dir='ltr'>satis</span> <span class='ocrx_word' id='word_1_109' title='bbox 1371 1572 1542 1639; x_wconf 88' lang='lat' dir='ltr'>dure</span> <span class='ocrx_word' id='word_1_110' title='bbox 1572 1572 1866 1657; x_wconf 91' lang='lat' dir='ltr'>positum</span> <span class='ocrx_word' id='word_1_111' title='bbox 1899 1577 2002 1633; x_wconf 89' lang='lat' dir='ltr'>est</span> <span class='ocrx_word' id='word_1_112' title='bbox 2031 1594 2157 1656; x_wconf 90' lang='lat' dir='ltr'>pro</span> <span class='ocrx_word' id='word_1_113' title='bbox 2188 1573 2558 1640; x_wconf 77' lang='lat' dir='ltr'>blandiendo</span> <span class='ocrx_word' id='word_1_114' title='bbox 2589 1579 2728 1641; x_wconf 75' lang='lat' dir='ltr'>hor-</span> 
     </span>
     <span class='ocr_line' id='line_1_13' title="bbox 500 1669 2724 1756; baseline -0.001 -14"><span class='ocrx_word' id='word_1_115' title='bbox 500 1689 663 1742; x_wconf 79' lang='lat' dir='ltr'>tatur</span> <span class='ocrx_word' id='word_1_116' title='bbox 693 1674 832 1737; x_wconf 86' lang='lat' dir='ltr'>sive</span> <span class='ocrx_word' id='word_1_117' title='bbox 851 1671 1190 1756; x_wconf 76' lang='lat' dir='ltr'>persuadet</span> <span class='ocrx_word' id='word_1_118' title='bbox 1218 1678 1284 1733; x_wconf 89' lang='lat' dir='ltr'>et</span> <span class='ocrx_word' id='word_1_119' title='bbox 1315 1672 1614 1755; x_wconf 78' lang='lat' dir='ltr'>compellit</span> <span class='ocrx_word' id='word_1_120' title='bbox 1641 1670 1980 1752; x_wconf 88' lang='lat' dir='ltr'>(similiter</span> <span class='ocrx_word' id='word_1_121' title='bbox 1998 1669 2351 1735; x_wconf 84' lang='lat' dir='ltr'>Vitruvius</span> <span class='ocrx_word' id='word_1_122' title='bbox 2372 1674 2442 1736; x_wconf 90' lang='lat' dir='ltr'>in</span> <span class='ocrx_word' id='word_1_123' title='bbox 2466 1675 2630 1739; x_wconf 88' lang='lat' dir='ltr'>libri</span> <span class='ocrx_word' id='word_1_124' title='bbox 2654 1700 2724 1739; x_wconf 93' lang='lat'>111</span> 
     </span>
     <span class='ocr_line' id='line_1_14' title="bbox 496 1769 2730 1860; baseline 0 -23"><span class='ocrx_word' id='word_1_125' title='bbox 496 1771 921 1860; x_wconf 85' lang='lat' dir='ltr'>praefatione</span> <span class='ocrx_word' id='word_1_126' title='bbox 965 1793 1100 1832; x_wconf 85' lang='lat' dir='ltr'>cum</span> <span class='ocrx_word' id='word_1_127' title='bbox 1142 1771 1322 1832; x_wconf 82' lang='lat' dir='ltr'>etiam</span> <span class='ocrx_word' id='word_1_128' title='bbox 1367 1792 1546 1853; x_wconf 77' lang='lat' dir='ltr'>saepe</span> <span class='ocrx_word' id='word_1_129' title='bbox 1591 1769 1938 1832; x_wconf 72' lang='lat' dir='ltr'>blandiatur</span> <span class='ocrx_word' id='word_1_130' title='bbox 1976 1771 2185 1853; x_wconf 73' lang='lat' dir='ltr'>yratia</span> <span class='ocrx_word' id='word_1_131' title='bbox 2230 1774 2647 1836; x_wconf 74' lang='lat' dir='ltr'>coaviviomcm</span> <span class='ocrx_word' id='word_1_132' title='bbox 2692 1800 2730 1837; x_wconf 89' lang='lat' dir='ltr'>a</span> 
     </span>
     <span class='ocr_line' id='line_1_15' title="bbox 496 1866 2727 1957; baseline -0 -20"><span class='ocrx_word' id='word_1_133' title='bbox 496 1874 655 1937; x_wconf 75' lang='lat' dir='ltr'>veris</span> <span class='ocrx_word' id='word_1_134' title='bbox 683 1871 926 1935; x_wconf 76' lang='lat' dir='ltr'>iudiciis</span> <span class='ocrx_word' id='word_1_135' title='bbox 955 1870 1040 1932; x_wconf 83' lang='lat' dir='ltr'>ad</span> <span class='ocrx_word' id='word_1_136' title='bbox 1047 1868 1287 1956; x_wconf 77' lang='lat' dir='ltr'>falsam</span> <span class='ocrx_word' id='word_1_137' title='bbox 1306 1868 1768 1952; x_wconf 77' lang='lat' dir='ltr'>probationem:</span> <span class='ocrx_word' id='word_1_138' title='bbox 1790 1866 1954 1930; x_wconf 79' lang='lat' dir='ltr'>dicit</span> <span class='ocrx_word' id='word_1_139' title='bbox 1980 1868 2151 1931; x_wconf 86' lang='lat' dir='ltr'>enim</span> <span class='ocrx_word' id='word_1_140' title='bbox 2176 1870 2487 1934; x_wconf 84' lang='lat' dir='ltr'>convivia</span> <span class='ocrx_word' id='word_1_141' title='bbox 2507 1920 2521 1947; x_wconf 94' lang='lat'>,</span> <span class='ocrx_word' id='word_1_142' title='bbox 2551 1894 2727 1957; x_wconf 89' lang='lat' dir='ltr'>quae</span> 
     </span>
     <span class='ocr_line' id='line_1_16' title="bbox 500 1965 2726 2056; baseline 0 -21"><span class='ocrx_word' id='word_1_143' title='bbox 500 1971 789 2035; x_wconf 88' lang='lat' dir='ltr'>artifices</span> <span class='ocrx_word' id='word_1_144' title='bbox 822 1967 986 2030; x_wconf 87' lang='lat' dir='ltr'>dent</span> <span class='ocrx_word' id='word_1_145' title='bbox 1012 1966 1351 2032; x_wconf 91' lang='lat' dir='ltr'>nobilibus</span> <span class='ocrx_word' id='word_1_146' title='bbox 1384 2013 1401 2041; x_wconf 92' lang='lat'>,</span> <span class='ocrx_word' id='word_1_147' title='bbox 1447 1986 1649 2051; x_wconf 87' lang='lat' dir='ltr'>saepe</span> <span class='ocrx_word' id='word_1_148' title='bbox 1689 1965 1930 2028; x_wconf 91' lang='lat' dir='ltr'>horum</span> <span class='ocrx_word' id='word_1_149' title='bbox 1973 1965 2274 2030; x_wconf 87' lang='lat' dir='ltr'>favorem</span> <span class='ocrx_word' id='word_1_150' title='bbox 2315 1968 2726 2056; x_wconf 86' lang='lat' dir='ltr'>eblandiri),</span> 
     </span>
     <span class='ocr_line' id='line_1_17' title="bbox 497 2063 2727 2155; baseline 0 -21"><span class='ocrx_word' id='word_1_151' title='bbox 497 2090 719 2155; x_wconf 89' lang='lat' dir='ltr'>neque</span> <span class='ocrx_word' id='word_1_152' title='bbox 748 2066 974 2131; x_wconf 87' lang='lat' dir='ltr'>versui</span> <span class='ocrx_word' id='word_1_153' title='bbox 1006 2064 1123 2129; x_wconf 82' lang='lat'>183</span> <span class='ocrx_word' id='word_1_154' title='bbox 1146 2114 1161 2141; x_wconf 91' lang='lat'><strong><em>‚</em></strong></span> <span class='ocrx_word' id='word_1_155' title='bbox 1190 2065 1259 2129; x_wconf 91' lang='lat' dir='ltr'>in</span> <span class='ocrx_word' id='word_1_156' title='bbox 1304 2085 1438 2149; x_wconf 89' lang='lat' dir='ltr'>quo</span> <span class='ocrx_word' id='word_1_157' title='bbox 1487 2072 1591 2126; x_wconf 88' lang='lat' dir='ltr'>est</span> <span class='ocrx_word' id='word_1_158' title='bbox 1620 2063 1811 2128; x_wconf 82' lang='lat' dir='ltr'>Nunc</span> <span class='ocrx_word' id='word_1_159' title='bbox 1838 2065 1908 2126; x_wconf 84' lang='lat' dir='ltr'>id</span> <span class='ocrx_word' id='word_1_160' title='bbox 1932 2065 2097 2149; x_wconf 84' lang='lat' dir='ltr'>quod</span> <span class='ocrx_word' id='word_1_161' title='bbox 2117 2088 2302 2150; x_wconf 63' lang='lat' dir='ltr'>super</span> <span class='ocrx_word' id='word_1_162' title='bbox 2330 2078 2416 2129; x_wconf 81' lang='lat' dir='ltr'>est</span> <span class='ocrx_word' id='word_1_163' title='bbox 2440 2073 2727 2154; x_wconf 77' lang='lat' dir='ltr'>expedie-</span> 
     </span>
     <span class='ocr_line' id='line_1_18' title="bbox 495 2164 2727 2254; baseline -0.001 -21"><span class='ocrx_word' id='word_1_164' title='bbox 495 2193 661 2242; x_wconf 71' lang='lat' dir='ltr'>mus,</span> <span class='ocrx_word' id='word_1_165' title='bbox 687 2164 1034 2231; x_wconf 85' lang='lat' dir='ltr'>commode</span> <span class='ocrx_word' id='word_1_166' title='bbox 1066 2165 1276 2229; x_wconf 89' lang='lat' dir='ltr'>subici</span> <span class='ocrx_word' id='word_1_167' title='bbox 1307 2164 1530 2249; x_wconf 91' lang='lat' dir='ltr'>potuit</span> <span class='ocrx_word' id='word_1_168' title='bbox 1560 2164 1749 2226; x_wconf 78' lang='lat' dir='ltr'>Nunc</span> <span class='ocrx_word' id='word_1_169' title='bbox 1779 2164 1943 2226; x_wconf 76' lang='lat' dir='ltr'>locus</span> <span class='ocrx_word' id='word_1_170' title='bbox 1973 2165 2148 2226; x_wconf 75' lang='lat' dir='ltr'>estin</span> <span class='ocrx_word' id='word_1_171' title='bbox 2176 2164 2270 2226; x_wconf 73' lang='lat' dir='ltr'>liis</span> <span class='ocrx_word' id='word_1_172' title='bbox 2297 2165 2456 2229; x_wconf 88' lang='lat' dir='ltr'>illud</span> <span class='ocrx_word' id='word_1_173' title='bbox 2482 2191 2727 2254; x_wconf 82' lang='lat' dir='ltr'>quoque</span> 
     </span>
     <span class='ocr_line' id='line_1_19' title="bbox 497 2260 2723 2355; baseline -0.001 -23"><span class='ocrx_word' id='word_1_174' title='bbox 497 2269 673 2332; x_wconf 76' lang='lat' dir='ltr'>rebus</span> <span class='ocrx_word' id='word_1_175' title='bbox 710 2267 1117 2355; x_wconf 68' lang='lat' dir='ltr'>Corfirmare.</span> <span class='ocrx_word' id='word_1_176' title='bbox 1152 2262 1415 2326; x_wconf 86' lang='lat' dir='ltr'>accedit</span> <span class='ocrx_word' id='word_1_177' title='bbox 1449 2260 1633 2346; x_wconf 88' lang='lat' dir='ltr'>quod</span> <span class='ocrx_word' id='word_1_178' title='bbox 1666 2282 1738 2324; x_wconf 88' lang='lat' dir='ltr'>se</span> <span class='ocrx_word' id='word_1_179' title='bbox 1768 2282 1909 2324; x_wconf 90' lang='lat' dir='ltr'>rem</span> <span class='ocrx_word' id='word_1_180' title='bbox 1941 2262 2244 2345; x_wconf 74' lang='lat' dir='ltr'>posterius</span> <span class='ocrx_word' id='word_1_181' title='bbox 2279 2275 2556 2347; x_wconf 78' lang='lat' dir='ltr'>apertam</span> <span class='ocrx_word' id='word_1_182' title='bbox 2568 2268 2723 2351; x_wconf 83' lang='lat' dir='ltr'>fac-</span> 
     </span>
     <span class='ocr_line' id='line_1_20' title="bbox 495 2359 2724 2451; baseline -0.002 -20"><span class='ocrx_word' id='word_1_183' title='bbox 495 2379 699 2431; x_wconf 77' lang='lat' dir='ltr'>turum</span> <span class='ocrx_word' id='word_1_184' title='bbox 728 2361 1095 2451; x_wconf 82' lang='lat' dir='ltr'>promittit3</span> <span class='ocrx_word' id='word_1_185' title='bbox 1122 2360 1305 2445; x_wconf 89' lang='lat' dir='ltr'>quod</span> <span class='ocrx_word' id='word_1_186' title='bbox 1336 2360 1453 2424; x_wconf 90' lang='lat' dir='ltr'>ubi</span> <span class='ocrx_word' id='word_1_187' title='bbox 1480 2359 1824 2443; x_wconf 88' lang='lat' dir='ltr'>praestitit</span> <span class='ocrx_word' id='word_1_188' title='bbox 1844 2359 2154 2422; x_wconf 83' lang='lat' dir='ltr'>versibus</span> <span class='ocrx_word' id='word_1_189' title='bbox 2182 2382 2451 2445; x_wconf 84' lang='lat' dir='ltr'>quoque</span> <span class='ocrx_word' id='word_1_190' title='bbox 2478 2362 2724 2433; x_wconf 86' lang='lat' dir='ltr'>iisdem</span> 
     </span>
     <span class='ocr_line' id='line_1_21' title="bbox 497 2457 2722 2552; baseline -0.002 -20"><span class='ocrx_word' id='word_1_191' title='bbox 497 2467 757 2552; x_wconf 88' lang='lat' dir='ltr'>aliquot</span> <span class='ocrx_word' id='word_1_192' title='bbox 784 2460 1092 2551; x_wconf 87' lang='lat' dir='ltr'>repetitis</span> <span class='ocrx_word' id='word_1_193' title='bbox 1120 2460 1189 2523; x_wconf 88' lang='lat' dir='ltr'>in</span> <span class='ocrx_word' id='word_1_194' title='bbox 1218 2458 1389 2524; x_wconf 91' lang='lat' dir='ltr'>libro</span> <span class='ocrx_word' id='word_1_195' title='bbox 1426 2458 1659 2543; x_wconf 86' lang='lat' dir='ltr'>quinto</span> <span class='ocrx_word' id='word_1_196' title='bbox 1697 2457 1811 2521; x_wconf 87' lang='lat'>195</span> <span class='ocrx_word' id='word_1_197' title='bbox 1829 2494 1912 2504; x_wconf 85' lang='lat'>-—</span> <span class='ocrx_word' id='word_1_198' title='bbox 1929 2457 2051 2522; x_wconf 84' lang='lat'>234</span> <span class='ocrx_word' id='word_1_199' title='bbox 2075 2509 2089 2535; x_wconf 92' lang='lat'>,</span> <span class='ocrx_word' id='word_1_200' title='bbox 2117 2459 2212 2524; x_wconf 90' lang='lat' dir='ltr'>ibi</span> <span class='ocrx_word' id='word_1_201' title='bbox 2239 2459 2341 2523; x_wconf 88' lang='lat' dir='ltr'>rei·</span> <span class='ocrx_word' id='word_1_202' title='bbox 2364 2460 2722 2527; x_wconf 87' lang='lat' dir='ltr'>institutae</span> 
     </span>
     <span class='ocr_line' id='line_1_22' title="bbox 494 2558 2724 2642; baseline -0.003 -10"><span class='ocrx_word' id='word_1_203' title='bbox 494 2564 969 2632; x_wconf 82' lang='lat' dir='ltr'>tractationem</span> <span class='ocrx_word' id='word_1_204' title='bbox 997 2582 1134 2623; x_wconf 90' lang='lat' dir='ltr'>non</span> <span class='ocrx_word' id='word_1_205' title='bbox 1164 2560 1328 2623; x_wconf 89' lang='lat' dir='ltr'>satis</span> <span class='ocrx_word' id='word_1_206' title='bbox 1357 2565 1545 2622; x_wconf 87' lang='lat' dir='ltr'>recte</span> <span class='ocrx_word' id='word_1_207' title='bbox 1573 2558 2018 2642; x_wconf 88' lang='lat' dir='ltr'>interruptam</span> <span class='ocrx_word' id='word_1_208' title='bbox 2057 2579 2204 2621; x_wconf 88' lang='lat' dir='ltr'>esse</span> <span class='ocrx_word' id='word_1_209' title='bbox 2248 2559 2339 2623; x_wconf 88' lang='lat' dir='ltr'>ad</span> <span class='ocrx_word' id='word_1_210' title='bbox 2381 2561 2520 2623; x_wconf 91' lang='lat' dir='ltr'>eius</span> <span class='ocrx_word' id='word_1_211' title='bbox 2557 2561 2724 2627; x_wconf 89' lang='lat' dir='ltr'>libri</span> 
     </span>
     <span class='ocr_line' id='line_1_23' title="bbox 494 2653 2720 2740; baseline -0.003 -11"><span class='ocrx_word' id='word_1_212' title='bbox 494 2686 766 2729; x_wconf 87' lang='lat' dir='ltr'>versum</span> <span class='ocrx_word' id='word_1_213' title='bbox 810 2661 932 2726; x_wconf 84' lang='lat'>235</span> <span class='ocrx_word' id='word_1_214' title='bbox 978 2657 1588 2724; x_wconf 85' lang='lat' dir='ltr'>demonstrabimus</span> <span class='ocrx_word' id='word_1_215' title='bbox 1620 2703 1635 2718; x_wconf 90' lang='lat'><strong>.</strong></span> <span class='ocrx_word' id='word_1_216' title='bbox 1682 2653 1973 2738; x_wconf 89' lang='lat' dir='ltr'>denique</span> <span class='ocrx_word' id='word_1_217' title='bbox 2005 2676 2200 2740; x_wconf 87' lang='lat' dir='ltr'>quem</span> <span class='ocrx_word' id='word_1_218' title='bbox 2244 2654 2615 2722; x_wconf 87' lang='lat' dir='ltr'>admodum</span> <span class='ocrx_word' id='word_1_219' title='bbox 2653 2661 2720 2723; x_wconf 91' lang='lat' dir='ltr'>in</span> 
     </span>
     <span class='ocr_line' id='line_1_24' title="bbox 494 2752 2718 2845; baseline -0.002 -19"><span class='ocrx_word' id='word_1_220' title='bbox 494 2763 604 2826; x_wconf 89' lang='lat' dir='ltr'>his</span> <span class='ocrx_word' id='word_1_221' title='bbox 627 2809 643 2836; x_wconf 90' lang='lat'>,</span> <span class='ocrx_word' id='word_1_222' title='bbox 693 2761 936 2845; x_wconf 88' lang='lat' dir='ltr'>quibus</span> <span class='ocrx_word' id='word_1_223' title='bbox 966 2779 1192 2821; x_wconf 88' lang='lat' dir='ltr'>rerum</span> <span class='ocrx_word' id='word_1_224' title='bbox 1221 2762 1531 2819; x_wconf 89' lang='lat' dir='ltr'>naturam</span> <span class='ocrx_word' id='word_1_225' title='bbox 1562 2752 1652 2817; x_wconf 89' lang='lat' dir='ltr'>ad.</span> <span class='ocrx_word' id='word_1_226' title='bbox 1673 2752 2029 2816; x_wconf 87' lang='lat' dir='ltr'>utilitatem</span> <span class='ocrx_word' id='word_1_227' title='bbox 2050 2753 2388 2818; x_wconf 89' lang='lat' dir='ltr'>hominum</span> <span class='ocrx_word' id='word_1_228' title='bbox 2418 2765 2718 2822; x_wconf 89' lang='lat' dir='ltr'>creatam</span> 
     </span>
     <span class='ocr_line' id='line_1_25' title="bbox 498 2852 2714 2942; baseline -0.002 -17"><span class='ocrx_word' id='word_1_229' title='bbox 498 2881 648 2926; x_wconf 89' lang='lat' dir='ltr'>esse</span> <span class='ocrx_word' id='word_1_230' title='bbox 676 2864 881 2942; x_wconf 90' lang='lat' dir='ltr'>negat</span> <span class='ocrx_word' id='word_1_231' title='bbox 901 2905 917 2930; x_wconf 88' lang='lat'>,</span> <span class='ocrx_word' id='word_1_232' title='bbox 946 2863 1083 2918; x_wconf 89' lang='lat' dir='ltr'>tam</span> <span class='ocrx_word' id='word_1_233' title='bbox 1108 2857 1176 2917; x_wconf 89' lang='lat' dir='ltr'>in</span> <span class='ocrx_word' id='word_1_234' title='bbox 1208 2852 1509 2917; x_wconf 87' lang='lat' dir='ltr'>secundo</span> <span class='ocrx_word' id='word_1_235' title='bbox 1541 2852 1713 2915; x_wconf 90' lang='lat' dir='ltr'>libro</span> <span class='ocrx_word' id='word_1_236' title='bbox 1763 2872 1962 2935; x_wconf 87' lang='lat' dir='ltr'>quam</span> <span class='ocrx_word' id='word_1_237' title='bbox 2001 2852 2072 2915; x_wconf 91' lang='lat' dir='ltr'>in</span> <span class='ocrx_word' id='word_1_238' title='bbox 2103 2852 2338 2936; x_wconf 90' lang='lat' dir='ltr'>quinto</span> <span class='ocrx_word' id='word_1_239' title='bbox 2382 2858 2714 2940; x_wconf 91' lang='lat' dir='ltr'>composi-</span> 
     </span>
     <span class='ocr_line' id='line_1_26' title="bbox 496 2948 2714 3040; baseline -0.002 -18"><span class='ocrx_word' id='word_1_240' title='bbox 496 2958 744 3023; x_wconf 84' lang='lat' dir='ltr'>tionem</span> <span class='ocrx_word' id='word_1_241' title='bbox 775 2954 1105 3040; x_wconf 68' lang='lat' dir='ltr'>poematis</span> <span class='ocrx_word' id='word_1_242' title='bbox 1133 2953 1447 3016; x_wconf 88' lang='lat' dir='ltr'>laborare</span> <span class='ocrx_word' id='word_1_243' title='bbox 1475 2948 1922 3013; x_wconf 88' lang='lat' dir='ltr'>intelleximus</span> <span class='ocrx_word' id='word_1_244' title='bbox 1953 2997 1967 3024; x_wconf 93' lang='lat'>,</span> <span class='ocrx_word' id='word_1_245' title='bbox 1998 2951 2095 3013; x_wconf 89' lang='lat' dir='ltr'>ita</span> <span class='ocrx_word' id='word_1_246' title='bbox 2121 2952 2190 3013; x_wconf 89' lang='lat' dir='ltr'>in</span> <span class='ocrx_word' id='word_1_247' title='bbox 2220 2973 2294 3015; x_wconf 87' lang='lat' dir='ltr'>re</span> <span class='ocrx_word' id='word_1_248' title='bbox 2325 2951 2481 3031; x_wconf 82' lang='lat' dir='ltr'>huic</span> <span class='ocrx_word' id='word_1_249' title='bbox 2512 2955 2714 3019; x_wconf 92' lang='lat' dir='ltr'>simil-</span> 
     </span>
     <span class='ocr_line' id='line_1_27' title="bbox 493 3047 2710 3134; baseline -0.003 -12"><span class='ocrx_word' id='word_1_250' title='bbox 493 3057 651 3122; x_wconf 92' lang='lat' dir='ltr'>lima</span> <span class='ocrx_word' id='word_1_251' title='bbox 690 3056 761 3118; x_wconf 93' lang='lat' dir='ltr'>in</span> <span class='ocrx_word' id='word_1_252' title='bbox 801 3052 973 3117; x_wconf 88' lang='lat' dir='ltr'>libro</span> <span class='ocrx_word' id='word_1_253' title='bbox 1020 3058 1263 3134; x_wconf 87' lang='lat' dir='ltr'>quarto</span> <span class='ocrx_word' id='word_1_254' title='bbox 1289 3095 1304 3123; x_wconf 91' lang='lat'>,</span> <span class='ocrx_word' id='word_1_255' title='bbox 1335 3048 1452 3111; x_wconf 90' lang='lat' dir='ltr'>ubi</span> <span class='ocrx_word' id='word_1_256' title='bbox 1495 3068 1733 3111; x_wconf 88' lang='lat' dir='ltr'>sensus</span> <span class='ocrx_word' id='word_1_257' title='bbox 1777 3047 2157 3113; x_wconf 89' lang='lat' dir='ltr'>hominibus</span> <span class='ocrx_word' id='word_1_258' title='bbox 2198 3056 2481 3134; x_wconf 88' lang='lat' dir='ltr'>propter</span> <span class='ocrx_word' id='word_1_259' title='bbox 2518 3073 2710 3116; x_wconf 91' lang='lat' dir='ltr'>usum</span> 
     </span>
     <span class='ocr_line' id='line_1_28' title="bbox 496 3144 2709 3232; baseline -0.003 -12"><span class='ocrx_word' id='word_1_260' title='bbox 496 3155 699 3220; x_wconf 88' lang='lat' dir='ltr'>datos</span> <span class='ocrx_word' id='word_1_261' title='bbox 731 3172 880 3217; x_wconf 89' lang='lat' dir='ltr'>esse</span> <span class='ocrx_word' id='word_1_262' title='bbox 908 3147 1091 3211; x_wconf 91' lang='lat' dir='ltr'>nullo</span> <span class='ocrx_word' id='word_1_263' title='bbox 1127 3145 1332 3210; x_wconf 90' lang='lat' dir='ltr'>modo</span> <span class='ocrx_word' id='word_1_264' title='bbox 1376 3144 1564 3209; x_wconf 90' lang='lat' dir='ltr'>credi</span> <span class='ocrx_word' id='word_1_265' title='bbox 1602 3165 1807 3232; x_wconf 89' lang='lat' dir='ltr'>posse</span> <span class='ocrx_word' id='word_1_266' title='bbox 1844 3145 2087 3221; x_wconf 90' lang='lat' dir='ltr'>docet,</span> <span class='ocrx_word' id='word_1_267' title='bbox 2116 3168 2351 3211; x_wconf 89' lang='lat' dir='ltr'>rursus</span> <span class='ocrx_word' id='word_1_268' title='bbox 2392 3150 2709 3214; x_wconf 87' lang='lat' dir='ltr'>observa-</span> 
     </span>
     <span class='ocr_line' id='line_1_29' title="bbox 491 3243 2708 3333; baseline -0.002 -17"><span class='ocrx_word' id='word_1_269' title='bbox 491 3253 711 3316; x_wconf 90' lang='lat' dir='ltr'>bimus</span> <span class='ocrx_word' id='word_1_270' title='bbox 741 3271 886 3314; x_wconf 92' lang='lat' dir='ltr'>eam</span> <span class='ocrx_word' id='word_1_271' title='bbox 914 3268 1055 3312; x_wconf 88' lang='lat' dir='ltr'>rem</span> <span class='ocrx_word' id='word_1_272' title='bbox 1085 3267 1343 3310; x_wconf 91' lang='lat' dir='ltr'>omnem</span> <span class='ocrx_word' id='word_1_273' title='bbox 1378 3243 1539 3308; x_wconf 91' lang='lat' dir='ltr'>illuc</span> <span class='ocrx_word' id='word_1_274' title='bbox 1577 3265 1717 3307; x_wconf 90' lang='lat' dir='ltr'>non</span> <span class='ocrx_word' id='word_1_275' title='bbox 1753 3243 1979 3308; x_wconf 88' lang='lat' dir='ltr'>facere</span> <span class='ocrx_word' id='word_1_276' title='bbox 2007 3243 2129 3307; x_wconf 83' lang='lat'>822</span> <span class='ocrx_word' id='word_1_277' title='bbox 2148 3243 2365 3308; x_wconf 85' lang='lat'>-857</span> <span class='ocrx_word' id='word_1_278' title='bbox 2416 3294 2431 3310; x_wconf 92' lang='lat'><strong>.</strong></span> <span class='ocrx_word' id='word_1_279' title='bbox 2479 3248 2708 3333; x_wconf 88' lang='lat' dir='ltr'>itaque</span> 
     </span>
     <span class='ocr_line' id='line_1_30' title="bbox 493 3342 2707 3435; baseline -0.002 -22"><span class='ocrx_word' id='word_1_280' title='bbox 493 3349 923 3435; x_wconf 87' lang='lat' dir='ltr'>perspicuum</span> <span class='ocrx_word' id='word_1_281' title='bbox 946 3353 1050 3409; x_wconf 90' lang='lat' dir='ltr'>est</span> <span class='ocrx_word' id='word_1_282' title='bbox 1066 3345 1194 3408; x_wconf 89' lang='lat' dir='ltr'>hos</span> <span class='ocrx_word' id='word_1_283' title='bbox 1210 3342 1399 3408; x_wconf 92' lang='lat' dir='ltr'>locos</span> <span class='ocrx_word' id='word_1_284' title='bbox 1420 3342 1794 3406; x_wconf 89' lang='lat' dir='ltr'>aLucretio</span> <span class='ocrx_word' id='word_1_285' title='bbox 1822 3364 1958 3404; x_wconf 93' lang='lat' dir='ltr'>non</span> <span class='ocrx_word' id='word_1_286' title='bbox 1991 3363 2069 3405; x_wconf 88' lang='lat' dir='ltr'>eo</span> <span class='ocrx_word' id='word_1_287' title='bbox 2101 3342 2340 3407; x_wconf 88' lang='lat' dir='ltr'>ordine</span> <span class='ocrx_word' id='word_1_288' title='bbox 2370 3365 2512 3428; x_wconf 67' lang='lat' dir='ltr'>quo,</span> <span class='ocrx_word' id='word_1_289' title='bbox 2534 3366 2707 3408; x_wconf 89' lang='lat' dir='ltr'>nunc</span> 
     </span>
     <span class='ocr_line' id='line_1_31' title="bbox 495 3440 2708 3529; baseline -0.002 -18"><span class='ocrx_word' id='word_1_290' title='bbox 495 3445 790 3511; x_wconf 86' lang='lat' dir='ltr'>carmina</span> <span class='ocrx_word' id='word_1_291' title='bbox 811 3445 1062 3527; x_wconf 90' lang='lat' dir='ltr'>scripta</span> <span class='ocrx_word' id='word_1_292' title='bbox 1081 3444 1360 3529; x_wconf 85' lang='lat' dir='ltr'>legimus</span> <span class='ocrx_word' id='word_1_293' title='bbox 1385 3449 1719 3506; x_wconf 89' lang='lat' dir='ltr'>tractatos</span> <span class='ocrx_word' id='word_1_294' title='bbox 1742 3463 1891 3505; x_wconf 91' lang='lat' dir='ltr'>esse</span> <span class='ocrx_word' id='word_1_295' title='bbox 1931 3489 1946 3514; x_wconf 90' lang='lat'>‚</span> <span class='ocrx_word' id='word_1_296' title='bbox 1987 3440 2110 3505; x_wconf 90' lang='lat' dir='ltr'>sed</span> <span class='ocrx_word' id='word_1_297' title='bbox 2145 3441 2275 3505; x_wconf 87' lang='lat' dir='ltr'>alio</span> <span class='ocrx_word' id='word_1_298' title='bbox 2314 3449 2619 3527; x_wconf 89' lang='lat' dir='ltr'>tempore</span> <span class='ocrx_word' id='word_1_299' title='bbox 2642 3451 2708 3507; x_wconf 90' lang='lat' dir='ltr'>et</span> 
     </span>
     <span class='ocr_line' id='line_1_32' title="bbox 491 3540 2707 3626; baseline -0.004 -14"><span class='ocrx_word' id='word_1_300' title='bbox 491 3567 642 3612; x_wconf 87' lang='lat' dir='ltr'>cum</span> <span class='ocrx_word' id='word_1_301' title='bbox 675 3551 902 3608; x_wconf 88' lang='lat' dir='ltr'>cetera</span> <span class='ocrx_word' id='word_1_302' title='bbox 927 3541 996 3605; x_wconf 90' lang='lat' dir='ltr'>in</span> <span class='ocrx_word' id='word_1_303' title='bbox 1026 3544 1330 3607; x_wconf 89' lang='lat' dir='ltr'>manibus</span> <span class='ocrx_word' id='word_1_304' title='bbox 1359 3564 1498 3605; x_wconf 89' lang='lat' dir='ltr'>non</span> <span class='ocrx_word' id='word_1_305' title='bbox 1525 3541 1813 3605; x_wconf 88' lang='lat' dir='ltr'>haberet</span> <span class='ocrx_word' id='word_1_306' title='bbox 1852 3589 1868 3615; x_wconf 90' lang='lat'>,</span> <span class='ocrx_word' id='word_1_307' title='bbox 1917 3562 2062 3603; x_wconf 92' lang='lat' dir='ltr'>cum</span> <span class='ocrx_word' id='word_1_308' title='bbox 2108 3540 2352 3624; x_wconf 87' lang='lat' dir='ltr'>quibus</span> <span class='ocrx_word' id='word_1_309' title='bbox 2392 3548 2599 3626; x_wconf 68' lang='lat' dir='ltr'>poeta</span> <span class='ocrx_word' id='word_1_310' title='bbox 2642 3548 2707 3606; x_wconf 90' lang='lat' dir='ltr'>et</span> 
     </span>
     <span class='ocr_line' id='line_1_33' title="bbox 490 3638 2705 3732; baseline -0.003 -23"><span class='ocrx_word' id='word_1_311' title='bbox 490 3641 941 3732; x_wconf 86' lang='lat' dir='ltr'>philosophus</span> <span class='ocrx_word' id='word_1_312' title='bbox 984 3640 1128 3703; x_wconf 88' lang='lat' dir='ltr'>veri</span> <span class='ocrx_word' id='word_1_313' title='bbox 1168 3638 1393 3704; x_wconf 80' lang='lat' dir='ltr'>rerum</span> <span class='ocrx_word' id='word_1_314' title='bbox 1436 3639 1691 3703; x_wconf 90' lang='lat' dir='ltr'>ordinis</span> <span class='ocrx_word' id='word_1_315' title='bbox 1737 3640 2019 3703; x_wconf 83' lang='lat' dir='ltr'>maxime</span> <span class='ocrx_word' id='word_1_316' title='bbox 2063 3638 2409 3703; x_wconf 88' lang='lat' dir='ltr'>studiosus</span> <span class='ocrx_word' id='word_1_317' title='bbox 2454 3639 2567 3703; x_wconf 89' lang='lat' dir='ltr'>illa</span> <span class='ocrx_word' id='word_1_318' title='bbox 2593 3689 2609 3715; x_wconf 92' lang='lat'>,</span> <span class='ocrx_word' id='word_1_319' title='bbox 2649 3640 2705 3703; x_wconf 92' lang='lat' dir='ltr'>si</span> 
     </span>
     <span class='ocr_line' id='line_1_34' title="bbox 488 3737 2704 3829; baseline -0.002 -22"><span class='ocrx_word' id='word_1_320' title='bbox 488 3749 725 3829; x_wconf 86' lang='lat' dir='ltr'>posset</span> <span class='ocrx_word' id='word_1_321' title='bbox 746 3790 761 3816; x_wconf 94' lang='lat'>,</span> <span class='ocrx_word' id='word_1_322' title='bbox 793 3760 991 3826; x_wconf 89' lang='lat' dir='ltr'>quam</span> <span class='ocrx_word' id='word_1_323' title='bbox 1022 3738 1364 3821; x_wconf 84' lang='lat' dir='ltr'>aptissime</span> <span class='ocrx_word' id='word_1_324' title='bbox 1394 3739 1803 3824; x_wconf 88' lang='lat' dir='ltr'>coniungere</span> <span class='ocrx_word' id='word_1_325' title='bbox 1835 3737 2132 3802; x_wconf 90' lang='lat' dir='ltr'>debebat</span> <span class='ocrx_word' id='word_1_326' title='bbox 2159 3786 2173 3800; x_wconf 92' lang='lat'><strong>.</strong></span> <span class='ocrx_word' id='word_1_327' title='bbox 2217 3748 2301 3800; x_wconf 81' lang='lat' dir='ltr'>ex</span> <span class='ocrx_word' id='word_1_328' title='bbox 2332 3759 2468 3822; x_wconf 86' lang='lat' dir='ltr'>quo</span> <span class='ocrx_word' id='word_1_329' title='bbox 2500 3760 2704 3824; x_wconf 87' lang='lat' dir='ltr'>appa-</span> 
     </span>
     <span class='ocr_line' id='line_1_35' title="bbox 489 3834 2704 3924; baseline -0.002 -20"><span class='ocrx_word' id='word_1_330' title='bbox 489 3847 597 3904; x_wconf 87' lang='lat' dir='ltr'>ret</span> <span class='ocrx_word' id='word_1_331' title='bbox 618 3888 635 3916; x_wconf 92' lang='lat'>,</span> <span class='ocrx_word' id='word_1_332' title='bbox 667 3838 854 3924; x_wconf 88' lang='lat' dir='ltr'>quod</span> <span class='ocrx_word' id='word_1_333' title='bbox 879 3839 1012 3900; x_wconf 91' lang='lat' dir='ltr'>iam</span> <span class='ocrx_word' id='word_1_334' title='bbox 1042 3857 1249 3920; x_wconf 90' lang='lat' dir='ltr'>supra</span> <span class='ocrx_word' id='word_1_335' title='bbox 1280 3835 1453 3909; x_wconf 86' lang='lat' dir='ltr'>dixi,</span> <span class='ocrx_word' id='word_1_336' title='bbox 1481 3837 1698 3921; x_wconf 92' lang='lat' dir='ltr'>ipsum</span> <span class='ocrx_word' id='word_1_337' title='bbox 1730 3841 2000 3920; x_wconf 67' lang='lat' dir='ltr'>poetam</span> <span class='ocrx_word' id='word_1_338' title='bbox 2028 3834 2163 3898; x_wconf 88' lang='lat' dir='ltr'>hoc</span> <span class='ocrx_word' id='word_1_339' title='bbox 2193 3856 2366 3922; x_wconf 91' lang='lat' dir='ltr'>opus</span> <span class='ocrx_word' id='word_1_340' title='bbox 2395 3857 2537 3899; x_wconf 90' lang='lat' dir='ltr'>non</span> <span class='ocrx_word' id='word_1_341' title='bbox 2569 3836 2704 3900; x_wconf 88' lang='lat' dir='ltr'>edi-</span> 
     </span>
     <span class='ocr_line' id='line_1_36' title="bbox 493 3932 2705 4018; baseline -0.002 -17"><span class='ocrx_word' id='word_1_342' title='bbox 493 3936 712 4009; x_wconf 88' lang='lat' dir='ltr'>disse,</span> <span class='ocrx_word' id='word_1_343' title='bbox 740 3954 960 4018; x_wconf 89' lang='lat' dir='ltr'>neque</span> <span class='ocrx_word' id='word_1_344' title='bbox 1003 3934 1287 4018; x_wconf 90' lang='lat' dir='ltr'>primum</span> <span class='ocrx_word' id='word_1_345' title='bbox 1331 3932 1660 3996; x_wconf 87' lang='lat' dir='ltr'>editorem</span> <span class='ocrx_word' id='word_1_346' title='bbox 1691 3954 1966 3997; x_wconf 83' lang='lat' dir='ltr'>curasse</span> <span class='ocrx_word' id='word_1_347' title='bbox 2008 3940 2085 3996; x_wconf 92' lang='lat' dir='ltr'>ut</span> <span class='ocrx_word' id='word_1_348' title='bbox 2130 3932 2430 4018; x_wconf 85' lang='lat' dir='ltr'>singulae</span> <span class='ocrx_word' id='word_1_349' title='bbox 2474 3941 2705 4018; x_wconf 89' lang='lat' dir='ltr'>partes</span> 
     </span>
     <span class='ocr_line' id='line_1_37' title="bbox 488 4028 2704 4120; baseline -0.001 -22"><span class='ocrx_word' id='word_1_350' title='bbox 488 4031 832 4120; x_wconf 83' lang='lat' dir='ltr'>perfectae</span> <span class='ocrx_word' id='word_1_351' title='bbox 864 4036 946 4093; x_wconf 80' lang='lat' dir='ltr'>et</span> <span class='ocrx_word' id='word_1_352' title='bbox 988 4031 1340 4095; x_wconf 88' lang='lat' dir='ltr'>absolutae</span> <span class='ocrx_word' id='word_1_353' title='bbox 1375 4028 1813 4108; x_wconf 82' lang='lat' dir='ltr'>viderentur3</span> <span class='ocrx_word' id='word_1_354' title='bbox 1862 4053 2056 4116; x_wconf 89' lang='lat' dir='ltr'>quem</span> <span class='ocrx_word' id='word_1_355' title='bbox 2101 4031 2312 4115; x_wconf 85' lang='lat' dir='ltr'>siquis</span> <span class='ocrx_word' id='word_1_356' title='bbox 2356 4032 2426 4094; x_wconf 91' lang='lat' dir='ltr'>in</span> <span class='ocrx_word' id='word_1_357' title='bbox 2467 4032 2577 4095; x_wconf 91' lang='lat' dir='ltr'>his</span> <span class='ocrx_word' id='word_1_358' title='bbox 2623 4031 2704 4095; x_wconf 88' lang='lat' dir='ltr'>de</span> 
     </span>
     <span class='ocr_line' id='line_1_38' title="bbox 491 4127 2707 4220; baseline -0.001 -24"><span class='ocrx_word' id='word_1_359' title='bbox 491 4132 734 4220; x_wconf 89' lang='lat' dir='ltr'>quibus</span> <span class='ocrx_word' id='word_1_360' title='bbox 755 4148 932 4191; x_wconf 90' lang='lat' dir='ltr'>nunc</span> <span class='ocrx_word' id='word_1_361' title='bbox 955 4148 1106 4192; x_wconf 90' lang='lat' dir='ltr'>cum</span> <span class='ocrx_word' id='word_1_362' title='bbox 1126 4129 1407 4192; x_wconf 90' lang='lat' dir='ltr'>maxime</span> <span class='ocrx_word' id='word_1_363' title='bbox 1433 4128 1688 4214; x_wconf 84' lang='lat' dir='ltr'>agimus</span> <span class='ocrx_word' id='word_1_364' title='bbox 1712 4130 2017 4198; x_wconf 87' lang='lat' dir='ltr'>versibus</span> <span class='ocrx_word' id='word_1_365' title='bbox 2044 4128 2282 4193; x_wconf 90' lang='lat' dir='ltr'>charta</span> <span class='ocrx_word' id='word_1_366' title='bbox 2308 4127 2707 4214; x_wconf 82' lang='lat' dir='ltr'>imperfecta</span> 
     </span>
     <span class='ocr_line' id='line_1_39' title="bbox 490 4225 2705 4311; baseline -0.002 -16"><span class='ocrx_word' id='word_1_367' title='bbox 490 4239 560 4296; x_wconf 88' lang='lat' dir='ltr'>et</span> <span class='ocrx_word' id='word_1_368' title='bbox 600 4230 823 4293; x_wconf 89' lang='lat' dir='ltr'>lacera</span> <span class='ocrx_word' id='word_1_369' title='bbox 865 4249 1056 4291; x_wconf 89' lang='lat' dir='ltr'>usum</span> <span class='ocrx_word' id='word_1_370' title='bbox 1103 4247 1251 4291; x_wconf 89' lang='lat' dir='ltr'>esse</span> <span class='ocrx_word' id='word_1_371' title='bbox 1294 4225 1747 4309; x_wconf 86' lang='lat' dir='ltr'>suspicabitur</span> <span class='ocrx_word' id='word_1_372' title='bbox 1784 4275 1798 4303; x_wconf 92' lang='lat'>‚</span> <span class='ocrx_word' id='word_1_373' title='bbox 1846 4233 1923 4290; x_wconf 90' lang='lat' dir='ltr'>ut</span> <span class='ocrx_word' id='word_1_374' title='bbox 1968 4248 2047 4290; x_wconf 88' lang='lat' dir='ltr'>ea</span> <span class='ocrx_word' id='word_1_375' title='bbox 2092 4247 2263 4311; x_wconf 89' lang='lat' dir='ltr'>quae</span> <span class='ocrx_word' id='word_1_376' title='bbox 2304 4225 2419 4289; x_wconf 91' lang='lat' dir='ltr'>hic</span> <span class='ocrx_word' id='word_1_377' title='bbox 2465 4227 2705 4291; x_wconf 87' lang='lat' dir='ltr'>deesse</span> 
     </span>
     <span class='ocr_line' id='line_1_40' title="bbox 487 4322 2705 4411; baseline -0.002 -19"><span class='ocrx_word' id='word_1_378' title='bbox 487 4328 874 4411; x_wconf 88' lang='lat' dir='ltr'>scripsimus</span> <span class='ocrx_word' id='word_1_379' title='bbox 900 4344 1262 4409; x_wconf 90' lang='lat' dir='ltr'>numquam</span> <span class='ocrx_word' id='word_1_380' title='bbox 1295 4323 1478 4387; x_wconf 83' lang='lat' dir='ltr'>edita</span> <span class='ocrx_word' id='word_1_381' title='bbox 1507 4322 1843 4387; x_wconf 88' lang='lat' dir='ltr'>existimet</span> <span class='ocrx_word' id='word_1_382' title='bbox 1874 4372 1889 4399; x_wconf 95' lang='lat'>,</span> <span class='ocrx_word' id='word_1_383' title='bbox 1930 4323 2098 4387; x_wconf 88' lang='lat' dir='ltr'>nihil</span> <span class='ocrx_word' id='word_1_384' title='bbox 2125 4323 2391 4388; x_wconf 89' lang='lat' dir='ltr'>habebo</span> <span class='ocrx_word' id='word_1_385' title='bbox 2426 4324 2616 4409; x_wconf 87' lang='lat' dir='ltr'>quod</span> <span class='ocrx_word' id='word_1_386' title='bbox 2647 4326 2705 4388; x_wconf 89' lang='lat' dir='ltr'>ei</span> 
     </span>
    </p>
   </div>
   <div class='ocr_carea' id='block_1_3' title="bbox 456 4423 1146 4509">
    <p class='ocr_par' dir='ltr' id='par_1_3' title="bbox 456 4423 1146 4509">
     <span class='ocr_line' id='line_1_41' title="bbox 456 4423 1146 4509; baseline -0.004 -21"><span class='ocrx_word' id='word_1_387' title='bbox 456 4500 465 4505; x_wconf 55' lang='lat'>„</span> <span class='ocrx_word' id='word_1_388' title='bbox 484 4445 878 4509; x_wconf 63' lang='lat' dir='ltr'>repugnare⁴</span> <span class='ocrx_word' id='word_1_389' title='bbox 895 4423 1108 4487; x_wconf 90' lang='lat' dir='ltr'>dicam</span> <span class='ocrx_word' id='word_1_390' title='bbox 1129 4470 1146 4485; x_wconf 91' lang='lat'>.</span> 
     </span>
    </p>
   </div>
  </div>
 </body>
</html>
