2840 5008
1157 393 1255 460 IV
2182 393 2322 461 219

78 594 161 635 ne
204 571 663 656 dispergatur
683 617 696 633 .
728 568 1079 632 Vitruvius
1122 566 1207 632 de
1248 568 1519 631 theatro
1558 589 1619 640 V,
1639 569 1677 630 3
1725 567 1838 630 Sol
1860 569 2020 631 euim
2049 591 2185 632 eum
2214 570 2325 630 im-

71 672 197 754 plet
224 671 363 733 eius
393 669 830 736 rotunditatem
845 715 861 745 ,
893 677 1003 729 ae'r
1014 714 1031 743 ,
1062 667 1375 730 conclu-sus
1396 677 1727 729 curvatura
1746 689 1939 752 neque
1967 667 2192 730 habens
2208 689 2327 749 po-

79 778 350 832 testatem
379 766 661 851 vayandi
676 812 692 839 ‚
720 765 1016 828 versando
1045 763 1466 850 confervescit.
1494 800 1502 806 ·

134 910 149 927 .
245 864 354 928 90.
389 885 650 936 onon,
680 885 969 938 numus,
998 885 1303 942 wiron,
1331 884 1829 939 ATQUE‘AIAA
1857 886 2001 925 aas
2034 861 2326 927 Conm-

82 984 326 1024 mm-:s
355 1010 371 1036 ‚
437 982 632 1024 inno
680 983 1074 1024 mrrusAn
1117 983 1373 1024 nunus
1429 982 1903 1036 Ammon-113,
1954 960 2075 1025 Ex
2114 940 2326 1025 Auro

86 1083 283 1136 oms
330 1082 513 1124 num
556 1080 955 1137 vnmuur,
997 1079 1562 1122 Exi-musaeus
1595 1060 1858 1122 on‘TAn
1905 1058 2326 1122 Summun-

85 1180 238 1221 run
284 1182 447 1222 PER
496 1179 684 1220 mna
725 1178 1048 1219 FLExmu
1073 1203 1087 1218 .
1147 1154 1511 1220 Corrector
1543 1154 1862 1240 quadrati
1884 1204 1900 1231 ‚
1944 1155 2098 1220 Itali
2119 1203 2135 1229 ,
2178 1154 2328 1219 Bri·
2410 1230 2428 1247 ⁶

87 1256 343 1320 xiensis
390 1254 624 1319 editor
640 1301 656 1329 ‚
698 1266 878 1341 atque
920 1275 1020 1317 AL
1037 1276 1170 1318 ιΑΕ
1210 1278 1309 1319 ree
1325 1303 1341 1319 .
1387 1261 1532 1318 tum
1559 1255 1925 1318 Lambinus
1955 1253 2046 1318 ad
2073 1256 2330 1343 dq'ffueae

88 1362 273 1418 recte
329 1353 612 1419 addidit
654 1379 685 1418 e
707 1380 729 1417 .·
782 1352 946 1417 mihi
998 1353 1223 1436 aptius
1275 1353 1551 1417 videtur
1605 1352 1927 1417 seiunctis
1980 1352 2329 1417 vocabulis

93 1453 297 1517 scribi
327 1454 567 1541 dq'ffusa
595 1476 627 1516 e
650 1499 663 1513 .
705 1472 914 1534 porro
945 1450 1313 1517 Lambinus
1345 1459 1415 1516 et
1447 1450 1755 1516 Gifanius
1783 1449 2014 1515 furtim
2043 1451 2141 1516 sic
2161 1498 2180 1527 ‚
2223 1451 2331 1516 Em

92 1551 209 1614 alto
249 1552 411 1636 quia
440 1551 591 1614 dum
628 1551 874 1614 veniunt
909 1551 1269 1614 intrinsecus
1295 1561 1465 1614 ortae
1485 1599 1503 1631 ,
1549 1549 1739 1635 quod
1782 1548 2181 1613 simillimum
2223 1556 2332 1612 est

95 1650 322 1713 versui
350 1649 426 1712 in
448 1647 626 1712 libro
651 1671 741 1727 vl,
762 1648 917 1711 1141
939 1694 956 1721 ‚
986 1648 1161 1712 Nam
1176 1650 1425 1733 penitus·
1443 1650 1684 1712 veniens
1703 1648 2208 1736 Aeyyptifinibus
2228 1671 2327 1712 or-

94 1757 184 1810 tus
197 1772 222 1829 ,·
248 1747 410 1830 pari
439 1747 517 1811 in
538 1753 835 1830 utroque
860 1766 985 1809 nec
1013 1744 1298 1811 ferenda
1318 1746 1390 1811 in
1411 1747 1697 1831 simplici
1718 1745 2056 1810 sententia
2078 1747 2329 1810 oratio-

98 1845 198 1908 nis
218 1886 221 1891 ·
239 1843 702 1910 abundantia.
750 1867 827 1908 ex
856 1846 978 1908 alto
1016 1851 1085 1907 et
1113 1846 1481 1909 extrinsecus
1525 1845 1653 1910 sibi
1696 1845 1981 1909 invicem
2012 1846 2332 1930 opposita

99 1963 243 2006 esse
272 1944 472 2007 solus
503 1942 966 2008 Wakefieldus
1005 1942 1185 2027 (nam
1217 1943 1360 2007 eius
1390 1942 1688 2006 asseclas
1716 1942 1884 2007 nihil
1908 1945 2162 2027 moror)
2191 1965 2332 2008 nou

101 2039 305 2104 vidit:
335 2042 504 2105 huic
537 2042 710 2105 enim
739 2041 1103 2105 extrinsecus
1130 2041 1315 2105 valet
1341 2040 1415 2105 id
1445 2040 1633 2126 quod
1660 2041 1850 2126 foras
1868 2089 1882 2103 .
1927 2061 2088 2126 ergo
2111 2090 2128 2117 ‚
2173 2044 2332 2127 quia

103 2135 183 2200 de
224 2139 781 2225 interpunctione
812 2138 1109 2204 dubitari
1152 2160 1289 2202 uon
1330 2146 1564 2223 potest
1589 2187 1604 2213 ,
1649 2149 1816 2203 ortae
1831 2138 2162 2203 vitiosum
2192 2149 2327 2204 est.

104 2236 298 2316 periit
324 2236 444 2302 hic
466 2235 874 2302 vocabulum
894 2258 1054 2302 vere
1076 2238 1554 2302 Lucretianum
1572 2284 1588 2311 ‚
1620 2236 1807 2321 quod
1836 2239 2125 2301 recurrit
2151 2236 2331 2302 infra

106 2353 299 2398 versu
327 2335 457 2400 329
482 2383 502 2411 ‚
544 2337 894 2400 extrimecu'
924 2359 1184 2400 'ron'rn
1229 2335 1611 2400 Scinduntur
1638 2358 1762 2420 per
1798 2337 1912 2399 iter
1933 2335 2176 2423 flexum
2195 2385 2212 2415 ,
2255 2336 2330 2400 id

110 2438 207 2495 est
234 2434 516 2520 oblique
533 2483 546 2499 .

212 2585 218 2589 .
265 2532 367 2595 94.
400 2555 563 2611 QUA
595 2554 1148 2597 CONTENDANT
1178 2556 1422 2597 uxum-2
1448 2532 2330 2616 cooa‘rA.Impressimale

113 2632 464 2695 contendunt
485 2681 501 2696 .
545 2631 879 2715 oblongus
921 2630 1138 2713 prima
1177 2651 1379 2693 manu
1409 2632 1648 2705 exiere,
1695 2629 1883 2714 quod
1916 2637 2149 2714 potest
2178 2652 2329 2695 esse

113 2729 306 2793 exedre
328 2779 342 2792 .
390 2728 772 2815 quadratus
803 2739 999 2793 coorte
1029 2754 1050 2790 .·
1094 2726 1217 2792 sed
1245 2727 1320 2792 id
1350 2728 1538 2813 quod
1568 2727 1901 2813 oblongus
1932 2736 2001 2793 et
2027 2727 2180 2793 Itali
2207 2730 2328 2794 ha-

113 2822 267 2888 bent
295 2827 599 2892 concinit
628 2848 780 2891 cum
808 2827 1032 2914 diffusa
1058 2826 1128 2889 in
1156 2847 1359 2890 versu
1389 2826 1505 2890 91.
1569 2863 1572 2866 ι

267 2923 367 2989 98.
411 2925 849 2989 Posi-asmo
896 2945 1282 2989 srncums
1328 2965 1404 2976 --
1454 2923 1678 3003 QUAE
1725 2947 2043 3001 eunoun
2087 2948 2330 2991 APPA-

118 3039 310 3084 RENT
329 3071 344 3085 .
375 3023 487 3088 Ita
516 3043 718 3087 versu
743 3021 860 3085 331
890 3022 1178 3086 Pluribus
1197 3023 1348 3087 haec
1377 3024 1637 3108 speculis
1653 3023 1972 3087 uideantur
1997 3025 2065 3086 in
2086 3026 2334 3089 aedibus

117 3139 229 3181 esee
245 3168 259 3181 .
300 3123 503 3208 Usque
532 3122 683 3185 adeo
709 3122 951 3205 speculo
978 3122 1043 3183 in
1070 3122 1380 3206 ,speculum
1409 3123 1737 3186 tranducet
1761 3123 1964 3207 imaqo
1986 3170 2000 3184 .
2045 3120 2331 3186 Ovidius

118 3212 181 3275 iu
209 3219 368 3282 artis
412 3219 782 3284 amatoriae
813 3242 912 3292 111,
949 3218 1065 3283 681
1115 3220 1463 3305 Praecipue
1490 3216 1554 3282 *ei
1583 3221 1776 3284 cultus
1818 3222 1936 3284 erit
1973 3222 2333 3307 speculoque

114 3312 395 3396 placebit,
427 3317 614 3381 Posse
641 3340 750 3381 suo
779 3318 947 3401 tanyi
968 3318 1170 3392 credet
1194 3340 1403 3380 amore
1425 3318 1571 3381 deas
1588 3366 1601 3380 .
1631 3316 1968 3381 Martialis
1999 3341 2070 3391 11,
2088 3317 2171 3382 66
2194 3318 2336 3383 Hoc

108 3407 350 3489 facinus
379 3416 626 3500 Lalaye
663 3416 903 3500 speculo
932 3416 1098 3502 quod
1130 3416 1401 3479 vicinat.
1447 3415 1777 3479 Horatius
1819 3424 2045 3480 utrum
2083 3417 2152 3481 in
2184 3439 2332 3481 car-

121 3507 354 3574 minum
384 3537 477 3589 1v,
513 3515 587 3577 10
619 3535 769 3577 cum
810 3514 1315 3599 praepositione
1359 3516 1630 3601 quotiens
1673 3526 1726 3578 te
1752 3516 1820 3577 in
1846 3516 2085 3600 speculo
2112 3517 2334 3578 videris

125 3605 367 3673 alterum
394 3625 497 3676 ‘an
527 3622 580 3676 te
621 3614 861 3697 speculo
891 3613 1034 3676 sine
1075 3613 1580 3698 praepositione
1623 3612 1971 3695 scripserit
2015 3633 2164 3675 cum
2194 3633 2333 3674 non

127 3705 281 3770 satis
321 3717 591 3774 constet
613 3757 629 3784 ‚
675 3709 965 3775 Orellius
1006 3710 1291 3775 alterum
1331 3712 1585 3796 probat
1606 3758 1621 3784 ,
1663 3704 1765 3773 ‘ne
1809 3709 2100 3773 elidatur
2138 3713 2205 3772 te’
2233 3710 2332 3772 in-

131 3802 297 3880 quit,
337 3808 518 3872 idem
560 3809 630 3871 in
658 3809 831 3874 libro
864 3809 1061 3884 111,29
1092 3831 1228 3874 non
1260 3808 1609 3874 offendens
1640 3807 1732 3871 ad
1770 3807 1938 3870 illud
1983 3808 2211 3871 Virtute
2237 3832 2334 3871 me

127 3894 343 3966 involvo
360 3953 377 3984 ,
406 3927 627 3992 neque
654 3908 727 3970 in
756 3906 979 3991 epodo
1013 3908 1246 3992 quinto
1278 3908 1393 3972 ubi
1425 3914 1529 3971 est
1565 3906 1731 3986 Quid
1748 3917 1815 3969 ut
1840 3929 2102 3971 noverca
2121 3930 2216 3970 me
2238 3908 2332 3970 in-

131 3999 332 4062 tueris,
375 4012 649 4087 poterat
679 4007 852 4070 scire
881 4006 950 4068 iu
982 4015 1225 4089 quarto
1272 4007 1634 4070 carminum
1679 4005 1852 4069 libro
1884 4006 2159 4070 vocales
2187 4006 2332 4069 lon-

133 4110 241 4172 gas
268 4120 401 4164 non
433 4102 590 4169 elidi
612 4152 627 4177 ‚
671 4126 890 4189 neque
921 4111 1038 4167 aut
1082 4105 1151 4166 in
1181 4105 1471 4167 carmine
1504 4105 1706 4168 tertio
1752 4105 1841 4167 tui
1868 4115 1956 4167 est
1980 4102 2331 4168 ferendum

138 4207 272 4256 esse
298 4208 410 4264 aut
438 4201 507 4264 iu
534 4223 715 4266 nono
756 4204 927 4266 Voltu
948 4212 1005 4265 et
1022 4225 1171 4286 per,
1205 4222 1492 4284 quorum
1514 4202 1787 4285 reliquit
1817 4203 2103 4267 alterum
2120 4248 2135 4275 ,
2166 4200 2330 4264 alte-

137 4306 271 4352 rum
299 4300 589 4363 correxit
608 4345 621 4361 .

298 4392 424 4459 100.
481 4397 1147 4474 Quannooulnnm
1193 4418 1778 4474 S1M1nis1²1201s
1834 4419 2034 4459 sum·
2082 4415 2284 4457 PRAE
2310 4430 2332 4442 —
