2840 5008
1211 352 1313 419 VI

16 594 17 605 χ
112 549 262 590 nam
295 528 422 611 qui
456 548 741 612 cumque
771 547 930 588 suos
960 525 1335 609 fugitabant
1364 527 1579 588 visere
1611 523 1699 586 ad
1730 546 2001 608 aegros),
2047 556 2048 559 ¹

16 632 17 639 ἵ
112 643 268 707 vitai
298 643 589 704 nimium
620 640 898 726 cupidos
930 638 1295 723 mortisque
1329 640 1615 702 timentis

14 748 85 845 kalo
111 757 444 843 poenibat
473 755 677 841 paulo
708 762 864 838 post
892 752 1070 837 turpi
1098 761 1314 816 morte
1341 754 1647 837 malaque
1665 801 1680 825 ‚

14 914 21 935 f
114 871 432 933 desertos
455 918 469 944 ‚
496 870 645 954 opis
677 868 968 953 expertis
988 918 1004 942 ‚
1026 868 1279 930 incuria
1307 874 1609 930 mactans
1628 916 1641 929 .

14 962 15 987 ἦ
114 986 221 1070 qui
249 983 541 1047 fuerant
569 992 787 1046 autem
815 990 1087 1067 praesto
1108 1030 1122 1054 ‚
1147 982 1541 1066 contagibus
1570 982 1758 1045 ibant

115 1108 318 1184 atque
351 1098 597 1160 labore
616 1146 631 1172 ‚
653 1095 875 1181 pudor
905 1118 1101 1181 quem
1129 1104 1269 1159 tum
1300 1096 1586 1180 cogebat
1617 1097 1800 1160 obire

114 1211 511 1296 blandaque
542 1211 868 1274 lassorum
897 1233 1033 1274 vox
1062 1202 1269 1273 mikta
1297 1231 1465 1273 voce
1498 1210 1864 1293 querellae.

14 1330 88 1388 '46
115 1327 407 1411 optimus
441 1326 581 1388 hoc
609 1325 724 1388 leti
750 1345 961 1410 genus
993 1345 1151 1409 ergo
1185 1325 1469 1408 quisque
1500 1325 1798 1387 subibat.

44 1459 89 1502 25
115 1440 510 1503 incomitata
540 1440 686 1523 rapi
717 1439 1080 1502 cernebant
1107 1438 1344 1502 funera
1372 1446 1596 1513 vasta,

49 1571 92 1616 47
119 1554 318 1639 inque
351 1555 506 1617 aliis
540 1553 730 1616 alium
762 1553 1079 1637 populum
1111 1552 1391 1637 sepelire
1422 1574 1694 1616 suorum

123 1676 500 1731 certantes:
527 1667 812 1730 lacrimis
841 1666 998 1731 lassi
1028 1666 1343 1749 luctuque
1372 1665 1715 1730 redibant:

122 1781 271 1845 inde
301 1783 566 1845 bonam
592 1790 851 1865 partem
880 1782 949 1843 in
978 1780 1217 1844 lectum
1248 1802 1550 1844 maerore
1581 1780 1943 1845 dabantur.

14 1898 97 1991 *250
120 1917 234 1959 nec
264 1904 551 1981 poterat
578 1896 922 1980 quisquam
954 1895 1266 1991 reperiri,
1292 1916 1488 1979 quem
1521 1916 1739 1979 neque
1767 1899 2042 1961 morbus

127 2032 244 2073 nec
272 2032 465 2073 mors
497 2010 625 2073 n'ec
654 2010 873 2074 luctus
908 2018 1267 2094 temptaret
1294 2018 1597 2092 tempore
1627 2011 1807 2073 talei.

198 2124 572 2188 Praeterea
598 2124 729 2186 iam
756 2131 990 2208 pastor
1022 2132 1089 2187 et
1117 2123 1556 2187 armentarius
1588 2125 1799 2186 omnis

128 2245 188 2301 et
213 2240 544 2301 robustus
574 2239 732 2301 item
761 2238 944 2301 curvi
972 2237 1359 2301 moderator
1390 2237 1594 2299 aratri

126 2351 489 2437 languebat
508 2401 522 2427 ,
547 2353 949 2436 penitusque
980 2373 1137 2415 casa
1167 2360 1485 2415 contrusa
1512 2350 1819 2414 iacebant

15 2422 100 2528 l255
127 2487 410 2552 corpora
441 2474 837 2553 paupertate
871 2473 939 2530 et
964 2467 1198 2530 morbo
1232 2464 1462 2529 dedita
1488 2465 1721 2528 morti.

131 2581 445 2644 exanimis
474 2581 699 2667 pueris
731 2601 934 2665 super
965 2581 1337 2644 exanimata
1362 2588 1716 2665 parentum

18 2681 25 2794 i
127 2715 412 2778 corpora
442 2716 579 2757 non
609 2716 968 2778 numquam
1000 2715 1233 2780 posses
1262 2703 1582 2778 retroque
1612 2694 1843 2758 videre

126 2809 445 2871 matribus
478 2816 544 2870 et
574 2809 876 2891 patribus
905 2816 1106 2873 natos
1136 2829 1337 2892 super
1370 2808 1570 2872 edere
1600 2809 1831 2871 vitam.

128 2942 241 2985 nec
268 2923 608 2985 minimam
635 2931 894 3006 partem
927 2944 1010 2985 ex
1039 2923 1215 3007 agris
1243 2924 1563 2984 maeroris
1594 2923 1661 2985 in
1691 2923 1922 2986 urbem

15 3027 102 3094 l260
128 3035 445 3098 confluxit
474 3036 659 3098 labes
679 3084 694 3109 ‚
718 3057 912 3119 quem
945 3036 1227 3099 contulit
1256 3037 1693 3121 agricolarum

15 3103 27 3190 l
131 3150 316 3233 copia
346 3148 757 3213 conveniens
790 3170 871 3212 ex
904 3150 1079 3212 omni
1107 3149 1411 3213 morbida
1441 3158 1660 3235 parte.

131 3263 340 3325 omnia
371 3262 782 3347 conplebant
809 3263 958 3326 loca
988 3271 1334 3347 tectaque3
1360 3286 1494 3348 quo
1526 3264 1734 3348 magis
1767 3273 1917 3328 astu

131 3375 466 3439 confertos
495 3376 590 3439 ita
620 3376 981 3439 acervatim
1009 3399 1190 3439 mors
1221 3378 1710 3442 accumulabat.

131 3489 325 3552 multa
357 3490 467 3551 siti
498 3499 846 3574 protracta
873 3490 1045 3554 viam
1073 3513 1195 3576 per
1223 3513 1485 3576 proque
1514 3494 1746 3556 voluta

39 3610 103 3658 265
130 3621 409 3686 corpora
439 3603 687 3665 silanos
719 3603 807 3666 ad
836 3625 1160 3688 aquarum
1189 3614 1401 3669 strata
1429 3608 1738 3670 iacebant

128 3713 477 3779 interclusa
510 3717 723 3779 anima
749 3719 947 3781 nimia
977 3719 1060 3781 ab
1094 3717 1449 3782 dulcedine
1479 3741 1798 3804 aquarum
1816 3770 1830 3796 ‚

130 3828 457 3915 multaque
489 3851 613 3915 per
641 3832 871 3916 populi
901 3833 1150 3917 passim
1178 3833 1330 3896 loca
1358 3841 1674 3918 prompta
1700 3834 1978 3918 viasque

2247 354 2388 421 247

142 4143 260 4190 1238
296 4149 475 4193 utsere
529 4141 549 4211 ΙΙ
609 4150 737 4196 1240
776 4144 1046 4196 Poenibus
1083 4154 1137 4197 at
1184 4145 1204 4214 ΙΙ
1265 4152 1389 4197 1241
1431 4147 1614 4198 incura
1650 4146 1669 4214 ΙΙ
1713 4152 1839 4197 1225
1878 4146 2152 4198 certabant
2189 4145 2208 4212 ΙΙ
2252 4151 2380 4196 1249

139 4218 317 4273 iectum
370 4222 390 4292 ΙΙ
450 4230 579 4277 1250
617 4226 832 4277 morb0.
888 4225 906 4295 ΙΙ
966 4233 1090 4277 1251
1130 4227 1260 4279 tale.
1313 4229 1332 4296 ΙΙ
1392 4233 1521 4280 1260
1557 4228 1815 4298 languens
1856 4229 1875 4298 ΙΙ
1918 4233 2040 4278 1261
2082 4226 2321 4278 morbide
2356 4225 2376 4293 Η

143 4307 258 4355 1262
294 4305 611 4360 condiebant
646 4306 665 4376 ΙΙ
705 4317 913 4362 aestus.
955 4311 973 4378 ΙΙ
1015 4315 1142 4361 1264
1180 4317 1449 4378 prostrata
1487 4309 1505 4379 ΙΙ
1547 4316 1674 4361 1265
1712 4311 1985 4362 tacebant.

1098 4503 1141 4524 l
