2840 5008
528 387 668 453 258
1590 389 1687 456 IV

524 584 764 624 vorsum
791 562 912 624 ead
937 583 1120 646 qnam
1148 561 1216 624 in
1251 569 1526 626 senatus
1559 564 1871 627 consulto
1906 564 1991 628 de
2018 565 2561 634 Bacchanalibus
2580 620 2595 647 ,
2624 573 2734 635 sed

526 662 666 724 sine
698 659 1011 723 relativo.

689 758 829 822 818.
861 779 1012 820 Nos
1059 758 2131 825 supprn1rnruR.Brixiensis
2163 760 2374 826 editio
2405 785 2603 827 non.

689 857 830 922 820.
861 856 948 919 ΙΝ
991 878 1353 919 MAmBus
1396 878 1743 919 vum-um
1775 860 2217 923 rAcrus.In
2242 862 2588 945 quadrato
2609 887 2731 927 vm

523 981 656 1021 UTI
703 955 953 1019 factum
998 953 1304 1018 radendo
1324 1002 1339 1027 ‚
1384 975 1604 1038 neque
1650 954 1845 1018 aliter
1888 955 2038 1019 Itali
2083 963 2152 1020 et
2178 958 2517 1022 Marullus
2537 1010 2550 1023 .
2598 961 2732 1024 olim

523 1056 685 1119 editi
714 1056 810 1118 vir
837 1066 941 1117 tun
973 1060 1040 1117 et
1068 1055 1162 1115 vir
1190 1063 1360 1131 tune,
1394 1073 1566 1136 quos
1596 1053 1925 1116 Avantius
1957 1063 2229 1119 secutus
2260 1067 2400 1120 est.

687 1153 827 1218 826.
874 1151 1107 1231 Quon
1167 1173 1265 1213 NE
1323 1171 1731 1212 mmmmm.
1789 1150 2008 1214 Huius
2051 1174 2292 1217 versus
2336 1177 2509 1218 vera
2553 1157 2732 1221 sedes

522 1275 692 1339 quae
725 1259 905 1316 esset
935 1241 1282 1314 correct'or
1313 1247 1628 1332 quadrati
1666 1251 2053 1314 annotavit.
2100 1252 2436 1316 Marullus
2479 1275 2734 1339 quoque

519 1352 720 1416 vidit.

683 1447 824 1513 822.
881 1446 1139 1509 ILLUD
1196 1468 1276 1508 IN
1333 1467 1467 1508 ius
1527 1469 1786 1510 annus
1842 1468 2144 1509 vl'rmM
2199 1469 2738 1513 vnnnmnnrssn

523 1569 807 1612 lNESSE
873 1545 1315 1608 EFFUGERE
1341 1592 1355 1618 ‚
1429 1544 1742 1607 annom-2
1789 1567 2366 1622 MULTAREQUE
2442 1570 2737 1611 pamm-:-

520 1668 664 1708 run
681 1665 918 1706 NTER.
980 1639 1371 1721 Quadratus
1426 1638 1596 1704 Illud
1647 1643 1811 1705 initis
1862 1642 2040 1705 rebus
2092 1644 2350 1724 vicium,
2410 1646 2739 1734 oblongus

509 1751 1031 1828 praemetuentur
1077 1740 1410 1803 Antonius
1441 1739 1639 1803 Marii
1681 1764 1889 1805 errore
1927 1742 2149 1804 multas
2187 1765 2304 1828 que
2334 1747 2737 1827 premediten-

518 1853 1074 1904 tur.r:1zRoR1·:M
1117 1859 1317 1900 VITA
1335 1860 1592 1914 REQUE
1640 1840 1875 1902 eximie
1920 1844 2287 1903 corrector
2313 1843 2645 1925 quadrati
2683 1855 2738 1907 et

519 1937 847 2001 Avantius
867 1985 880 2000 .
910 1946 1396 2020 praemetuenter
1426 1942 1610 1999 recte
1642 1943 1871 2000 tuetur
1906 1936 2291 2001 Gronovius
2320 1940 2390 2002 in
2423 1942 2739 2006 observa-

517 2038 772 2101 tionum
813 2035 969 2109 111,5
1012 2056 1073 2118 p.
1091 2034 1249 2099 463:
1298 2033 1423 2097 sed
1462 2034 1675 2109 idem,
1716 2035 1904 2118 quod
1945 2035 2234 2099 orationi
2276 2039 2588 2103 membra
2630 2061 2740 2103 sua

517 2132 815 2201 nondum
846 2137 1162 2196 constant
1191 2132 1367 2217 (quis
1399 2132 1573 2194 enim
1604 2152 1754 2195 cum
1774 2131 2195 2196 Wakefieldo
2220 2131 2409 2197 dicat
2428 2136 2639 2210 „inesse
2666 2139 2740 2202 ab

514 2238 756 2298 interest
780 2253 917 2294 non
949 2229 1262 2295 differre?
1279 2229 1302 2313 )
1320 2276 1335 2303 ‚
1369 2230 1688 2314 probavit
1714 2231 2084 2294 vehementer
2109 2232 2299 2295 inesto
2315 2280 2335 2311 ‚
2366 2232 2445 2296 id
2478 2243 2591 2297 est
2608 2283 2624 2308 ‚
2650 2236 2739 2297 in·

517 2333 664 2418 quit
680 2381 694 2407 ‚
719 2331 853 2395 hoc
881 2330 1005 2393 tibi
1032 2329 1436 2392 inculcatum
1453 2376 1470 2407 ,
1494 2327 1629 2392 hoc
1655 2328 1931 2391 infixum
1961 2329 2050 2392 sit
2067 2378 2080 2392 .
2105 2327 2229 2392 sed
2249 2329 2386 2392 hoc
2415 2332 2620 2397 inesto
2646 2335 2739 2397 tibi

516 2432 775 2520 efficyere
802 2448 1045 2491 vereor
1066 2435 1144 2488 ut
1164 2425 1406 2489 Latine
1434 2424 1568 2488 dici
1591 2426 1811 2511 possit
1829 2472 1843 2501 ‚
1869 2434 1938 2489 et
1963 2424 2348 2490 Gronovius
2378 2427 2454 2491 id
2476 2430 2742 2494 Marulli

514 2531 860 2592 inventum
905 2548 1053 2590 esse
1093 2526 1487 2610 ignorabat,
1532 2525 1642 2609 qui
1686 2525 1835 2609 ipse
1878 2525 2042 2610 quid
2072 2525 2371 2589 sentiens
2399 2527 2505 2591 ita
2535 2532 2740 2615 scrip-

514 2627 680 2690 serit
708 2646 847 2688 non
876 2644 1154 2710 possum
1183 2629 1370 2685 certo
1405 2620 1666 2687 dicere:
1707 2619 1871 2685 fecit
1901 2624 2073 2686 enim
2104 2624 2398 2712 Effuyere
2427 2650 2650 2692 errore
2674 2631 2740 2692 il-

513 2726 710 2787 lorum
740 2725 846 2809 qui
873 2724 1022 2786 haee
1036 2723 1599 2806 praemeditantur.
1629 2721 1761 2784 iam
1795 2722 1849 2786 si
1875 2724 2258 2808 quaerimus
2285 2723 2360 2787 id
2385 2726 2585 2808 quod
2616 2750 2742 2791 om-

513 2822 693 2884 nium
724 2820 1280 2905 simplicissimum
1312 2826 1449 2894 est,
1499 2818 1586 2882 ad
1633 2820 2099 2904 complendam
2143 2825 2555 2887 sententiam
2585 2826 2743 2889 nihil

516 2918 1089 2984 accommodatius
1131 2917 1511 2981 invenietur
1554 2939 1750 3003 quam
1789 2931 2047 3004 oportet.
2092 2920 2226 2982 hoc
2254 2928 2487 2985 tamen
2516 2945 2741 2987 verum

516 3039 665 3083 esse
709 3039 846 3081 non
888 3024 1154 3101 potest,
1214 3015 1370 3099 quia
1411 3014 1798 3079 Lucretium
1856 3018 1940 3081 ab
1983 3017 2118 3080 hoc
2158 3019 2371 3083 verbo
2416 3041 2564 3084 non
2610 3023 2740 3086 sine

515 3140 720 3183 causa
764 3114 1168 3182 abstinuisse
1214 3112 1824 3179 demonstravimus
1869 3114 1958 3179 ad
1999 3115 2242 3180 librum
2285 3139 2327 3191 1,
2352 3118 2514 3182 778.
2569 3141 2737 3183 nunc

511 3226 828 3293 necessest,
875 3235 1008 3298 quo
1038 3217 1245 3296 poeta
1271 3213 1371 3276 uti
1414 3212 1624 3286 solet,
1673 3214 1757 3276 ab
1801 3215 1993 3276 inesse
2034 3220 2170 3276 tam
2214 3215 2452 3298 paucis
2500 3217 2736 3282 litteris

515 3312 756 3387 distat,
795 3318 875 3373 ut
901 3312 1018 3374 vix
1048 3309 1369 3373 credibile
1401 3311 1489 3372 sit
1520 3308 1704 3374 aliud
1735 3311 2092 3395 quicquam
2126 3309 2239 3374 hic
2280 3311 2499 3377 latere
2520 3364 2533 3377 .
2577 3324 2650 3378 at
2676 3313 2734 3378 id

513 3414 750 3475 versus
779 3430 919 3472 non
946 3407 1203 3492 patitur
1220 3456 1233 3470 .
1266 3406 1390 3470 sed
1416 3408 1716 3491 patietur
1734 3456 1749 3483 ‚
1783 3408 1840 3472 si
1865 3408 2033 3472 illud
2060 3409 2238 3472 rebus
2264 3410 2333 3472 in
2361 3409 2567 3475 finem
2598 3435 2735 3478 ver·

515 3532 629 3574 sus
658 3508 1009 3573 reiciemus
1026 3554 1040 3581 ‚
1067 3527 1215 3568 cum
1243 3505 1553 3596 librarios
1575 3505 1905 3571 formulae
1927 3506 2374 3572 Lucretianae
2395 3509 2533 3573 iam
2554 3512 2735 3575 nimis

515 3609 837 3673 adsuetos
875 3606 987 3670 hic
1035 3625 1304 3690 quoque
1351 3601 1523 3668 Illud
1561 3606 1627 3667 in
1670 3605 1761 3668 his
1803 3606 1980 3668 rebus
2021 3607 2456 3686 continuasse
2486 3631 2628 3673 non
2658 3610 2738 3672 sit

511 3706 920 3772 mirandum.
946 3704 1313 3769 scribemus
1334 3703 1540 3786 igitur
1563 3702 1784 3767 Illud
1760 3727 1823 3765 m
1846 3704 1939 3766 his
1958 3706 2168 3801 vitiam
2187 3718 2492 3770 vementer
2521 3730 2617 3771 RE
2635 3733 2671 3771 B
2686 3729 2723 3769 u

513 3829 609 3868 NE
628 3827 763 3868 cns
782 3826 968 3867 snsr
1014 3803 1340 3890 Effuyere.
1384 3799 1493 3863 his
1537 3801 1936 3864 simillimum
1979 3812 2082 3866 est
2109 3792 2179 3865 in
2210 3826 2278 3877 11,
2300 3804 2419 3867 581
2466 3807 2647 3869 Illud
2681 3808 2738 3867 iu

513 3905 606 3966 his
642 3903 1015 3986 obsiynatum
1050 3923 1284 3987 quoque
1312 3900 1488 3963 rebus
1516 3900 1734 3963 habere
1771 3901 2084 3982 Convenit,
2125 3922 2344 3985 neque
2388 3902 2564 3966 haec
2609 3904 2736 3967 dis-

515 3999 782 4072 similia,
821 4000 890 4061 in
934 3996 1168 4063 eodem
1212 3996 1333 4061 216
1373 3997 1547 4060 Illud
1582 3999 1647 4059 in
1688 3997 1781 4059 his
1821 4020 2056 4083 quoque
2098 4010 2150 4062 te
2178 4000 2357 4061 rebus
2388 4023 2738 4084 coquoscere

516 4098 789 4175 avemus,
834 4104 901 4160 et
942 4096 1060 4159 891
1107 4097 1275 4159 Illud
1309 4098 1375 4157 in
1404 4096 1497 4157 his
1523 4096 1710 4178 ἐρέτην
1737 4096 1916 4159 rebus
1941 4098 2279 4159 ‘meminisse
2309 4098 2570 4161 decebit.
2619 4096 2736 4160 sed

511 4199 581 4259 in
622 4197 755 4259 hoc
799 4195 947 4257 loco
986 4193 1193 4256 verba
1235 4193 1614 4256 restituisse
1656 4214 1793 4256 non
1839 4195 2118 4258 sufficit:
2160 4194 2362 4280 longe
2410 4195 2587 4258 enim
2633 4195 2738 4258 hic

515 4292 846 4357 difficilius
879 4283 983 4354 est
1012 4312 1233 4353 rerum
1265 4282 1570 4354 ordinem
1602 4298 1670 4354 et
1691 4293 2120 4356 tractationis
2145 4293 2507 4356 universae
2531 4295 2734 4357 ratio-

512 4411 660 4452 nem
691 4389 1108 4472 perspicere.
1151 4407 1306 4449 nam
1346 4394 1552 4471 poeta
1595 4389 1880 4472 primum
1924 4390 2291 4453 simulacris
2327 4411 2572 4455 sensus
2600 4410 2738 4454 mo-
