2840 5008
487 359 622 425 110
1558 356 1655 424 III

331 549 429 594 953
474 554 611 596 non
640 532 877 594 merito
906 531 1219 594 inclamet
1246 531 1455 615 magis
1487 538 1555 593 et
1583 551 1750 594 voce
1777 531 2083 616 increpet
2112 533 2248 596 acri
2265 534 2296 595 ⁸?

470 642 676 710 ‘aufer
705 645 946 709 abhinc
975 644 1276 709 lacrimas
1296 694 1310 720 ‚
1332 644 1596 709 balatro
1616 693 1631 718 ‚
1657 653 1725 709 et
1753 667 2101 730 compesce
2131 650 2485 732 querellas

332 779 431 825 956
477 762 696 825 omnia
723 759 1112 848 perfunctus
1141 760 1304 823 vitai
1331 761 1627 844 praemia
1653 782 1939 825 marces:

476 875 600 940 sed
630 877 785 961 quia
813 895 1075 960 semper
1105 894 1263 937 aves
1294 874 1482 958 quod
1511 876 1704 940 abest
1723 924 1737 950 ‚
1760 877 2141 960 praesentia
2167 880 2434 952 temnis,
2525 879 2532 884 ’

473 991 840 1078 inperfecta
866 989 986 1055 tibi
1017 989 1311 1074 elapsast
1336 989 1730 1074 ingrataque
1759 990 1924 1065 vita,

478 1117 547 1170 et
573 1127 698 1169 nec
730 1105 1029 1192 opinanti
1056 1124 1236 1167 mors
1268 1091 1357 1166 ad
1386 1111 1590 1189 caput
1618 1103 1880 1168 adstitit
1909 1113 2064 1169 ante

333 1237 432 1283 960
478 1243 675 1305 quam
704 1230 891 1284 satur
920 1241 998 1283 ac
1027 1219 1266 1304 plenus
1296 1219 1518 1304 possis
1547 1217 1893 1282 discedere
1922 1241 2142 1283 rerum
2163 1268 2177 1282 .

475 1357 654 1399 nunc
683 1336 897 1398 aliena
924 1346 1042 1398 tua
1068 1342 1293 1397 tamen
1319 1341 1542 1397 aetate
1573 1335 1792 1397 omnia
1817 1335 2005 1397 mitte
2021 1383 2035 1408 ‚

480 1472 696 1534 aequo
728 1450 1077 1533 animoque
1096 1497 1111 1523 ‚
1134 1468 1256 1533 age
1288 1447 1445 1511 dum
1463 1498 1478 1524 ‚
1503 1448 1721 1535 dignis
1751 1448 2081 1512 concede:
2102 1453 2491 1516 necessest?

474 1567 652 1640 iure,
674 1571 751 1627 ut
779 1564 1018 1649 opinor
1036 1613 1051 1639 ‚
1074 1570 1232 1649 agat
1248 1612 1263 1639 ‚
1284 1563 1429 1625 iure
1456 1563 1759 1648 increpet
1784 1563 2171 1648 inciletque:

478 1678 657 1743 cedit
687 1679 857 1742 enim
883 1699 1105 1742 rerum
1133 1678 1434 1741 novitate
1466 1686 1739 1741 extrusa
1765 1685 2066 1742 vetustas

330 1811 429 1888 995
474 1815 737 1881 semper
755 1840 770 1867 ,
797 1801 865 1857 et
895 1814 978 1856 ex
1008 1793 1150 1856 aliis
1180 1791 1360 1855 aliud
1388 1813 1704 1878 reparare
1735 1803 2106 1857 necessest.

476 1930 599 1971 nec
631 1908 980 1993 quisquam
1006 1908 1075 1970 in
1104 1907 1495 1971 barathrum
1522 1929 1647 1971 nec
1678 1907 1965 1972 Tartara
1995 1907 2264 1973 deditur
2294 1918 2465 1972 atra:

476 2024 783 2087 materies
817 2035 987 2109 opus
1019 2013 1155 2098 est,
1177 2030 1254 2086 ut
1277 2030 1592 2085 crescant
1621 2030 1894 2107 postera
1923 2024 2176 2098 saecla3

478 2160 648 2224 quae
677 2147 899 2202 tamen
929 2138 1148 2202 omnia
1174 2145 1242 2200 te
1271 2138 1410 2200 vita
1437 2136 1792 2222 perfuncta
1820 2145 2213 2222 sequentur:

476 2275 600 2317 nec
629 2253 845 2316 minus
876 2274 1036 2337 ergo
1070 2260 1223 2315 ante
1251 2252 1422 2315 haec
1453 2272 1651 2336 quam
1679 2260 1754 2315 tu
1785 2251 2085 2316 cecidere
2107 2302 2122 2327 ‚
2144 2252 2547 2339 cadentque.

332 2385 430 2431 970
476 2370 573 2433 sic
603 2367 737 2432 alid
767 2390 851 2431 ex
881 2368 1009 2431 alio
1038 2387 1398 2451 numquam
1428 2364 1707 2430 desistet
1737 2367 1924 2440 oriri,

474 2485 747 2570 vitaque
778 2483 1104 2568 mancipio
1135 2481 1295 2546 nulli
1328 2480 1525 2545 datur
1544 2530 1559 2558 ‚
1583 2482 1888 2546 omnibus
1917 2504 2073 2546 usu.

475 2601 735 2686 respice
763 2600 919 2664 item
952 2620 1151 2684 quam
1178 2597 1273 2661 nil
1301 2597 1389 2661 ad
1418 2618 1543 2660 nos
1574 2606 1728 2660 ante
1759 2606 1910 2661 acta
1939 2605 2236 2661 vetustas

478 2714 801 2800 temporis
832 2714 1086 2778 aeterni
1112 2713 1342 2788 fuerit,
1367 2734 1567 2796 quam
1595 2714 1926 2776 nascimur
1956 2721 2139 2777 ante.

475 2830 608 2892 hoc
636 2829 835 2913 igitur
863 2828 1207 2914 speculum
1236 2829 1431 2891 nobis
1461 2836 1703 2891 natura
1729 2827 1933 2891 futuri

333 2960 432 3007 975
477 2943 795 3029 temporis
827 2943 1102 3029 exponit
1131 2950 1288 3027 post
1316 2950 1597 3007 mortem
1628 2943 1916 3027 denique
1947 2950 2272 3006 nostram.

473 3056 798 3143 numquid
825 3059 914 3122 ibi
941 3056 1261 3121 horribile
1291 3067 1606 3141 apparet,
1628 3079 1785 3119 num
1816 3059 2006 3121 triste
2036 3057 2300 3121 videtur

476 3174 862 3259 quicquam,
884 3193 1020 3235 non
1052 3171 1229 3234 omni
1256 3193 1491 3235 somno
1524 3172 1819 3234 securius
1852 3172 2119 3237 exstat?

556 3288 779 3373 Atque
813 3308 891 3350 ea
908 3336 923 3363 ,
944 3270 1012 3350 ni
1041 3287 1274 3350 mirum
1293 3336 1307 3362 ‚
1333 3308 1506 3372 quae
1538 3308 1820 3371 cumque
1848 3286 2235 3351 Acherunte
2264 3287 2600 3371 profundo

475 3402 746 3488 prodita
773 3409 931 3466 sunt
960 3422 1107 3465 esse
1127 3449 1141 3476 ‚
1162 3402 1231 3464 in
1259 3402 1399 3465 vita
1429 3409 1584 3464 sunt
1614 3403 1834 3465 omnia
1860 3402 2086 3467 nobis,

332 3534 430 3580 980
473 3539 599 3582 nec
627 3519 827 3583 miser
854 3512 1230 3601 inpendens
1258 3536 1571 3600 magnum
1599 3515 1786 3579 timet
1815 3523 1968 3581 aere
1999 3538 2232 3580 saxum

475 3632 803 3697 Tantalus
821 3681 836 3708 ‚
859 3639 935 3695 ut
961 3630 1202 3694 famast
1219 3678 1235 3704 ‚
1259 3650 1452 3693 cassa
1476 3629 1830 3694 formidine
1857 3638 2168 3719 torpens:

474 3746 599 3810 sed
627 3747 834 3833 magis
862 3747 931 3810 in
959 3746 1100 3810 vita
1130 3744 1355 3810 divom
1381 3754 1600 3811 metus
1629 3754 1825 3832 urget
1851 3747 2063 3810 inanis

475 3862 768 3925 mortalis
787 3909 801 3934 ‚
827 3883 1184 3946 casumque
1213 3862 1451 3926 timent
1481 3883 1677 3946 quem
1706 3861 1944 3946 cuique
1971 3860 2146 3925 ferat
2171 3858 2346 3923 fors,

474 3996 599 4041 nec
627 3975 885 4063 Tityon
915 3976 1222 4040 volucres
1251 3976 1486 4040 ineunt
1513 3977 1899 4041 Acherunte
1928 3977 2283 4049 iacentem,

483 4262 581 4308 954
618 4257 832 4308 baratre
870 4254 890 4324 ΙΙ
929 4260 1027 4306 958
1064 4254 1366 4326 Inperfecte
1403 4256 1425 4326 ΙΙ
1463 4262 1561 4308 960
1599 4255 1808 4308 discere
1846 4257 1865 4325 Η
1904 4262 2000 4307 962
2039 4254 2300 4324 agendum
2330 4256 2537 4324 magnis
2575 4255 2594 4325 ΙΙ
2629 4255 2715 4301 964

483 4339 615 4391 Cedi
653 4339 672 4408 ΙΙ
711 4343 809 4390 966
846 4339 1116 4391 baratrum
