2840 5008
489 358 632 433 228
1571 354 1670 422 VI

322 510 443 594 ⁵675
489 532 603 616 qui
632 551 766 593 non
797 536 952 592 ante
983 529 1267 613 aliquem
1294 528 1610 591 maiorem
1640 526 1841 603 vidit,
1866 535 1934 591 et
1959 529 2196 613 ingens

492 646 695 708 arbor
722 644 1062 727 homoque
1091 641 1394 717 videtur,
1422 651 1488 706 et
1518 642 1735 707 omnia
1766 640 1850 704 de
1880 663 2124 727 genere
2157 645 2329 707 omni

491 760 775 822 maxima
803 778 974 842 quae
1002 755 1172 822 vidit
1201 756 1483 841 quisque
1502 804 1518 831 ‚
1539 755 1708 823 haec
1735 757 2028 841 ingentia
2054 757 2276 843 fingit,

496 895 642 953 cum
672 881 892 936 tamen
922 872 1139 935 omnia
1170 892 1319 936 cum
1350 870 1536 934 caelo
1567 878 1882 955 terraque
1909 870 2208 955 marique

492 988 585 1051 nil
611 987 746 1050 sint
774 985 862 1050 ad
891 1007 1208 1050 summam
1239 986 1515 1048 summai
1544 983 1751 1048 totius
1782 1006 2071 1048 omnem.

352 1119 449 1166 680
574 1101 772 1165 Nunc
799 1108 1023 1167 tamen
1051 1101 1161 1165 illa
1189 1099 1404 1165 modis
1437 1100 1678 1183 quibus
1707 1099 1980 1163 inritata
2007 1106 2284 1183 repente

493 1216 751 1279 flamma
778 1215 962 1279 foras
991 1215 1198 1278 vastis
1228 1215 1487 1283 Aetnae
1516 1212 1898 1277 fornacibus
1933 1212 2139 1289 efflet,

497 1330 843 1416 expediam
865 1378 879 1393 .
901 1330 1182 1415 primum
1214 1329 1420 1392 totius
1453 1328 1751 1391 subcava
1777 1328 2021 1390 montis

498 1453 600 1509 est
630 1453 869 1508 natura
887 1491 901 1518 ‚
923 1443 1064 1507 fere
1096 1443 1349 1507 silicum
1379 1440 1649 1506 suffulta
1679 1442 2010 1505 cavernis.

495 1559 798 1623 omnibus
831 1566 932 1622 est
962 1578 1164 1643 porro
1196 1556 1263 1619 in
1293 1556 1627 1643 speluncis
1658 1564 1897 1620 ventus
1929 1563 1997 1633 et
2025 1561 2170 1618 aer.

350 1691 448 1738 685
493 1681 734 1737 ventus
767 1672 936 1734 enim
961 1670 1065 1745 fit,
1088 1670 1203 1733 ubi
1234 1679 1339 1735 est
1366 1668 1686 1755 agitando
1715 1671 2008 1756 percitus
2040 1677 2187 1734 aer:

494 1788 605 1851 hic
633 1786 746 1849 ubi
780 1785 1101 1870 percaluit
1132 1784 1273 1848 cale
1302 1783 1598 1869 fecitque
1630 1785 1848 1849 omnia
1878 1785 2122 1849 circum

497 1922 660 1965 saxa
689 1890 916 1963 furens
935 1949 951 1976 ‚
977 1921 1108 1985 qua
1140 1899 1469 1984 contingit
1486 1947 1501 1973 ‚
1523 1906 1903 1983 terramque
1922 1948 1938 1974 ,
1962 1906 2028 1963 et
2056 1898 2139 1962 ab
2171 1896 2317 1964 ollis

499 2016 790 2080 excussit
822 2013 1106 2079 calidum
1133 2012 1408 2077 flammis
1440 2012 1782 2077 velocibus
1812 2013 2061 2097 ignem,

496 2129 670 2193 tollit
699 2150 771 2192 se
802 2150 880 2192 ac
909 2128 1110 2191 rectis
1140 2127 1234 2190 ita
1261 2125 1566 2191 faucibus
1599 2127 1749 2191 eicit
1779 2127 1937 2191 alte.

353 2259 452 2306 690
496 2243 628 2307 fert
655 2244 880 2328 itaque
910 2240 1219 2305 ardorem
1248 2241 1480 2324 longe,
1500 2240 1835 2325 longeque
1864 2240 2152 2305 favillam

498 2356 752 2434 differt,
779 2364 846 2419 et
876 2377 1104 2419 crassa
1129 2354 1341 2419 volvit
1371 2354 1647 2438 caligine
1677 2355 1966 2431 fumum„

499 2471 928 2557 extruditque
960 2468 1152 2536 simul
1179 2466 1485 2533 mirando
1515 2467 1817 2554 pondere
1849 2492 2044 2547 saxa3

497 2608 580 2650 ne
612 2585 880 2650 dubites
913 2585 1072 2670 quin
1100 2584 1268 2647 haec
1299 2584 1536 2646 animai
1568 2583 1836 2654 turbida
1864 2586 1952 2649 sit
1981 2585 2110 2648 vis.

495 2707 847 2789 praeterea
876 2720 1114 2785 magna
1143 2720 1227 2762 ex
1255 2698 1432 2784 par-ti
1460 2719 1640 2762 mare
1670 2700 1912 2763 montis
1942 2697 2030 2762 ad
2061 2697 2200 2761 eius

354 2830 450 2877 695
495 2812 757 2878 radices
785 2814 1032 2899 frangit
1058 2812 1301 2877 fluctus
1331 2819 1720 2895 aestumque
1749 2813 2086 2878 resorbet.

499 2950 582 2991 ex
609 2927 742 2991 hoc
770 2949 984 3013 usque
1012 2928 1176 2991 mari
1206 2927 1564 3014 speluncae
1592 2926 1837 2991 montis
1868 2926 1957 2992 ad
1987 2926 2156 2990 altas

494 3042 896 3127 perveniunt
925 3043 1156 3105 subter
1184 3040 1413 3104 fauces
1436 3088 1451 3102 .
1472 3040 1600 3104 hac
1627 3041 1723 3104 ire
1752 3040 2167 3106 fatendumst

501 3163 568 3220 et
593 3163 950 3241 penetrare
979 3156 1177 3221 maris
1206 3157 1474 3241 penitus
1501 3163 1822 3241 percocta
1848 3156 1916 3220 in
1946 3161 2246 3242 apertum

493 3278 697 3355 atque
728 3269 952 3334 efflare
980 3270 1165 3335 foras
1186 3318 1201 3346 ‚
1226 3269 1514 3355 ideoque
1547 3270 1868 3335 extollere
1895 3270 2217 3336 flammam

351 3401 451 3448 700
496 3406 793 3469 saxaque
823 3386 1197 3481 subiectare
1231 3392 1299 3449 et
1327 3406 1568 3448 arenae
1598 3385 1831 3450 tollere
1862 3386 2119 3470 nimbos
2140 3433 2154 3448 .

492 3500 560 3563 in
592 3522 844 3563 summo
877 3508 1035 3564 sunt
1062 3498 1309 3562 vertice
1342 3500 1512 3562 enim
1546 3506 1837 3564 crateres
1857 3550 1871 3576 ‚
1893 3507 1970 3564 ut
1997 3499 2125 3583 ipsi

491 3615 918 3691 nominitant3
942 3635 1065 3677 nos
1099 3611 1282 3697 quod
1311 3612 1540 3678 fauces
1570 3614 1993 3698 perhibemus
2024 3621 2091 3680 et
2120 3621 2268 3677 ora.

576 3729 748 3792 Sunt
777 3729 1032 3813 aliquot
1062 3747 1331 3812 quoque
1359 3749 1467 3792 res
1498 3750 1778 3813 quarum
1807 3750 2003 3792 unam
2036 3727 2256 3792 dicere
2288 3748 2554 3792 causam

490 3863 628 3905 non
657 3842 818 3905 satis
851 3848 952 3905 est
973 3890 988 3916 ‚
1009 3853 1238 3906 verum
1270 3842 1477 3927 pluris
1497 3891 1511 3917 ‚
1534 3842 1714 3906 unde
1743 3865 1876 3907 una
1905 3850 2126 3906 tamen
2156 3842 2285 3918 sit3‘

348 3972 446 4019 705
492 3975 739 4039 corpus
766 3963 842 4019 ut
872 3954 1241 4019 exanimum
1271 3956 1517 4041 siquod
1545 3958 1783 4042 procul
1808 3957 1956 4041 ipse
1982 3958 2212 4022 iacere'

490 4239 591 4287 676
628 4235 833 4288 omnis.
880 4233 903 4302 ΙΙ
944 4239 1040 4286 683
1079 4233 1301 4287 sillicum
1349 4236 1369 4304 ΙΙ
1417 4242 1514 4290 687
1554 4238 1780 4309 contigit
1823 4238 1989 4306 ΙΙ.690
2028 4238 2174 4307 itque
2211 4237 2238 4304 ,ΙΙ
2286 4242 2381 4289 695
2423 4236 2663 4292 resolvet.
2692 4231 2707 4297 ΙΙ
2747 4223 2752 4228 ’

490 4322 588 4369 698
623 4318 756 4369 mari
792 4318 1007 4388 penitus
1042 4334 1130 4371 res
1168 4320 1313 4387 cogit
1346 4325 1559 4389 aperto,
1597 4321 1617 4388 ΙΙ
1656 4320 2044 4375 701·verticeni
2082 4321 2102 4388 ΙΙ
2141 4327 2237 4373 705
2278 4320 2499 4373 iaceret.
