2840 5008
460 343 597 411 148
1519 346 1645 414 IIII

450 517 637 581 multi
666 516 750 579 de
780 518 1036 602 magnis
1065 539 1187 602 per
1217 540 1517 582 somnum
1549 520 1731 582 rebu’
1762 520 2155 603 loquuntur,

308 712 322 723 ἵ
447 630 830 715 indicioque
861 632 960 694 sui
990 631 1150 695 facti
1180 654 1506 717 persaepe
1533 632 1747 695 fuere.

288 763 418 810 1020
447 746 635 808 multi
662 755 943 810 mortem
975 747 1259 809 obeunt.
1292 747 1510 821 multi,
1537 746 1621 809 de
1650 747 1988 810 montibus
2020 750 2170 813 altis

450 869 528 923 ut
556 860 669 944 qui
698 860 1142 945 praecipitent
1170 859 1258 922 ad
1288 869 1537 923 terram
1566 882 1852 944 corpore
1882 869 2033 925 toto
2051 911 2066 936 ‚

449 982 880 1038 externantur
899 1023 914 1048 ‚
940 982 1007 1036 et
1037 995 1121 1037 ex
1150 995 1384 1037 somno
1416 975 1605 1057 quasi
1634 974 1945 1038 mentibu’
1979 978 2157 1061 capti

447 1070 563 1151 vix⁴
591 1087 678 1151 ad
710 1110 782 1150 se
811 1087 1098 1151 redeunt
1116 1137 1132 1160 ‚
1151 1089 1439 1172 permoti
1471 1089 1774 1172 corporis
1806 1097 1993 1152 aestu
2016 1138 2029 1152 .

447 1202 690 1266 flumen
717 1203 872 1266 item
906 1203 1134 1265 sitiens
1165 1210 1283 1264 aut
1310 1201 1565 1264 fontem
1597 1210 1876 1287 propter
1907 1223 2249 1269 amoenum

286 1334 414 1380 1025
448 1316 714 1380 adsidet
744 1325 812 1380 et
840 1325 1050 1380 totum
1083 1337 1297 1401 prope
1328 1315 1632 1379 faucibus
1663 1326 1951 1400 occupat
1979 1338 2263 1382 amnem.

447 1433 598 1519 puri
627 1451 829 1516 saepe
859 1430 1075 1494 lacum
1104 1438 1384 1515 propter
1416 1431 1513 1493 sei
1543 1452 1621 1493 ac
1654 1429 1834 1493 dolia
1866 1440 2056 1494 curta

449 1568 683 1610 somno
717 1543 1009 1608 devincti
1039 1542 1326 1608 credunt·
1353 1566 1427 1607 se
1459 1544 1781 1608 extollere
1809 1552 2095 1619 vestem,

448 1662 655 1725 totius
682 1680 979 1721 umorem
1010 1668 1346 1723 saccatum
1377 1659 1665 1742 corpori’
1695 1657 2010 1734 fundunt,

450 1798 597 1839 cum
626 1774 1041 1860 Babylonica
1068 1773 1415 1858 magnifico
1449 1770 1809 1856 splendore
1837 1774 2165 1857 rigantur.

287 1907 415 1954 1030
446 1899 585 1954 tum
617 1890 856 1974 quibus
886 1889 1124 1952 aetatis
1152 1886 1328 1950 freta
1355 1888 1661 1972 primitus
1690 1887 2063 1950 insinuatur

450 2025 675 2067 semen
693 2052 709 2079 ‚
731 2003 844 2066 ubi
872 2003 1019 2087 ipsa
1050 2001 1194 2065 dies
1224 2002 1533 2065 membris
1563 2010 1822 2065 matura
1851 2002 2133 2073 creavit,

449 2120 855 2183 conveniunt
882 2116 1234 2180 simulacra
1260 2114 1426 2178 foris
1458 2137 1494 2178 0
1525 2137 1812 2200 corpore
1844 2113 2165 2199 quodam,

447 2232 678 2302 nuntia
705 2231 1029 2318 praeclari
1058 2229 1285 2292 voltus
1315 2215 1712 2314 pulchrique
1744 2230 2018 2303 coloriS‚

449 2348 561 2430 qui
593 2346 723 2410 ciet
750 2344 1026 2407 inritans
1055 2343 1207 2405 loca
1234 2342 1507 2428 turgida
1535 2345 1781 2406 semine
1811 2343 2016 2406 multo
2034 2391 2050 2418 ‚

287 2478 412 2526 1035
447 2470 522 2526 ut
551 2460 743 2548 quasi
775 2458 1129 2524 transactis
1159 2477 1362 2544 saepe
1392 2458 1679 2521 omnibu'
1711 2459 1892 2524 rebu’
1924 2456 2342 2543 profundant

446 2577 727 2641 fluminis
757 2575 1044 2660 ingentis
1074 2573 1316 2636 fluctus
1347 2582 1736 2657 vestemque
1774 2583 2124 2637 cruentent
2142 2622 2155 2636 .

533 2690 942 2756 Sollicitatur
971 2688 1043 2752 id
1076 2710 1110 2751 e
1140 2676 1335 2751 nobis
1355 2737 1369 2764 ,
1396 2688 1582 2772 quod
1615 2687 1899 2751 diximus
1930 2697 2112 2763 ante,

451 2827 676 2870 semen
695 2853 711 2879 ‚
735 2803 965 2867 adulta
993 2813 1176 2867 aetas
1209 2825 1357 2866 cum
1386 2805 1669 2888 primum
1698 2805 1977 2867 roborat
2007 2812 2217 2867 artus.

447 2939 736 3003 namque
768 2917 928 2980 alias
958 2917 1136 2982 aliud
1166 2939 1276 2981 res
1309 2927 1684 2982 commovet
1713 2927 1914 3002 atque
1945 2917 2238 2982 lacessit:

286 3052 414 3098 1040
447 3056 531 3098 ex
556 3033 825 3096 homine
854 3032 1211 3095 humanum
1240 3054 1468 3094 semen
1499 3034 1628 3096 ciet
1656 3054 1787 3095 una
1816 3032 2101 3095 hominis
2131 3034 2264 3095 viS.

449 3147 632 3233 quod
665 3148 857 3210 simul
888 3154 1090 3231 atque
1118 3147 1257 3210 buis
1290 3148 1573 3211 eiectum
1603 3147 1877 3211 sedibus
1910 3149 2072 3221 exit,

446 3285 568 3348 per
598 3263 893 3325 membra
923 3270 1123 3346 atque
1155 3271 1341 3327 artus
1375 3261 1646 3340 decedit
1673 3284 1955 3347 corpore
1986 3269 2164 3338 tot0‚

443 3379 515 3441 in
542 3378 691 3442 loca
721 3376 1125 3441 conveniens
1153 3399 1513 3442 nervorum
1546 3385 1732 3441 certa
1750 3427 1763 3454 ‚
1791 3379 2051 3463 cietque

448 3494 762 3557 continuo
795 3491 1005 3576 partis
1036 3492 1341 3574 genitalis
1373 3492 1677 3577 corporis
1707 3493 1919 3577 ipsas,

286 3626 414 3674 1045
442 3610 713 3672 inritata
742 3614 1000 3670 tument
1029 3605 1179 3670 loca
1207 3607 1453 3670 semine
1473 3655 1488 3680 ‚
1511 3607 1718 3691 fitque
1749 3608 2062 3672 voluntas

448 3725 659 3787 eicere
688 3721 759 3785 id
791 3742 924 3805 quo
958 3742 1030 3783 se
1062 3720 1409 3785 contendit
1440 3721 1585 3785 dira
1614 3721 1844 3785 lubido
1865 3772 1880 3797 ,

283 3855 414 3901 1048
444 3836 647 3922 idque
677 3836 849 3921 petit
879 3858 1125 3921 corpus
1144 3884 1158 3911 ‚
1182 3821 1578 3900 mensunde
1610 3845 1712 3900 est
1742 3837 1965 3900 saucia
1994 3858 2244 3900 amore:

451 4158 577 4205 1022
616 4150 978 4203 Exterruntur
1034 4152 1053 4219 11
1115 4156 1242 4201 1026
1281 4151 1450 4203 iacum
1488 4152 1508 4220 ΙΙ
1546 4168 1606 4202 se
1643 4152 1662 4220 Η
1704 4158 1830 4204 1032
1870 4170 2103 4221 quoque.
2162 4152 2181 4220 Η
2241 4158 2370 4205 1033
2411 4154 2651 4207 colores.
2691 4154 2709 4221 ΙΙ

448 4232 768 4296 1034011110
822 4233 840 4301 ΙΙ
903 4238 1028 4284 1035
1068 4231 1142 4284 Et
1176 4232 1195 4301 Η
1240 4239 1366 4285 1036
1404 4242 1673 4287 cruentet.
1728 4233 1747 4302 ΙΙ
1807 4240 1932 4287 1037
1976 4252 2004 4286 0
2039 4238 2305 4289 omissum.
2365 4238 2385 4304 ΙΙ
2447 4243 2578 4290 1038
2616 4235 2707 4289 ad-

445 4319 553 4371 vita
588 4318 608 4385 Η
653 4323 864 4369 1047:
892 4321 1047 4367 1034.
