2840 5008
1203 446 1237 515 Ι

84 629 457 688 contextum
491 622 598 685 vis
630 619 908 684 deberet
938 619 1301 686 dissolvere
1339 644 1673 708 quaeque.

77 746 133 801 at
156 759 332 801 nunc
354 786 370 813 ‚
394 738 590 800 inter
620 757 691 799 se
722 736 879 819 quia
904 756 1117 799 nexus
1145 737 1627 822 principiorum

73 851 414 915 dissimiles
450 856 775 914 constant
805 855 1209 936 aeternaque
1237 852 1550 915 materies
1579 860 1713 927 est,

71 966 372 1030 incolumi
404 971 766 1061 remanent
792 984 902 1026 res
933 985 1214 1050 corpore
1234 1013 1248 1039 ‚
1275 965 1431 1029 dum
1463 966 1627 1029 satis
1658 967 1830 1030 acris

72 1080 160 1142 vis
186 1082 396 1143 obeat
425 1101 562 1165 pro
597 1083 864 1143 textura
893 1080 1212 1165 cuiusque
1240 1087 1511 1167 reperta
1529 1128 1543 1141 .

75 1192 241 1256 haud
264 1194 485 1280 igitur
513 1192 696 1257 redit
725 1190 813 1255 ad
840 1194 1041 1257 nilum
1071 1215 1180 1258 res
1209 1195 1375 1268 ulla,
1400 1193 1524 1258 sed
1554 1216 1783 1259 omnes

73 1307 346 1371 discidio
376 1307 675 1371 redeunt
702 1307 769 1369 in
799 1329 1087 1392 corpora
1117 1309 1442 1372 materiai.
1474 1319 1486 1333 ’
1582 1360 1586 1364 ,

71 1428 406 1508 postremo
439 1427 735 1507 pereunt
758 1421 1003 1486 imbres
1021 1469 1035 1496 ,
1059 1422 1173 1486 ubi
1205 1444 1322 1487 eos
1349 1430 1544 1509 pater
1574 1424 1807 1488 aether

73 1535 135 1598 in
160 1536 490 1621 gremium
520 1536 754 1599 matris
782 1537 984 1600 terrai
1013 1524 1507 1623 praecipitavit:

81 1657 144 1711 at
167 1649 411 1713 nitidae
445 1658 742 1735 surgunt
766 1649 993 1736 fruges
1013 1699 1027 1726 ,
1049 1652 1347 1737 ramique
1375 1653 1717 1717 virescunt

91 1764 415 1829 arboribus
436 1815 452 1842 ,
480 1771 797 1828 crescunt
822 1764 1010 1850 ipsae
1038 1766 1313 1849 fetuque
1341 1775 1740 1853 gravantur:

88 1875 217 1940 hinc
244 1879 449 1943 alitur
479 1900 695 1965 porro
725 1886 1027 1943 nostrum
1055 1900 1266 1965 genus
1297 1889 1500 1967 atque
1527 1882 1845 1947 ferarum:

86 1990 219 2054 hinc
247 1993 464 2057 laetas
495 1992 703 2056 urbes
731 1994 956 2078 pueris
986 1993 1228 2058 florere
1256 1994 1562 2061 videmus
1582 2047 1598 2073 ‚

85 2102 617 2192 frondiferasque
643 2109 837 2171 novis
869 2109 1103 2173 avibus
1134 2130 1375 2174 canere
1402 2110 1703 2197 undique
1733 2113 1970 2178 silvas:

90 2217 227 2283 hinc
255 2219 479 2284 fessae
507 2219 804 2307 pecudes
834 2222 1062 2308 pingui
1089 2246 1212 2308 per
1239 2225 1487 2309 pabula
1513 2225 1690 2290 laeta

94 2353 360 2419 corpora
392 2335 779 2421 deponunt,
804 2344 870 2400 et
900 2336 1196 2422 candens
1225 2339 1482 2427 lacteus
1512 2362 1703 2404 umor

95 2447 382 2515 uberibus
409 2457 645 2515 manat
675 2448 985 2516 distentis
1006 2474 1023 2516 ι
1044 2451 1200 2517 hinc
1220 2432 1410 2519 *nova
1438 2454 1665 2540 proles

53 2573 65 2618 )
100 2563 344 2629 artubus
371 2565 652 2630 infirmis
681 2576 950 2630 teneras
981 2567 1230 2632 lasciva
1258 2591 1381 2654 per
1408 2569 1659 2632 herbas

104 2672 245 2740 ludit
268 2678 443 2744 lacte
474 2700 663 2744 mero
692 2689 949 2745 mentes
978 2682 1291 2766 perculsa
1317 2683 1652 2746 novellas.

104 2786 257 2854 haud
280 2792 485 2879 igitur
513 2795 785 2882 penitus
812 2803 1100 2881 pereunt
1128 2817 1300 2881 quae
1333 2817 1614 2881 cumque
1644 2797 1986 2877 videntum

108 2906 342 2986 quando
370 2901 632 2973 alidex
663 2909 791 2973 alio
820 2908 1033 2974 reficit
1060 2918 1302 2975 natura
1319 2960 1335 2987 ‚
1357 2932 1483 2975 nec
1511 2910 1710 2976 ullam

103 3037 223 3080 rem
239 3021 413 3108 gigni
442 3023 706 3109 patitur
724 3073 739 3098 ‚
762 3024 889 3088 nisi
915 3037 1131 3089 morte
1162 3024 1390 3089 adiuta
1423 3026 1664 3090 aliena.

53 3142 68 3186 ὁ
173 3129 345 3200 Nunc
373 3158 505 3223 age
524 3187 540 3214 ,
561 3159 675 3201 res
708 3140 1018 3223 quoniam
1050 3138 1248 3203 docui
1277 3162 1415 3203 non
1444 3163 1648 3227 posse
1679 3145 1890 3206 creari

107 3241 175 3306 de
196 3249 315 3313 nilo
342 3273 570 3337 neque
599 3252 756 3315 item
786 3254 1044 3337 genitas
1075 3252 1164 3317 ad
1191 3254 1284 3318 nil
1311 3256 1644 3330 revocari,

106 3378 170 3420 ne
195 3382 314 3447 qua
339 3366 524 3431 forte
556 3372 779 3429 tamen
808 3376 1083 3453 coeptes
1115 3367 1418 3432 diffidere
1452 3368 1678 3444 dictis,

104 3475 260 3556 quod
285 3487 639 3566 nequeunt
669 3481 877 3546 oculis
906 3502 1126 3545 rerum
1154 3483 1517 3570 primordia
1548 3485 1756 3559 cerni,

105 3590 294 3675 accipe
320 3603 685 3681 praeterea
713 3616 885 3681 quae
917 3617 1202 3681 corpora
1229 3604 1374 3662 tute
1403 3606 1747 3662 necessest

55 3711 73 3755 0
107 3704 427 3773 confiteare
461 3730 614 3772 esse
641 3709 711 3772 in
739 3710 939 3774 rebus
971 3732 1092 3774 nec
1121 3734 1325 3797 posse
1355 3711 1601 3776 videri.

103 3817 393 3906 principio
422 3824 614 3887 venti
642 3824 742 3887 vis
770 3825 1083 3888 verberat
1110 3826 1313 3890 incita
1342 3834 1574 3889 cautes

105 3926 493 4023 ingentisque
523 3936 663 4000 ruit
689 3939 877 4002 navis
907 3946 975 4002 et
1003 3941 1228 4004 nubila
1258 3939 1510 4014 differt,

106 4039 243 4110 inter
271 4049 431 4114 dum
461 4048 706 4137 rapido
737 4061 1141 4138 percurrens
1163 4056 1428 4118 turbine
1460 4054 1729 4140 campos

105 4157 424 4229 arboribus
457 4165 722 4253 magnis
751 4169 986 4232 sternit
1014 4169 1393 4254 montisque
1426 4190 1773 4252 supremos

111 4405 185 4454 257
218 4408 422 4479 pinguis
462 4410 484 4478 ΙΙ
524 4416 628 4462 263
671 4427 737 4461 ex
771 4409 870 4463 allo
906 4412 926 4481 Η
967 4419 1064 4464 264
1102 4390 1278 4467 adluta
1315 4413 1335 4482 ΙΙ
1373 4420 1467 4465 271
1509 4421 1716 4465 cortus,

2252 452 2332 517 11
