2840 5008
517 390 652 459 130
1586 389 1647 456 11

508 563 772 628 facilius
803 562 1182 648 pinguescit
1202 611 1217 625 .
1251 572 1510 636 cetera,
1532 563 1602 625 in
1632 563 1878 646 quibus
1910 564 1933 623 i
1963 562 2189 626 littera
2220 570 2361 639 est,
2383 563 2551 627 huic
2580 566 2743 630 sub-

509 666 754 728 iectam
798 661 1053 725 habent
1096 663 1364 725 brevem
1398 660 1698 723 vocalem
1728 660 1868 723 sive
1899 660 2110 723 solam
2140 660 2211 722 in
2237 661 2392 746 ipso
2426 663 2744 727 vocabuli

510 764 643 827 fine
661 810 676 836 ‚
694 762 966 824 dominia
982 761 1246 844 auyuria
1262 807 1279 836 ‚
1314 759 1455 821 sive
1475 779 1623 820 cum
1643 779 1776 820 una
1790 757 2181 841 pluribusve
2201 760 2744 824 consonantibus

512 862 937 929 coniunctam
957 906 971 932 ,
1015 859 1263 921 liberius
1281 857 1799 942 mendaciloquius
1827 857 2015 920 abiete
2026 856 2283 941 faciant
2308 858 2593 920 oriundi.
2618 858 2745 920 sed

513 981 688 1046 quae
709 959 818 1022 his
840 956 1167 1021 simillima
1189 964 1346 1019 sunt
1372 979 1416 1018 u
1448 962 1932 1017 consonantem
1953 954 2290 1037 recipiunt
2313 960 2383 1016 et
2406 954 2762 1040 syllabam-

511 1060 780 1144 longam
798 1103 814 1130 ‚
833 1079 1028 1141 yenva
1050 1057 1234 1118 tenvis
1254 1062 1454 1116 tenv‘ia
1473 1064 1864 1116 eattenvantur
1891 1100 1903 1114 .
1939 1053 2097 1117 item
2125 1055 2150 1115 i
2177 1053 2474 1116 litteram
2507 1074 2737 1117 omnes

513 1179 554 1221 a
569 1155 868 1241 Vergilio
898 1158 1141 1237 poetae
1170 1151 1589 1236 pinguiorem
1610 1149 1917 1213 fecerunt
1940 1159 2094 1214 ante
2119 1151 2421 1214 vocalem
2443 1152 2739 1225 brevem,

512 1265 589 1320 ut
619 1255 923 1319 dicerent
951 1251 1164 1335 prima
1191 1248 1531 1333 producta
1559 1249 1872 1312 Abietibus
1901 1250 2138 1312 iuvenes
2171 1296 2188 1326 ,
2227 1250 2476 1312 Arietat
2497 1251 2567 1312 in
2583 1273 2737 1335 por-

511 1368 604 1420 tas
629 1403 645 1433 ,
672 1355 944 1416 intexunt
969 1349 1159 1415 abiete
1189 1358 1379 1411 costa-s·
1396 1396 1410 1420 ‚
1417 1347 1753 1432 pulsabant
1781 1348 1967 1409 ariete
1994 1369 2201 1411 muros
2216 1395 2234 1425 ‚
2263 1348 2502 1432 Templi
2518 1351 2738 1433 parie-

511 1454 664 1516 tibus
694 1452 780 1514 tui
806 1449 1007 1511 notavi
1045 1494 1060 1518 ,
1104 1446 1407 1508 Laeserat
1434 1445 1674 1528 abieyni
1716 1491 1728 1503 .
1776 1455 1981 1528 atque
2013 1446 2189 1509 omni
2220 1452 2528 1528 tempore
2557 1445 2742 1510 idem

514 1553 962 1615 observarunt
989 1545 1105 1607 ubi
1131 1545 1387 1607 vocalis
1417 1553 1660 1605 natura
1689 1542 1892 1627 longa
1922 1544 2226 1627 sequitur
2245 1589 2259 1616 ,
2284 1549 2362 1604 ut
2390 1542 2742 1628 Vergilius

515 1650 867 1712 fluviorum
897 1666 1007 1705 rex
1036 1691 1051 1719 ,
1091 1641 1416 1704 Horatius
1460 1643 1536 1704 Ut
1564 1641 1895 1704 ZVasidieni
1921 1689 1940 1719 ,
1973 1640 2230 1704 Statius
2262 1640 2478 1704 Theb.
2497 1663 2589 1714 lv,
2611 1640 2744 1704 429

512 1749 614 1810 ubi
643 1746 854 1808 limina
880 1743 1135 1825 patrui,
1168 1739 1369 1803 Silius
1397 1741 1646 1802 sinvatis
1672 1740 1903 1801 sinvato
1930 1741 2203 1802 sinvatur
2230 1737 2446 1812 v1‚226
2474 1762 2595 1812 vn,
2616 1739 2745 1802 503

510 1868 574 1919 x,
598 1841 714 1906 182
738 1888 754 1915 ‚
780 1841 1038 1904 Seneca
1065 1839 1133 1900 in
1163 1837 1410 1901 Medea
1444 1836 1599 1900 1052
1633 1836 1865 1901 Sceleri
1891 1837 2103 1900 modus
2132 1838 2375 1901 debetur
2401 1838 2507 1900 ubi
2515 1836 2747 1923 facias

510 1943 743 2021 scelus-,-
773 1958 1056 2022 quorum
1085 1935 1219 1999 hoc
1247 1944 1662 2019 postremum
1691 1935 1761 1997 in
1789 1934 2016 2017 primis
2047 1943 2355 2018 apertum
2385 1943 2492 1998 est
2519 1983 2536 2011 ‚
2586 1958 2745 1999 cum

514 2062 593 2103 eo
624 2040 774 2102 loco
806 2035 1100 2121 positum
1131 2034 1216 2098 sit
1246 2034 1350 2097 cui
1378 2032 1492 2096 hic
1519 2037 1725 2115 poeta
1767 2040 2203 2115 anapaestum
2247 2041 2314 2096 et
2356 2034 2746 2117 spondeum

511 2134 976 2220 tribuitsolos
1019 2133 1211 2216 (nam
1254 2131 1540 2195 Medeae
1581 2152 1817 2194 versus
1863 2129 1982 2194 512
2016 2141 2083 2195 et
2112 2132 2234 2195 709
2262 2179 2277 2206 ,
2319 2133 2636 2216 nepotibus
2672 2141 2745 2197 et

512 2235 854 2302 Promethei·
880 2281 898 2312 ,
943 2232 1102 2306 item
1144 2232 1209 2292 in
1239 2228 1545 2313 Thyeste
1580 2227 1696 2290 115
1730 2228 2103 2292 Phoronides
2129 2277 2147 2308 ,
2190 2230 2259 2291 in
2287 2229 2581 2293 Troasin
2619 2230 2744 2295 195

513 2337 827 2423 Polyxena
848 2380 864 2410 ,
915 2329 1072 2393 1030
1103 2329 1413 2392 cacumine
1440 2374 1458 2404 ‚
1500 2326 1570 2387 in
1599 2325 1893 2389 Hercule
1925 2326 2138 2390 altero
2168 2327 2291 2391 804
2327 2328 2743 2412 CapherideS,

515 2430 1011 2499 excusationem
1051 2426 1342 2509 habent)
1379 2448 1394 2486 ε
1443 2434 1853 2510 anapaestus
1896 2444 2044 2487 esse
2073 2444 2212 2486 non
2236 2431 2469 2508 potest
2501 2470 2520 2497 ‚
2568 2446 2741 2512 ergo

512 2532 859 2619 spondeus
891 2535 994 2591 est
1006 2527 1222 2613 facias
1251 2573 1263 2586 .
1312 2545 1398 2587 ex
1436 2522 1541 2615 his
1584 2528 1870 2607 apparet
1914 2522 2097 2608 apud
2131 2523 2419 2586 comicos
2450 2524 2745 2613 beneflcio

468 2706 477 2713 ,
513 2632 779 2696 tertiam
805 2630 1074 2712 longam
1103 2624 1356 2687 habere
1375 2671 1393 2701 ‚
1424 2621 1583 2684 item'
1609 2620 1677 2682 in
1700 2619 2487 2685 Heautontimorumeno
2510 2645 2552 2696 1,
2578 2624 2635 2697 1,
2659 2624 2738 2688 ll

512 2731 740 2813 conjcio
772 2724 1170 2809 trisyllabon
1200 2720 1424 2784 media
1450 2718 1789 2803 producta
1820 2717 2177 2783 dicendum
2207 2740 2355 2782 esse
2389 2767 2404 2791 ‚
2433 2723 2569 2782 ‘Aut
2582 2722 2743 2804 plus

512 2851 578 2891 eo
614 2874 631 2905 ,
678 2836 746 2888 ut
772 2823 1239 2905 coniciaayrwm
1270 2820 1335 2881 in
1363 2818 1456 2880 his
1483 2816 1825 2902 reqionibus
1857 2864 1874 2895 ,
1916 2823 1984 2879 et
2028 2818 2295 2880 continvo
2324 2816 2546 2880 media
2570 2838 2738 2901 pro·

513 2924 721 2986 ducta
747 2921 817 2983 in
845 2919 1231 2982 Trinummo
1263 2937 1359 2987 111,
1379 2915 1437 2988 3,
1455 2915 1492 2976 7
1498 2914 1535 2977 5
1570 2962 1585 2987 ‚
1638 2913 1922 2977 Continvo
1952 2915 2178 2997 operito
2208 2915 2402 2978 denuo
2438 2963 2454 2991 ‚
2493 2924 2737 2978 contra

513 3020 697 3106 apud
718 3015 1111 3083 Terentium
1123 3014 1382 3099 faciant
1409 3033 1533 3096 pro
1564 3014 1787 3077 i'ambo
1808 3060 1821 3074 .
1845 3012 2158 3100 mdleficiis
2178 3013 2383 3075 tertia
2402 3012 2612 3098 longa
2629 3013 2731 3077 di-

513 3119 798 3186 cendum
854 3115 942 3179 sit
996 3133 1083 3176 an
1134 3111 1426 3198 mdlefi'ei's
1480 3110 1776 3175 dubitari
1831 3116 2064 3195 potest
2104 3116 2390 3193 propter
2434 3131 2515 3174 ea
2556 3132 2730 3195 quae

515 3216 920 3284 enumerabo
953 3211 1040 3276 ad
1071 3211 1312 3274 librum
1341 3232 1402 3284 v,
1422 3209 1541 3272 85:
1583 3231 1803 3294 neque
1843 3209 2011 3272 enim
2039 3210 2232 3293 pretii
2262 3230 2391 3292 pro
2423 3209 2728 3293 spondeo

509 3324 777 3379 veteres
805 3330 1121 3395 umquam
1150 3308 1253 3371 usi
1284 3317 1443 3372 sunt
1472 3358 1486 3383 ‚
1528 3308 1651 3372 sed
1681 3307 2000 3371 dixerunt
2014 3309 2180 3392 preti
2209 3357 2228 3387 ‚
2271 3329 2398 3371 nec
2426 3309 2729 3398 benficii,

510 3412 639 3479 sed
665 3411 911 3499 benefici
941 3457 954 3470 .
993 3428 1165 3491 quae
1194 3407 1500 3470 vocalem
1528 3405 1787 3469 habent
1817 3425 1966 3468 cum
1993 3428 2056 3466 m
2083 3405 2153 3468 in
2180 3406 2310 3469 fine
2333 3453 2349 3479 ‚
2380 3413 2540 3469 ante
2572 3427 2726 3492 syn-

514 3508 924 3597 ecphonesin
953 3505 1239 3590 produci
1272 3503 1783 3570 observabimus
1816 3501 1905 3564 ad
1936 3503 2177 3566 librum
2206 3503 2441 3578 111,9l7
2470 3550 2487 3578 ‚
2526 3506 2730 3568 avium

512 3611 829 3676 consiliwn
867 3607 1210 3671 Camerium
1233 3630 1252 3666 .·
1291 3623 1512 3687 neque
1545 3601 1735 3665 aliter
1766 3602 2113 3664 scaenicos
2144 3603 2487 3690 beneficiam
2516 3609 2728 3665 tetra-

512 3710 824 3795 syllabon
855 3705 1106 3769 dixisse
1137 3701 1440 3765 existimo
1474 3749 1485 3762 .
1527 3699 1626 3762 ita
1645 3698 1927 3761 Plautus
1939 3698 2187 3785 faciam
2218 3699 2482 3763 duabus
2508 3699 2730 3786 longis

511 3809 579 3870 in
610 3805 998 3869 Trinummo
1029 3825 1127 3877 111,
1146 3801 1202 3874 3,
1221 3800 1298 3862 77
1330 3797 1692 3885 Icc'zfdciam
1727 3845 1740 3859 .
1785 3808 1850 3859 at
1874 3796 2034 3859 enim
2060 3798 2224 3859 nimi'
2255 3798 2432 3882 lonqo
2457 3821 2731 3863 sermone

511 3909 739 3969 utimur
762 3953 775 3965 .
803 3905 939 3966 hoc
969 3922 1130 3965 vero
1150 3948 1166 3975 ‚
1188 3907 1265 3963 ut
1277 3899 1493 3985 facias
1524 3904 1591 3959 et
1620 3898 1822 3960 avium
1853 3895 2065 3960 eidem
2096 3895 2368 3979 regulae
2395 3892 2729 3961 subicianss

513 4015 624 4068 tur
644 4052 670 4077 ,,
715 4024 795 4066 eo
835 4001 980 4064 fieri
1008 4007 1176 4084 puto
1208 3997 1390 4083 quod
1422 4020 1482 4058 m
1512 3995 1707 4058 finale
1736 3995 2000 4081 longam
2034 3993 2363 4078 syllabam
2383 3990 2562 4073 *facit
2587 3995 2728 4061 sive

510 4099 954 4187 producenda
979 4097 1199 4162 vocali
1228 4095 1467 4180 (quam
1492 4101 1717 4156 tamen
1746 4114 1819 4156 se
1848 4091 2252 4176 productam
2275 4091 2520 4155 ‘audire'
2543 4091 2726 4157 Bris-

512 4203 746 4265 cianus
774 4206 980 4284 negat
1006 4217 1071 4280 p.
1089 4195 1229 4268 781,
1247 4194 1311 4276 8)
1343 4194 1485 4256 sive
1511 4193 1802 4255 obscuro
1828 4213 1995 4255 sono
2021 4212 2171 4254 cum
2193 4189 2415 4253 vocali
2431 4188 2728 4273 qua-'siin

510 4297 1010 4383 diphthongum
1040 4292 1463 4356 coalescente
1486 4315 1502 4365 ς
1546 4290 1733 4373 quod
1761 4290 1831 4352 ni
1859 4289 2114 4354 faceret
2135 4335 2151 4363 ,
2181 4308 2399 4371 neque
2426 4287 2499 4349 in
2524 4309 2724 4351 versu

509 4396 726 4466 omitti
740 4415 958 4477 neque
975 4391 1231 4454 hiatum
1249 4389 1476 4452 facere
1492 4394 1728 4470 posset
1744 4435 1758 4461 ‚
1785 4388 1895 4471 qui
1913 4388 1981 4448 in
2004 4386 2190 4450 brevi
2215 4384 2480 4470 syllaba
2503 4385 2722 4449 nullus
