2840 5008
386 896 449 941 85

389 1466 453 1512 90

391 2040 455 2084 95

376 2615 471 2662 100

377 3187 471 3232 105

377 3763 469 3809 110

516 363 652 430 160
1603 361 1668 426 V

506 556 658 599 nam
687 535 858 598 bene
888 534 1002 618 qui
1033 532 1323 630 didicere
1356 532 1523 597 deos
1554 554 1860 597 securum
1890 555 2090 619 agere
2121 557 2387 612 aevom,

510 651 566 714 si
597 658 814 713 tamen
842 649 1099 712 interea
1122 643 1451 710 'mirantur
1483 668 1615 731 qua
1644 650 1899 713 ratione

511 769 816 848 quaeque
845 764 985 848 geri
1015 763 1309 849 possint,
1334 763 1728 848 praesertim
1757 764 1959 827 rebus
1987 765 2057 826 in
2085 765 2212 828 illis

513 899 683 963 quae
715 898 958 962 supera
987 884 1192 962 caput
1221 876 1537 940 aetheriis
1569 885 1931 942 cernuntur
1958 879 2028 941 in
2060 879 2227 954 oris,

510 1014 744 1056 rursus
772 993 842 1055 in
873 992 1184 1076 antiquas
1213 991 1597 1056 referuntur
1624 991 1982 1077 religiones
2001 1041 2015 1066 ‚
2079 1037 2082 1042 -

512 1115 580 1170 et
609 1106 916 1170 dominos
946 1107 1118 1170 acris
1148 1105 1535 1170 adsciscunt
1553 1155 1567 1181 ,
1591 1108 1809 1170 omnia
1837 1129 2038 1192 posse

511 1211 697 1305 quos}
713 1221 935 1285 miseri
966 1219 1283 1296 credunt,
1305 1220 1520 1305 ignari
1551 1221 1711 1306 quid
1744 1230 1944 1306 queat
1976 1242 2153 1296 esse,

513 1333 676 1419 quid
705 1344 1032 1419 nequeat,
1055 1336 1241 1399 finita
1270 1343 1574 1420 potestas
1606 1335 1894 1420 denique
1925 1338 2164 1421 cuique

515 1471 649 1533 qua
676 1470 830 1511 nam
859 1449 948 1512 sit
976 1449 1232 1512 ratione
1262 1457 1468 1534 atque
1497 1451 1630 1513 alte
1659 1451 1978 1515 terminus
2007 1452 2323 1515 haerens.

598 1563 798 1644 Quod
828 1584 1030 1648 super
1061 1571 1164 1626 est
1182 1612 1196 1638 ‚
1220 1585 1304 1626 ne
1336 1572 1402 1627 te
1430 1565 1499 1627 in
1529 1566 1872 1648 promissis
1902 1566 2096 1652 plura
2124 1587 2485 1638 moremur,

516 1679 843 1765 principio
874 1678 1079 1742 maria
1107 1699 1183 1741 ac
1212 1686 1428 1741 terras
1458 1679 1845 1764 caelumque
1874 1687 2100 1755 tuere3

515 1814 799 1877 quorum
827 1801 1132 1856 naturam
1164 1793 1487 1878 triplicem
1505 1842 1521 1867 ‚
1542 1794 1671 1857 tria
1699 1815 2018 1880 corpora,
2041 1794 2338 1870 Memmi,
2416 1826 2431 1840 ·

514 1908 635 1972 tris
666 1908 922 1992 species
950 1915 1085 1970 tam
1115 1906 1446 1970 dissimilis
1466 1955 1481 1983 ‚
1500 1908 1631 1970 tria
1657 1908 1816 1970 talia
1842 1917 2057 1984 texta,

515 2044 649 2086 una
677 2021 819 2086 dies
854 2019 1040 2085 dabit
1070 2021 1271 2085 exitio
1293 2070 1307 2093 ‚
1331 2021 1710 2106 multosque
1738 2043 1861 2108 per
1889 2044 2099 2085 annos

516 2143 896 2203 sustentata
922 2143 1074 2199 ruet
1102 2136 1312 2200 moles
1343 2145 1413 2199 et
1439 2135 1745 2200 machina
1772 2135 2029 2199 mundi.

514 2274 638 2316 nec
667 2273 770 2315 me
801 2251 997 2313 animi
1023 2249 1191 2313 fallit
1220 2271 1418 2335 quam
1446 2272 1558 2314 res
1586 2272 1765 2316 nova
1792 2252 2089 2335 miraque
2119 2255 2321 2316 menti

514 2367 779 2431 accidat
809 2365 1077 2429 exitium
1107 2364 1271 2428 caeli
1299 2374 1654 2452 terraeque
1682 2366 2004 2441 futurum,

514 2490 581 2548 et
611 2504 808 2569 quam
838 2480 1103 2545 difficile
1129 2479 1202 2544 id
1230 2479 1387 2544 mihi
1415 2479 1505 2544 sit
1533 2481 1921 2567 pervincere
1953 2480 2174 2556 dictis3

517 2608 593 2662 ut
619 2598 693 2662 fit
721 2596 834 2663 ubi
863 2597 1195 2662 insolitam
1222 2617 1362 2660 rem
1393 2594 1716 2681 adportes
1747 2596 2016 2660 auribus
2046 2604 2229 2662 ante.

513 2735 640 2776 nec
670 2721 891 2776 tamen
918 2712 1094 2776 hanc
1123 2711 1343 2797 possis
1376 2711 1718 2774 oculorum
1748 2710 2038 2774 subdere
2067 2711 2215 2774 visu

514 2848 639 2890 nec
666 2827 884 2889 iacere
912 2826 1076 2889 indu
1102 2846 1337 2889 manus
1355 2874 1370 2900 ‚
1392 2826 1501 2888 via
1530 2845 1663 2909 qua
1690 2826 1943 2889 munita
1970 2823 2124 2887 fidei

515 2941 820 3027 proxima
847 2940 981 3003 fert
1007 2941 1365 3003 hum-mum
1389 2941 1463 3008 in
1492 2947 1728 3026 pectus
1757 2940 2140 3024 templaque
2168 2943 2437 3005 mentis.

517 3055 641 3120 sed
672 3068 894 3120 tamen
926 3055 1174 3119 effabor
1193 3103 1207 3117 .
1235 3053 1430 3118 dictis
1461 3053 1649 3119 dabit
1673 3056 1821 3140 ipsa
1847 3053 2046 3117 fidem
2076 3077 2216 3129 reS‚

514 3170 797 3235 forsitan
816 3220 831 3246 ‚
856 3179 924 3234 et
951 3171 1245 3256 graviter
1274 3178 1603 3232 terrarum
1633 3171 1921 3233 motibus
1952 3171 2117 3233 ortis

517 3287 738 3349 omnia
767 3285 1202 3371 conquassari
1228 3285 1298 3348 in
1328 3306 1541 3368 parvo
1570 3292 1874 3371 tempore
1906 3307 2169 3349 cernes,

517 3401 702 3487 quod
732 3400 969 3487 procul
997 3421 1037 3462 a
1067 3399 1258 3462 nobis
1286 3398 1517 3464 flectat
1542 3400 1815 3464 fortuna
1843 3403 2254 3486 gubernans,

518 3526 585 3581 et
611 3518 785 3580 ratio
816 3516 1041 3600 potius
1073 3536 1272 3599 quam
1299 3535 1409 3577 res
1438 3515 1847 3601 persuadeat
1872 3518 2020 3601 ipsa

516 3631 862 3695 succidere
891 3630 1250 3694 horrisono
1280 3650 1486 3714 posse
1517 3632 1738 3694 omnia
1765 3632 1944 3695 victa
1972 3630 2268 3716 fragore.

600 3746 786 3831 [Qua
816 3747 999 3831 prius
1032 3743 1390 3830 adgrediar
1419 3766 1617 3829 quam
1650 3744 1735 3807 de
1764 3768 1836 3809 re
1865 3744 2147 3809 fundere
2175 3744 2315 3807 fata

516 3861 810 3923 sanctius
843 3868 910 3923 et
929 3860 1143 3957 multo
1176 3867 1361 3924 certa
1387 3860 1649 3923 ratione
1677 3862 1886 3945 magis
1917 3882 2114 3945 quam

516 3974 765 4061 Pythia
795 3995 965 4058 quae
994 3973 1259 4058 tripode
1290 3996 1330 4037 a
1358 3974 1616 4039 Phoebi
1643 3976 1966 4060 lauroque
1996 3974 2333 4061 profatur,

515 4088 721 4153 multa
749 4089 868 4152 tibi
899 4088 1247 4174 expediam
1279 4090 1498 4155 doctis
1529 4091 1777 4155 solacia
1807 4065 2035 4166 dictis3

523 4344 585 4388 85
625 4338 851 4390 aetheris
890 4339 909 4406 ΙΙ
953 4344 1046 4390 100
1084 4335 1350 4389 insolitum
