2840 5008
514 405 649 472 162
1601 401 1662 465 V

502 574 688 638 haud
714 576 914 660 igitur
944 582 1259 638 constant
1289 573 1515 637 divino
1546 573 1852 659 praedita
1879 594 2110 650 sensu,

366 708 457 752 145
506 688 1048 774 quandoquidem
1078 696 1417 772 nequeunt
1448 688 1738 752 vitaliter
1769 710 1917 751 esse
1947 689 2264 752 animata.

591 803 764 867 Illud
792 805 946 868 item
975 826 1111 867 non
1144 811 1246 866 est
1274 811 1348 865 ut
1377 803 1599 887 possis
1631 801 1935 877 credere,
1962 802 2158 866 sedes

511 940 656 983 esse
687 918 882 982 deum
913 927 1180 981 sanctas
1208 918 1276 980 in
1303 915 1533 978 mundi
1561 917 1862 1003 partibus
1893 917 2074 980 ullis,

505 1035 723 1098 tenvis
755 1034 924 1097 enim
954 1040 1194 1095 natura
1223 1030 1419 1094 deum
1449 1030 1781 1115 longeque
1812 1041 2069 1095 remota

505 1150 808 1212 sensibus
839 1149 921 1211 ab
954 1147 1201 1209 nostris
1232 1146 1430 1208 animi
1457 1146 1569 1208 vix
1598 1155 1817 1208 mente
1849 1146 2145 1222 videtur;

363 1280 457 1327 150
505 1284 675 1348 quae
707 1262 1015 1347 quoniam
1048 1282 1352 1323 manuum
1384 1267 1637 1323 tactum
1670 1261 1939 1345 suffugit
1969 1269 2034 1323 et
2062 1262 2293 1336 ictum,

503 1378 728 1442 tactile
757 1376 851 1439 nil
880 1375 1074 1438 nobis
1108 1374 1293 1459 quod
1325 1375 1412 1437 sit
1442 1374 1832 1458 contingere
1864 1374 2103 1438 debet:

501 1500 778 1576 tangere
810 1491 981 1553 enim
1009 1505 1147 1552 non
1179 1489 1321 1572 quit
1354 1488 1537 1572 quod
1570 1490 1754 1572 tangi
1785 1512 1920 1551 non
1948 1489 2105 1552 licet
2130 1490 2379 1573 ipsum.

504 1626 709 1689 quare
740 1606 932 1669 etiam
963 1602 1161 1667 sedes
1193 1623 1464 1687 quoque
1496 1603 1743 1665 nostris
1775 1602 2046 1666 sedibus
2080 1625 2225 1666 esse

507 1718 855 1782 dissimiles
887 1718 1137 1782 debent
1156 1766 1170 1793 ‚
1194 1725 1464 1780 tenuest
1492 1717 1548 1779 si
1578 1720 1804 1802 corpu'
1840 1717 2146 1791 deorum3

364 1850 456 1894 155
505 1854 676 1917 quae
706 1833 826 1897 tibi
852 1833 1190 1917 posterius
1220 1832 1406 1916 largo
1440 1853 1745 1894 sermone
1775 1833 2107 1917 probabo,

503 1946 726 2009 dicere
756 1969 960 2032 porro
988 1946 1331 2012 hominum
1362 1967 1564 2009 causa
1592 1945 1883 2008 voluisse
1921 1968 2157 2029 parare

499 2060 907 2147 praeclaram
939 2060 1168 2123 mundi
1197 2069 1499 2123 naturam
1518 2108 1532 2134 ‚
1556 2068 2051 2146 proptereaque

500 2174 923 2238 adlaudabile
953 2197 1124 2259 opus
1155 2174 1379 2239 divom
1406 2175 1681 2239 laudare
1713 2174 1951 2237 decere

499 2297 973 2373 aeternumque
1006 2296 1243 2372 putare
1274 2298 1474 2372 atque
1503 2290 1852 2353 inmortale
1881 2281 2236 2362 futurum(

358 2419 452 2468 160
497 2425 622 2467 nec
650 2403 754 2466 fas
787 2425 934 2466 esse
955 2451 969 2477 ‚
995 2401 1194 2463 deum
1226 2402 1412 2486 quod
1442 2405 1531 2466 sit
1558 2406 1815 2467 ratione
1846 2412 2115 2467 vetusta

497 2520 807 2605 gentibus
834 2517 1138 2580 humanis
1167 2515 1516 2581 fundatum
1546 2527 1877 2605 perpetuo
1909 2541 2075 2583 aevo
2093 2568 2107 2594 ,

499 2633 856 2697 sollicitare
887 2631 1024 2694 suis
1054 2629 1190 2691 ulla
1218 2631 1282 2692 vi
1312 2652 1395 2691 ex
1427 2630 1701 2697 sedibus
1731 2656 2071 2718 umquam,

435 2786 444 2795 ι
500 2768 625 2808 nec
654 2747 876 2809 verbis
906 2765 1153 2808 vexare
1183 2754 1250 2807 et
1279 2745 1362 2807 ab
1392 2745 1522 2806 imo
1556 2755 1857 2811 evertere
1887 2771 2166 2824 summa,
2213 2761 2223 2772 ’

500 2868 724 2923 cetera
754 2859 839 2921 de
868 2847 1112 2943 genere
1141 2858 1274 2921 hoc
1303 2857 1642 2941 adfingere
1675 2868 1742 2922 et
1771 2861 2021 2925 addere
2040 2911 2055 2935 ‚
2077 2863 2371 2936 Memmi,

356 2987 449 3035 165
499 2971 903 3058 desiperest.
928 2971 1090 3057 quid
1121 2973 1290 3034 enim
1318 2972 1779 3035 inmortalibus
1810 2984 2011 3058 atque
2039 2977 2251 3040 beatis

494 3086 712 3171 gratia
738 3096 973 3150 nostra
1001 3095 1205 3170 queat
1232 3086 1533 3170 largirier
1564 3085 2015 3163 emolumenti,

495 3208 573 3264 ut
600 3209 833 3266 nostra
860 3203 1216 3291 quicquam
1246 3222 1450 3264 causa
1477 3221 1709 3285 gerere
1739 3200 2259 3285 adgrediantur?

498 3314 745 3399 quidve
774 3303 935 3380 novi
963 3317 1186 3400 potuit
1215 3324 1405 3379 tanto
1440 3325 1598 3399 post
1627 3323 1780 3378 ante
1813 3317 2075 3400 quietos

497 3429 764 3493 inlicere
794 3438 868 3492 ut
899 3439 1222 3515 cuperent
1249 3431 1456 3494 vitam
1485 3437 1742 3493 mutare
1772 3431 2105 3515 priorem?

352 3559 446 3605 175
492 3553 561 3608 at
579 3594 593 3620 ,
619 3545 822 3608 credo
843 3593 858 3618 ‚
880 3545 950 3607 in
978 3544 1271 3606 tenebris
1305 3545 1443 3608 vita
1473 3567 1550 3607 ac
1578 3567 1838 3608 merore
1866 3547 2152 3620 iacebat,

495 3659 711 3722 donec
743 3659 979 3721 diluxit
1006 3679 1228 3721 rerum
1257 3659 1561 3742 genitalis
1594 3661 1810 3744 origo.

353 3788 448 3834 170
492 3794 647 3836 nam
677 3772 974 3859 gaudere
1003 3774 1195 3837 novis
1222 3774 1424 3837 rebus
1456 3772 1701 3837 debere
1731 3773 1998 3837 videtur

490 3887 594 3948 cui
623 3895 887 3950 veteres
918 3889 1196 3951 obsunt:
1221 3887 1342 3951 sed
1373 3889 1478 3950 cui
1506 3889 1596 3951 nil
1627 3887 1870 3951 accidit
1899 3890 2081 3973 aegri

491 4005 791 4083 tempore
821 4001 887 4063 in
919 4010 1072 4064 ante
1103 4010 1255 4064 acto
1275 4051 1289 4076 ‚
1315 4022 1459 4065 cum
1491 4002 1769 4087 pulchre
1802 4002 2079 4087 degeret
2109 4024 2339 4066 aevom
2360 4052 2374 4077 ,

487 4112 650 4196 quid
678 4114 900 4201 potuit
926 4115 1244 4179 novitatis
1274 4137 1562 4178 amorem
1596 4116 1964 4180 accendere
1991 4117 2149 4180 tali?

489 4365 582 4410 152
621 4358 764 4428 quod
799 4361 842 4412 si
879 4359 899 4428 Η
943 4367 1035 4412 154
1074 4369 1260 4412 tenues
1299 4361 1366 4411 de
1401 4378 1631 4430 corpore
1669 4379 1874 4414 eorum.
1914 4364 1933 4431 ΙΙ
1980 4371 2069 4415 175
2111 4365 2200 4415 An
