<?xml version="1.0" encoding="UTF-8"?>
<!DOCTYPE html PUBLIC "-//W3C//DTD XHTML 1.0 Transitional//EN"
    "http://www.w3.org/TR/xhtml1/DTD/xhtml1-transitional.dtd">
<html xmlns="http://www.w3.org/1999/xhtml" xml:lang="en" lang="en">
 <head>
  <title>
</title>
<meta http-equiv="Content-Type" content="text/html;charset=utf-8" />
  <meta name='ocr-system' content='tesseract 3.04.00' />
  <meta name='ocr-capabilities' content='ocr_page ocr_carea ocr_par ocr_line ocrx_word'/>
</head>
<body>
  <div class='ocr_page' id='page_1' title='image "./tlucreticarider02lachgoog_0228.png"; bbox 0 0 2840 5008; ppageno 0'>
   <div class='ocr_carea' id='block_1_1' title="bbox 504 370 1679 443">
    <p class='ocr_par' dir='ltr' id='par_1_1' title="bbox 504 370 1679 443">
     <span class='ocr_line' id='line_1_1' title="bbox 504 370 1679 443; baseline -0.004 -1"><span class='ocrx_word' id='word_1_1' title='bbox 504 372 646 443; x_wconf 81' lang='lat'><strong>218</strong></span> <span class='ocrx_word' id='word_1_2' title='bbox 1577 370 1679 437; x_wconf 90' lang='lat' dir='ltr'><strong>VI</strong></span> 
     </span>
    </p>
   </div>
   <div class='ocr_carea' id='block_1_2' title="bbox 357 518 2365 3966">
    <p class='ocr_par' dir='ltr' id='par_1_2' title="bbox 357 518 2123 975">
     <span class='ocr_line' id='line_1_2' title="bbox 357 518 2111 630; baseline 0.001 -21"><span class='ocrx_word' id='word_1_3' title='bbox 357 565 454 611; x_wconf 88' lang='lat'><strong>375</strong></span> <span class='ocrx_word' id='word_1_4' title='bbox 499 518 623 611; x_wconf 74' lang='lat' dir='ltr'><strong>nec</strong></span> <span class='ocrx_word' id='word_1_5' title='bbox 652 546 983 620; x_wconf 80' lang='lat' dir='ltr'><strong>mirumst,</strong></span> <span class='ocrx_word' id='word_1_6' title='bbox 1005 545 1073 608; x_wconf 91' lang='lat' dir='ltr'><strong>in</strong></span> <span class='ocrx_word' id='word_1_7' title='bbox 1103 565 1182 609; x_wconf 94' lang='lat' dir='ltr'><strong>eo</strong></span> <span class='ocrx_word' id='word_1_8' title='bbox 1214 544 1270 608; x_wconf 91' lang='lat' dir='ltr'><strong>si</strong></span> <span class='ocrx_word' id='word_1_9' title='bbox 1298 551 1601 630; x_wconf 84' lang='lat' dir='ltr'><strong>tempore</strong></span> <span class='ocrx_word' id='word_1_10' title='bbox 1630 544 1914 629; x_wconf 88' lang='lat' dir='ltr'><strong>plurima</strong></span> <span class='ocrx_word' id='word_1_11' title='bbox 1935 544 2111 613; x_wconf 86' lang='lat' dir='ltr'><strong>fiu&#39;nt</strong></span> 
     </span>
     <span class='ocr_line' id='line_1_3' title="bbox 500 659 2086 744; baseline -0.001 -19"><span class='ocrx_word' id='word_1_12' title='bbox 500 661 771 725; x_wconf 87' lang='lat' dir='ltr'><strong>fulmina</strong></span> <span class='ocrx_word' id='word_1_13' title='bbox 800 668 1294 744; x_wconf 80' lang='lat' dir='ltr'><strong>tempestasque</strong></span> <span class='ocrx_word' id='word_1_14' title='bbox 1324 660 1536 724; x_wconf 89' lang='lat' dir='ltr'><strong>cietur</strong></span> <span class='ocrx_word' id='word_1_15' title='bbox 1565 659 1837 724; x_wconf 87' lang='lat' dir='ltr'><strong>turbida</strong></span> <span class='ocrx_word' id='word_1_16' title='bbox 1867 661 2051 725; x_wconf 85' lang='lat' dir='ltr'><strong>caelo</strong></span> <span class='ocrx_word' id='word_1_17' title='bbox 2071 710 2086 736; x_wconf 93' lang='lat'>,</span> 
     </span>
     <span class='ocr_line' id='line_1_4' title="bbox 502 775 2045 861; baseline 0 -21"><span class='ocrx_word' id='word_1_18' title='bbox 502 775 770 861; x_wconf 88' lang='lat' dir='ltr'><strong>ancipiti</strong></span> <span class='ocrx_word' id='word_1_19' title='bbox 801 775 1109 860; x_wconf 90' lang='lat' dir='ltr'><strong>quoniam</strong></span> <span class='ocrx_word' id='word_1_20' title='bbox 1136 775 1312 840; x_wconf 91' lang='lat' dir='ltr'><strong>bello</strong></span> <span class='ocrx_word' id='word_1_21' title='bbox 1345 775 1653 838; x_wconf 86' lang='lat' dir='ltr'><strong>turbatur</strong></span> <span class='ocrx_word' id='word_1_22' title='bbox 1682 776 2045 861; x_wconf 75' lang='lat' dir='ltr'><strong>utrimque,</strong></span> 
     </span>
     <span class='ocr_line' id='line_1_5' title="bbox 498 889 2123 975; baseline 0 -21"><span class='ocrx_word' id='word_1_23' title='bbox 498 892 654 955; x_wconf 90' lang='lat' dir='ltr'><strong>hinc</strong></span> <span class='ocrx_word' id='word_1_24' title='bbox 681 889 954 954; x_wconf 88' lang='lat' dir='ltr'><strong>flammis</strong></span> <span class='ocrx_word' id='word_1_25' title='bbox 974 939 989 966; x_wconf 93' lang='lat'><strong>‚</strong></span> <span class='ocrx_word' id='word_1_26' title='bbox 1009 890 1187 953; x_wconf 90' lang='lat' dir='ltr'><strong>illinc</strong></span> <span class='ocrx_word' id='word_1_27' title='bbox 1216 890 1434 953; x_wconf 89' lang='lat' dir='ltr'><strong>ventis</strong></span> <span class='ocrx_word' id='word_1_28' title='bbox 1453 938 1470 965; x_wconf 91' lang='lat'>‚</span> <span class='ocrx_word' id='word_1_29' title='bbox 1490 910 1856 975; x_wconf 89' lang='lat' dir='ltr'><strong>umoreque</strong></span> <span class='ocrx_word' id='word_1_30' title='bbox 1884 890 2091 954; x_wconf 83' lang='lat' dir='ltr'><strong>mixto</strong></span> <span class='ocrx_word' id='word_1_31' title='bbox 2110 940 2123 953; x_wconf 92' lang='lat'><strong>.</strong></span> 
     </span>
    </p>

    <p class='ocr_par' dir='ltr' id='par_1_3' title="bbox 583 1003 2047 1091">
     <span class='ocr_line' id='line_1_6' title="bbox 583 1003 2047 1091; baseline -0.001 -21"><span class='ocrx_word' id='word_1_32' title='bbox 583 1007 737 1070; x_wconf 89' lang='lat' dir='ltr'><strong>Hoc</strong></span> <span class='ocrx_word' id='word_1_33' title='bbox 767 1012 873 1070; x_wconf 90' lang='lat' dir='ltr'><strong>est</strong></span> <span class='ocrx_word' id='word_1_34' title='bbox 897 1005 1158 1091; x_wconf 85' lang='lat' dir='ltr'><strong>igniferi</strong></span> <span class='ocrx_word' id='word_1_35' title='bbox 1182 1013 1489 1069; x_wconf 89' lang='lat' dir='ltr'><strong>naturam</strong></span> <span class='ocrx_word' id='word_1_36' title='bbox 1517 1003 1806 1068; x_wconf 88' lang='lat' dir='ltr'><strong>fulminis</strong></span> <span class='ocrx_word' id='word_1_37' title='bbox 1834 1005 2047 1090; x_wconf 85' lang='lat' dir='ltr'><strong>ipsam</strong></span> 
     </span>
    </p>

    <p class='ocr_par' dir='ltr' id='par_1_4' title="bbox 358 1119 2274 1665">
     <span class='ocr_line' id='line_1_7' title="bbox 358 1119 2274 1208; baseline -0.002 -20"><span class='ocrx_word' id='word_1_38' title='bbox 358 1141 454 1188; x_wconf 83' lang='lat'><strong>380</strong></span> <span class='ocrx_word' id='word_1_39' title='bbox 497 1121 876 1208; x_wconf 81' lang='lat' dir='ltr'><strong>perspicere</strong></span> <span class='ocrx_word' id='word_1_40' title='bbox 908 1128 975 1184; x_wconf 88' lang='lat' dir='ltr'><strong>et</strong></span> <span class='ocrx_word' id='word_1_41' title='bbox 1005 1140 1139 1205; x_wconf 88' lang='lat' dir='ltr'><strong>qua</strong></span> <span class='ocrx_word' id='word_1_42' title='bbox 1165 1120 1232 1184; x_wconf 87' lang='lat' dir='ltr'><strong>vi</strong></span> <span class='ocrx_word' id='word_1_43' title='bbox 1256 1120 1458 1185; x_wconf 89' lang='lat' dir='ltr'><strong>faciat</strong></span> <span class='ocrx_word' id='word_1_44' title='bbox 1484 1141 1626 1184; x_wconf 91' lang='lat' dir='ltr'><strong>rem</strong></span> <span class='ocrx_word' id='word_1_45' title='bbox 1657 1140 1988 1206; x_wconf 90' lang='lat' dir='ltr'><strong>quamque</strong></span> <span class='ocrx_word' id='word_1_46' title='bbox 2016 1119 2274 1194; x_wconf 85' lang='lat' dir='ltr'><strong>videre,</strong></span> 
     </span>
     <span class='ocr_line' id='line_1_8' title="bbox 500 1235 2243 1323; baseline -0.002 -22"><span class='ocrx_word' id='word_1_47' title='bbox 500 1260 636 1302; x_wconf 93' lang='lat' dir='ltr'><strong>non</strong></span> <span class='ocrx_word' id='word_1_48' title='bbox 666 1236 1022 1323; x_wconf 89' lang='lat' dir='ltr'><strong>Tyrrhena</strong></span> <span class='ocrx_word' id='word_1_49' title='bbox 1048 1235 1234 1299; x_wconf 86' lang='lat' dir='ltr'><strong>retro</strong></span> <span class='ocrx_word' id='word_1_50' title='bbox 1264 1235 1644 1299; x_wconf 87' lang='lat' dir='ltr'><strong>volventem</strong></span> <span class='ocrx_word' id='word_1_51' title='bbox 1675 1235 1965 1301; x_wconf 86' lang='lat' dir='ltr'><strong>carmina</strong></span> <span class='ocrx_word' id='word_1_52' title='bbox 1990 1235 2243 1303; x_wconf 89' lang='lat' dir='ltr'><strong>frustra</strong></span> 
     </span>
     <span class='ocr_line' id='line_1_9' title="bbox 499 1349 2041 1435; baseline -0.001 -19"><span class='ocrx_word' id='word_1_53' title='bbox 499 1352 743 1417; x_wconf 90' lang='lat' dir='ltr'><strong>indicia</strong></span> <span class='ocrx_word' id='word_1_54' title='bbox 772 1349 1073 1414; x_wconf 85' lang='lat' dir='ltr'><strong>occultae</strong></span> <span class='ocrx_word' id='word_1_55' title='bbox 1104 1349 1326 1413; x_wconf 90' lang='lat' dir='ltr'><strong>divum</strong></span> <span class='ocrx_word' id='word_1_56' title='bbox 1356 1350 1744 1435; x_wconf 91' lang='lat' dir='ltr'><strong>perquirere</strong></span> <span class='ocrx_word' id='word_1_57' title='bbox 1771 1350 2041 1425; x_wconf 76' lang='lat' dir='ltr'><strong>menti8‚</strong></span> 
     </span>
     <span class='ocr_line' id='line_1_10' title="bbox 499 1464 2151 1550; baseline -0.002 -19"><span class='ocrx_word' id='word_1_58' title='bbox 499 1466 682 1531; x_wconf 90' lang='lat' dir='ltr'><strong>unde</strong></span> <span class='ocrx_word' id='word_1_59' title='bbox 712 1466 944 1531; x_wconf 86' lang='lat' dir='ltr'><strong>volans</strong></span> <span class='ocrx_word' id='word_1_60' title='bbox 973 1465 1146 1550; x_wconf 82' lang='lat' dir='ltr'><strong>ignis</strong></span> <span class='ocrx_word' id='word_1_61' title='bbox 1176 1464 1567 1550; x_wconf 50' lang='lat' dir='ltr'><strong>pervenerit&gt;</strong></span> <span class='ocrx_word' id='word_1_62' title='bbox 1588 1472 1701 1529; x_wconf 91' lang='lat' dir='ltr'><strong>aut</strong></span> <span class='ocrx_word' id='word_1_63' title='bbox 1729 1465 1798 1528; x_wconf 92' lang='lat' dir='ltr'><strong>in</strong></span> <span class='ocrx_word' id='word_1_64' title='bbox 1825 1468 2039 1529; x_wconf 89' lang='lat' dir='ltr'><strong>utram</strong></span> <span class='ocrx_word' id='word_1_65' title='bbox 2078 1485 2151 1528; x_wconf 89' lang='lat' dir='ltr'><strong>se</strong></span> 
     </span>
     <span class='ocr_line' id='line_1_11' title="bbox 501 1579 2265 1665; baseline -0.002 -19"><span class='ocrx_word' id='word_1_66' title='bbox 501 1581 782 1646; x_wconf 89' lang='lat' dir='ltr'><strong>verterit</strong></span> <span class='ocrx_word' id='word_1_67' title='bbox 810 1581 966 1644; x_wconf 92' lang='lat' dir='ltr'><strong>hinc</strong></span> <span class='ocrx_word' id='word_1_68' title='bbox 998 1580 1235 1665; x_wconf 89' lang='lat' dir='ltr'><strong>partim</strong></span> <span class='ocrx_word' id='word_1_69' title='bbox 1256 1628 1273 1654; x_wconf 89' lang='lat'>‚</span> <span class='ocrx_word' id='word_1_70' title='bbox 1302 1600 1438 1665; x_wconf 91' lang='lat' dir='ltr'><strong>quo</strong></span> <span class='ocrx_word' id='word_1_71' title='bbox 1473 1587 1671 1664; x_wconf 88' lang='lat' dir='ltr'><strong>pacto</strong></span> <span class='ocrx_word' id='word_1_72' title='bbox 1702 1600 1823 1665; x_wconf 90' lang='lat' dir='ltr'><strong>per</strong></span> <span class='ocrx_word' id='word_1_73' title='bbox 1851 1579 2002 1643; x_wconf 92' lang='lat' dir='ltr'><strong>loca</strong></span> <span class='ocrx_word' id='word_1_74' title='bbox 2029 1588 2265 1665; x_wconf 88' lang='lat' dir='ltr'><strong>saepta</strong></span> 
     </span>
    </p>

    <p class='ocr_par' dir='ltr' id='par_1_5' title="bbox 360 1692 2276 2239">
     <span class='ocr_line' id='line_1_12' title="bbox 360 1692 2153 1770; baseline -0.002 -9"><span class='ocrx_word' id='word_1_75' title='bbox 360 1715 455 1761; x_wconf 81' lang='lat'><strong>385</strong></span> <span class='ocrx_word' id='word_1_76' title='bbox 501 1697 879 1770; x_wconf 86' lang='lat' dir='ltr'><strong>insinuarit,</strong></span> <span class='ocrx_word' id='word_1_77' title='bbox 913 1703 978 1758; x_wconf 92' lang='lat' dir='ltr'><strong>et</strong></span> <span class='ocrx_word' id='word_1_78' title='bbox 1004 1694 1162 1758; x_wconf 89' lang='lat' dir='ltr'><strong>hinc</strong></span> <span class='ocrx_word' id='word_1_79' title='bbox 1193 1692 1573 1758; x_wconf 83' lang='lat' dir='ltr'><strong>dominatus</strong></span> <span class='ocrx_word' id='word_1_80' title='bbox 1601 1700 1681 1758; x_wconf 90' lang='lat' dir='ltr'><strong>ut</strong></span> <span class='ocrx_word' id='word_1_81' title='bbox 1710 1694 2024 1758; x_wconf 87' lang='lat' dir='ltr'><strong>extulerit</strong></span> <span class='ocrx_word' id='word_1_82' title='bbox 2052 1715 2153 1768; x_wconf 89' lang='lat' dir='ltr'><strong>se,</strong></span> 
     </span>
     <span class='ocr_line' id='line_1_13' title="bbox 507 1806 2141 1896; baseline -0.001 -23"><span class='ocrx_word' id='word_1_83' title='bbox 507 1809 752 1896; x_wconf 89' lang='lat' dir='ltr'><strong>quidve</strong></span> <span class='ocrx_word' id='word_1_84' title='bbox 780 1830 1024 1873; x_wconf 91' lang='lat' dir='ltr'><strong>nocere</strong></span> <span class='ocrx_word' id='word_1_85' title='bbox 1057 1817 1261 1895; x_wconf 90' lang='lat' dir='ltr'><strong>queat</strong></span> <span class='ocrx_word' id='word_1_86' title='bbox 1290 1807 1375 1872; x_wconf 88' lang='lat' dir='ltr'><strong>de</strong></span> <span class='ocrx_word' id='word_1_87' title='bbox 1406 1809 1592 1872; x_wconf 88' lang='lat' dir='ltr'><strong>caelo</strong></span> <span class='ocrx_word' id='word_1_88' title='bbox 1621 1806 1911 1872; x_wconf 87' lang='lat' dir='ltr'><strong>fulminis</strong></span> <span class='ocrx_word' id='word_1_89' title='bbox 1938 1808 2141 1872; x_wconf 80' lang='lat' dir='ltr'><strong>ictus,</strong></span> 
     </span>
     <span class='ocr_line' id='line_1_14' title="bbox 505 1922 1987 2011; baseline -0.001 -23"><span class='ocrx_word' id='word_1_90' title='bbox 505 1926 689 2011; x_wconf 90' lang='lat' dir='ltr'><strong>quod</strong></span> <span class='ocrx_word' id='word_1_91' title='bbox 719 1925 775 1989; x_wconf 89' lang='lat' dir='ltr'><strong>si</strong></span> <span class='ocrx_word' id='word_1_92' title='bbox 801 1924 1101 2010; x_wconf 91' lang='lat' dir='ltr'><strong>Iuppiter</strong></span> <span class='ocrx_word' id='word_1_93' title='bbox 1129 1931 1332 2008; x_wconf 89' lang='lat' dir='ltr'><strong>atque</strong></span> <span class='ocrx_word' id='word_1_94' title='bbox 1362 1923 1471 1988; x_wconf 90' lang='lat' dir='ltr'><strong>alii</strong></span> <span class='ocrx_word' id='word_1_95' title='bbox 1497 1922 1821 2008; x_wconf 85' lang='lat' dir='ltr'><strong>fulgentia</strong></span> <span class='ocrx_word' id='word_1_96' title='bbox 1851 1922 1987 1987; x_wconf 85' lang='lat' dir='ltr'><strong>divi</strong></span> 
     </span>
     <span class='ocr_line' id='line_1_15' title="bbox 504 2037 2000 2123; baseline -0.001 -18"><span class='ocrx_word' id='word_1_97' title='bbox 504 2041 791 2105; x_wconf 86' lang='lat' dir='ltr'><strong>terrifico</strong></span> <span class='ocrx_word' id='word_1_98' title='bbox 824 2039 1130 2123; x_wconf 89' lang='lat' dir='ltr'><strong>quatiunt</strong></span> <span class='ocrx_word' id='word_1_99' title='bbox 1158 2038 1380 2102; x_wconf 90' lang='lat' dir='ltr'><strong>sonitu</strong></span> <span class='ocrx_word' id='word_1_100' title='bbox 1412 2037 1726 2102; x_wconf 86' lang='lat' dir='ltr'><strong>caelestia</strong></span> <span class='ocrx_word' id='word_1_101' title='bbox 1753 2038 2000 2122; x_wconf 88' lang='lat' dir='ltr'><strong>templa</strong></span> 
     </span>
     <span class='ocr_line' id='line_1_16' title="bbox 505 2152 2276 2239; baseline -0.001 -20"><span class='ocrx_word' id='word_1_102' title='bbox 505 2165 571 2220; x_wconf 92' lang='lat' dir='ltr'><strong>et</strong></span> <span class='ocrx_word' id='word_1_103' title='bbox 597 2156 845 2219; x_wconf 89' lang='lat' dir='ltr'><strong>iaciunt</strong></span> <span class='ocrx_word' id='word_1_104' title='bbox 872 2154 1091 2239; x_wconf 84' lang='lat' dir='ltr'><strong>ignem</strong></span> <span class='ocrx_word' id='word_1_105' title='bbox 1122 2173 1256 2238; x_wconf 90' lang='lat' dir='ltr'><strong>quo</strong></span> <span class='ocrx_word' id='word_1_106' title='bbox 1289 2153 1596 2236; x_wconf 88' lang='lat' dir='ltr'><strong>cuiquest</strong></span> <span class='ocrx_word' id='word_1_107' title='bbox 1625 2166 1907 2237; x_wconf 86' lang='lat' dir='ltr'><strong>cumque</strong></span> <span class='ocrx_word' id='word_1_108' title='bbox 1936 2152 2276 2238; x_wconf 75' lang='lat' dir='ltr'><strong>volupta8‚</strong></span> 
     </span>
    </p>

    <p class='ocr_par' dir='ltr' id='par_1_6' title="bbox 361 2267 2284 2814">
     <span class='ocr_line' id='line_1_17' title="bbox 361 2267 2284 2356; baseline -0.002 -22"><span class='ocrx_word' id='word_1_109' title='bbox 361 2288 459 2336; x_wconf 81' lang='lat'><strong>390</strong></span> <span class='ocrx_word' id='word_1_110' title='bbox 504 2295 622 2335; x_wconf 92' lang='lat' dir='ltr'><strong>cur</strong></span> <span class='ocrx_word' id='word_1_111' title='bbox 653 2271 893 2356; x_wconf 88' lang='lat' dir='ltr'><strong>quibus</strong></span> <span class='ocrx_word' id='word_1_112' title='bbox 920 2269 1256 2332; x_wconf 89' lang='lat' dir='ltr'><strong>incautum</strong></span> <span class='ocrx_word' id='word_1_113' title='bbox 1285 2267 1503 2331; x_wconf 88' lang='lat' dir='ltr'><strong>scelus</strong></span> <span class='ocrx_word' id='word_1_114' title='bbox 1534 2267 1902 2331; x_wconf 87' lang='lat' dir='ltr'><strong>aversabile</strong></span> <span class='ocrx_word' id='word_1_115' title='bbox 1933 2275 2284 2352; x_wconf 88' lang='lat' dir='ltr'><strong>cumquest</strong></span> 
     </span>
     <span class='ocr_line' id='line_1_18' title="bbox 502 2366 2055 2466; baseline -0.003 -16"><span class='ocrx_word' id='word_1_116' title='bbox 502 2408 641 2450; x_wconf 89' lang='lat' dir='ltr'><strong>non</strong></span> <span class='ocrx_word' id='word_1_117' title='bbox 668 2383 923 2449; x_wconf 89' lang='lat' dir='ltr'><strong>faciunt</strong></span> <span class='ocrx_word' id='word_1_118' title='bbox 946 2383 1061 2446; x_wconf 87' lang='lat' dir='ltr'><strong>icti</strong></span> <span class='ocrx_word' id='word_1_119' title='bbox 1088 2381 1382 2446; x_wconf 90' lang='lat' dir='ltr'><strong>flammas</strong></span> <span class='ocrx_word' id='word_1_120' title='bbox 1411 2390 1489 2446; x_wconf 94' lang='lat' dir='ltr'><strong>ut</strong></span> <span class='ocrx_word' id='word_1_121' title='bbox 1516 2366 1797 2466; x_wconf 82' lang='lat' dir='ltr'><strong>fulguris</strong></span> <span class='ocrx_word' id='word_1_122' title='bbox 1826 2381 2055 2446; x_wconf 88' lang='lat' dir='ltr'><strong>halent</strong></span> 
     </span>
     <span class='ocr_line' id='line_1_19' title="bbox 503 2496 2090 2589; baseline -0.003 -23"><span class='ocrx_word' id='word_1_123' title='bbox 503 2513 779 2589; x_wconf 91' lang='lat' dir='ltr'><strong>pectore</strong></span> <span class='ocrx_word' id='word_1_124' title='bbox 809 2498 1066 2586; x_wconf 85' lang='lat' dir='ltr'><strong>perfixo</strong></span> <span class='ocrx_word' id='word_1_125' title='bbox 1087 2547 1104 2573; x_wconf 89' lang='lat'>‚</span> <span class='ocrx_word' id='word_1_126' title='bbox 1125 2496 1456 2562; x_wconf 87' lang='lat' dir='ltr'><strong>documen</strong></span> <span class='ocrx_word' id='word_1_127' title='bbox 1484 2498 1876 2562; x_wconf 87' lang='lat' dir='ltr'><strong>mortalibus</strong></span> <span class='ocrx_word' id='word_1_128' title='bbox 1907 2519 2090 2572; x_wconf 90' lang='lat' dir='ltr'><strong>acre,</strong></span> 
     </span>
     <span class='ocr_line' id='line_1_20' title="bbox 506 2613 1947 2703; baseline -0.003 -21"><span class='ocrx_word' id='word_1_129' title='bbox 506 2629 575 2682; x_wconf 92' lang='lat' dir='ltr'><strong>et</strong></span> <span class='ocrx_word' id='word_1_130' title='bbox 603 2615 829 2703; x_wconf 90' lang='lat' dir='ltr'><strong>potius</strong></span> <span class='ocrx_word' id='word_1_131' title='bbox 859 2614 1040 2678; x_wconf 90' lang='lat' dir='ltr'><strong>nulla</strong></span> <span class='ocrx_word' id='word_1_132' title='bbox 1068 2614 1194 2679; x_wconf 88' lang='lat' dir='ltr'><strong>sibi</strong></span> <span class='ocrx_word' id='word_1_133' title='bbox 1223 2614 1406 2700; x_wconf 87' lang='lat' dir='ltr'><strong>turpi</strong></span> <span class='ocrx_word' id='word_1_134' title='bbox 1443 2613 1748 2677; x_wconf 89' lang='lat' dir='ltr'><strong>conscius</strong></span> <span class='ocrx_word' id='word_1_135' title='bbox 1777 2613 1846 2677; x_wconf 89' lang='lat' dir='ltr'><strong>in</strong></span> <span class='ocrx_word' id='word_1_136' title='bbox 1871 2634 1947 2677; x_wconf 91' lang='lat' dir='ltr'><strong>re</strong></span> 
     </span>
     <span class='ocr_line' id='line_1_21' title="bbox 504 2726 2068 2814; baseline -0.003 -18"><span class='ocrx_word' id='word_1_137' title='bbox 504 2731 800 2796; x_wconf 84' lang='lat' dir='ltr'><strong>volvitur</strong></span> <span class='ocrx_word' id='word_1_138' title='bbox 825 2730 894 2793; x_wconf 91' lang='lat' dir='ltr'><strong>in</strong></span> <span class='ocrx_word' id='word_1_139' title='bbox 922 2728 1197 2794; x_wconf 89' lang='lat' dir='ltr'><strong>flammis</strong></span> <span class='ocrx_word' id='word_1_140' title='bbox 1226 2729 1538 2793; x_wconf 84' lang='lat' dir='ltr'><strong>innoxius</strong></span> <span class='ocrx_word' id='word_1_141' title='bbox 1565 2732 1768 2814; x_wconf 90' lang='lat' dir='ltr'><strong>inque</strong></span> <span class='ocrx_word' id='word_1_142' title='bbox 1795 2726 2068 2813; x_wconf 90' lang='lat' dir='ltr'><strong>peditur</strong></span> 
     </span>
    </p>

    <p class='ocr_par' dir='ltr' id='par_1_7' title="bbox 362 2842 2365 3274">
     <span class='ocr_line' id='line_1_22' title="bbox 362 2842 2040 2929; baseline -0.002 -20"><span class='ocrx_word' id='word_1_143' title='bbox 362 2863 458 2909; x_wconf 85' lang='lat'><strong>395</strong></span> <span class='ocrx_word' id='word_1_144' title='bbox 503 2845 769 2911; x_wconf 91' lang='lat' dir='ltr'><strong>turbine</strong></span> <span class='ocrx_word' id='word_1_145' title='bbox 801 2845 1067 2909; x_wconf 86' lang='lat' dir='ltr'><strong>caelesti</strong></span> <span class='ocrx_word' id='word_1_146' title='bbox 1096 2844 1319 2908; x_wconf 93' lang='lat' dir='ltr'><strong>subito</strong></span> <span class='ocrx_word' id='word_1_147' title='bbox 1352 2850 1705 2928; x_wconf 90' lang='lat' dir='ltr'><strong>correptus</strong></span> <span class='ocrx_word' id='word_1_148' title='bbox 1737 2851 1804 2907; x_wconf 96' lang='lat' dir='ltr'><strong>et</strong></span> <span class='ocrx_word' id='word_1_149' title='bbox 1830 2842 2010 2929; x_wconf 80' lang='lat' dir='ltr'><strong>igni?</strong></span> <span class='ocrx_word' id='word_1_150' title='bbox 2036 2889 2040 2896; x_wconf 70' lang='lat'><strong>·</strong></span> 
     </span>
     <span class='ocr_line' id='line_1_23' title="bbox 506 2957 2259 3044; baseline -0.003 -19"><span class='ocrx_word' id='word_1_151' title='bbox 506 2983 624 3025; x_wconf 89' lang='lat' dir='ltr'><strong>cur</strong></span> <span class='ocrx_word' id='word_1_152' title='bbox 656 2960 849 3023; x_wconf 90' lang='lat' dir='ltr'><strong>etiam</strong></span> <span class='ocrx_word' id='word_1_153' title='bbox 874 2960 1026 3023; x_wconf 88' lang='lat' dir='ltr'><strong>loca</strong></span> <span class='ocrx_word' id='word_1_154' title='bbox 1055 2958 1199 3022; x_wconf 89' lang='lat' dir='ltr'><strong>sola</strong></span> <span class='ocrx_word' id='word_1_155' title='bbox 1225 2966 1468 3044; x_wconf 90' lang='lat' dir='ltr'><strong>petunt</strong></span> <span class='ocrx_word' id='word_1_156' title='bbox 1492 2957 1879 3042; x_wconf 73' lang='lat' dir='ltr'><strong>frustraque</strong></span> <span class='ocrx_word' id='word_1_157' title='bbox 1905 2958 2259 3023; x_wconf 82' lang='lat' dir='ltr'><strong>laborant?</strong></span> 
     </span>
     <span class='ocr_line' id='line_1_24' title="bbox 505 3059 2365 3157; baseline -0.003 -17"><span class='ocrx_word' id='word_1_158' title='bbox 505 3098 592 3140; x_wconf 88' lang='lat' dir='ltr'><strong>an</strong></span> <span class='ocrx_word' id='word_1_159' title='bbox 622 3084 762 3139; x_wconf 91' lang='lat' dir='ltr'><strong>tum</strong></span> <span class='ocrx_word' id='word_1_160' title='bbox 788 3074 1103 3138; x_wconf 89' lang='lat' dir='ltr'><strong>bracchia</strong></span> <span class='ocrx_word' id='word_1_161' title='bbox 1130 3080 1579 3137; x_wconf 88' lang='lat' dir='ltr'><strong>consuescunt</strong></span> <span class='ocrx_word' id='word_1_162' title='bbox 1605 3059 2001 3157; x_wconf 85' lang='lat' dir='ltr'><strong>firmantque</strong></span> <span class='ocrx_word' id='word_1_163' title='bbox 2029 3072 2318 3137; x_wconf 89' lang='lat' dir='ltr'><strong>lacertos</strong></span> <span class='ocrx_word' id='word_1_164' title='bbox 2334 3072 2365 3135; x_wconf 72' lang='lat' dir='ltr'>P</span> 
     </span>
     <span class='ocr_line' id='line_1_25' title="bbox 505 3188 2026 3274; baseline -0.002 -20"><span class='ocrx_word' id='word_1_165' title='bbox 505 3192 574 3254; x_wconf 91' lang='lat' dir='ltr'><strong>in</strong></span> <span class='ocrx_word' id='word_1_166' title='bbox 602 3197 917 3273; x_wconf 84' lang='lat' dir='ltr'><strong>terraque</strong></span> <span class='ocrx_word' id='word_1_167' title='bbox 943 3188 1155 3274; x_wconf 90' lang='lat' dir='ltr'><strong>patris</strong></span> <span class='ocrx_word' id='word_1_168' title='bbox 1186 3210 1304 3252; x_wconf 90' lang='lat' dir='ltr'><strong>cur</strong></span> <span class='ocrx_word' id='word_1_169' title='bbox 1329 3188 1534 3251; x_wconf 90' lang='lat' dir='ltr'><strong>telum</strong></span> <span class='ocrx_word' id='word_1_170' title='bbox 1560 3188 2026 3273; x_wconf 86' lang='lat' dir='ltr'><strong>perpetiuntur</strong></span> 
     </span>
    </p>

    <p class='ocr_par' dir='ltr' id='par_1_8' title="bbox 458 3301 2250 3390">
     <span class='ocr_line' id='line_1_26' title="bbox 458 3301 2250 3390; baseline -0.002 -22"><span class='ocrx_word' id='word_1_171' title='bbox 458 3303 462 3308; x_wconf 77' lang='grc'><strong>’</strong></span> <span class='ocrx_word' id='word_1_172' title='bbox 509 3302 793 3390; x_wconf 89' lang='lat' dir='ltr'><strong>optundi</strong></span> <span class='ocrx_word' id='word_1_173' title='bbox 810 3304 843 3365; x_wconf 82' lang='lat'>?</span> <span class='ocrx_word' id='word_1_174' title='bbox 871 3325 987 3367; x_wconf 89' lang='lat' dir='ltr'><strong>cur</strong></span> <span class='ocrx_word' id='word_1_175' title='bbox 1014 3304 1158 3389; x_wconf 90' lang='lat' dir='ltr'><strong>ipse</strong></span> <span class='ocrx_word' id='word_1_176' title='bbox 1188 3303 1344 3368; x_wconf 92' lang='lat' dir='ltr'><strong>sinit</strong></span> <span class='ocrx_word' id='word_1_177' title='bbox 1361 3352 1377 3379; x_wconf 88' lang='lat'>,</span> <span class='ocrx_word' id='word_1_178' title='bbox 1398 3323 1620 3388; x_wconf 89' lang='lat' dir='ltr'><strong>neque</strong></span> <span class='ocrx_word' id='word_1_179' title='bbox 1651 3303 1867 3388; x_wconf 91' lang='lat' dir='ltr'><strong>parcit</strong></span> <span class='ocrx_word' id='word_1_180' title='bbox 1893 3304 1963 3367; x_wconf 89' lang='lat' dir='ltr'><strong>in</strong></span> <span class='ocrx_word' id='word_1_181' title='bbox 1990 3301 2250 3366; x_wconf 80' lang='lat' dir='ltr'><strong>hostis?</strong></span> 
     </span>
    </p>

    <p class='ocr_par' dir='ltr' id='par_1_9' title="bbox 363 3415 2304 3966">
     <span class='ocr_line' id='line_1_27' title="bbox 363 3415 2253 3506; baseline -0.002 -21"><span class='ocrx_word' id='word_1_182' title='bbox 363 3437 460 3485; x_wconf 83' lang='lat'><strong>400</strong></span> <span class='ocrx_word' id='word_1_183' title='bbox 507 3419 794 3506; x_wconf 90' lang='lat' dir='ltr'><strong>denique</strong></span> <span class='ocrx_word' id='word_1_184' title='bbox 824 3439 941 3481; x_wconf 92' lang='lat' dir='ltr'><strong>cur</strong></span> <span class='ocrx_word' id='word_1_185' title='bbox 969 3439 1329 3503; x_wconf 88' lang='lat' dir='ltr'><strong>numquam</strong></span> <span class='ocrx_word' id='word_1_186' title='bbox 1359 3418 1544 3482; x_wconf 91' lang='lat' dir='ltr'><strong>caelo</strong></span> <span class='ocrx_word' id='word_1_187' title='bbox 1573 3416 1730 3482; x_wconf 90' lang='lat' dir='ltr'><strong>iacit</strong></span> <span class='ocrx_word' id='word_1_188' title='bbox 1758 3415 2052 3501; x_wconf 89' lang='lat' dir='ltr'><strong>undique</strong></span> <span class='ocrx_word' id='word_1_189' title='bbox 2084 3438 2253 3501; x_wconf 93' lang='lat' dir='ltr'><strong>puro</strong></span> 
     </span>
     <span class='ocr_line' id='line_1_28' title="bbox 504 3531 2266 3620; baseline -0.003 -22"><span class='ocrx_word' id='word_1_190' title='bbox 504 3535 807 3620; x_wconf 87' lang='lat' dir='ltr'><strong>Iuppiter</strong></span> <span class='ocrx_word' id='word_1_191' title='bbox 834 3533 903 3597; x_wconf 91' lang='lat' dir='ltr'><strong>in</strong></span> <span class='ocrx_word' id='word_1_192' title='bbox 931 3541 1147 3598; x_wconf 84' lang='lat' dir='ltr'><strong>terras</strong></span> <span class='ocrx_word' id='word_1_193' title='bbox 1175 3532 1424 3597; x_wconf 92' lang='lat' dir='ltr'><strong>fulmen</strong></span> <span class='ocrx_word' id='word_1_194' title='bbox 1454 3533 1846 3618; x_wconf 88' lang='lat' dir='ltr'><strong>sonitusque</strong></span> <span class='ocrx_word' id='word_1_195' title='bbox 1874 3531 2266 3617; x_wconf 82' lang='lat' dir='ltr'><strong>profundit?</strong></span> 
     </span>
     <span class='ocr_line' id='line_1_29' title="bbox 509 3645 2304 3733; baseline -0.004 -19"><span class='ocrx_word' id='word_1_196' title='bbox 509 3671 595 3714; x_wconf 91' lang='lat' dir='ltr'><strong>an</strong></span> <span class='ocrx_word' id='word_1_197' title='bbox 622 3648 815 3713; x_wconf 92' lang='lat' dir='ltr'><strong>simul</strong></span> <span class='ocrx_word' id='word_1_198' title='bbox 845 3670 923 3711; x_wconf 87' lang='lat' dir='ltr'><strong>ac</strong></span> <span class='ocrx_word' id='word_1_199' title='bbox 950 3649 1167 3714; x_wconf 88' lang='lat' dir='ltr'><strong>nubes</strong></span> <span class='ocrx_word' id='word_1_200' title='bbox 1197 3669 1586 3712; x_wconf 86' lang='lat' dir='ltr'><strong>successere</strong></span> <span class='ocrx_word' id='word_1_201' title='bbox 1606 3696 1622 3723; x_wconf 93' lang='lat'>‚</span> <span class='ocrx_word' id='word_1_202' title='bbox 1642 3648 1788 3733; x_wconf 90' lang='lat' dir='ltr'><strong>ipse</strong></span> <span class='ocrx_word' id='word_1_203' title='bbox 1814 3645 1883 3710; x_wconf 92' lang='lat' dir='ltr'><strong>in</strong></span> <span class='ocrx_word' id='word_1_204' title='bbox 1915 3667 2027 3710; x_wconf 91' lang='lat' dir='ltr'><strong>eas</strong></span> <span class='ocrx_word' id='word_1_205' title='bbox 2056 3655 2197 3711; x_wconf 91' lang='lat' dir='ltr'><strong>tum</strong></span> <span class='ocrx_word' id='word_1_206' title='bbox 2293 3694 2304 3707; x_wconf 91' lang='lat'><strong>.</strong></span> 
     </span>
     <span class='ocr_line' id='line_1_30' title="bbox 511 3741 2238 3851; baseline -0.004 -22"><span class='ocrx_word' id='word_1_207' title='bbox 511 3762 863 3829; x_wconf 88' lang='lat' dir='ltr'><strong>descendit</strong></span> <span class='ocrx_word' id='word_1_208' title='bbox 881 3812 895 3838; x_wconf 89' lang='lat'>‚</span> <span class='ocrx_word' id='word_1_209' title='bbox 919 3785 1134 3851; x_wconf 90' lang='lat' dir='ltr'><strong>prope</strong></span> <span class='ocrx_word' id='word_1_210' title='bbox 1161 3770 1239 3830; x_wconf 90' lang='lat' dir='ltr'><strong>ut</strong></span> <span class='ocrx_word' id='word_1_211' title='bbox 1264 3741 1425 3828; x_wconf 82' lang='lat' dir='ltr'><strong>hinc</strong></span> <span class='ocrx_word' id='word_1_212' title='bbox 1450 3763 1566 3828; x_wconf 92' lang='lat' dir='ltr'><strong>teli</strong></span> <span class='ocrx_word' id='word_1_213' title='bbox 1597 3761 1995 3830; x_wconf 85' lang='lat' dir='ltr'><strong>determinet</strong></span> <span class='ocrx_word' id='word_1_214' title='bbox 2020 3761 2238 3825; x_wconf 82' lang='lat' dir='ltr'><strong>ictus?</strong></span> 
     </span>
     <span class='ocr_line' id='line_1_31' title="bbox 507 3875 2184 3966; baseline -0.002 -23"><span class='ocrx_word' id='word_1_215' title='bbox 507 3880 576 3943; x_wconf 92' lang='lat' dir='ltr'><strong>in</strong></span> <span class='ocrx_word' id='word_1_216' title='bbox 604 3899 786 3942; x_wconf 90' lang='lat' dir='ltr'><strong>mare</strong></span> <span class='ocrx_word' id='word_1_217' title='bbox 818 3900 950 3964; x_wconf 88' lang='lat' dir='ltr'><strong>qua</strong></span> <span class='ocrx_word' id='word_1_218' title='bbox 977 3900 1183 3964; x_wconf 87' lang='lat' dir='ltr'><strong>porro</strong></span> <span class='ocrx_word' id='word_1_219' title='bbox 1212 3879 1416 3942; x_wconf 91' lang='lat' dir='ltr'><strong>mittit</strong></span> <span class='ocrx_word' id='word_1_220' title='bbox 1444 3877 1703 3966; x_wconf 82' lang='lat' dir='ltr'><strong>ratione</strong></span> <span class='ocrx_word' id='word_1_221' title='bbox 1720 3877 1753 3938; x_wconf 82' lang='lat'>?</span> <span class='ocrx_word' id='word_1_222' title='bbox 1776 3875 1940 3961; x_wconf 91' lang='lat' dir='ltr'><strong>quid</strong></span> <span class='ocrx_word' id='word_1_223' title='bbox 1967 3875 2184 3939; x_wconf 87' lang='lat' dir='ltr'><strong>undas</strong></span> 
     </span>
    </p>
   </div>
   <div class='ocr_carea' id='block_1_3' title="bbox 510 4083 911 4092">
    <p class='ocr_par' dir='ltr' id='par_1_10' title="bbox 510 4083 911 4092">
     <span class='ocr_line' id='line_1_32' title="bbox 510 4083 911 4092; baseline 0 916"><span class='ocrx_word' id='word_1_224' title='bbox 510 4083 911 4092; x_wconf 95' lang='lat' dir='ltr'><strong> </strong></span> 
     </span>
    </p>
   </div>
   <div class='ocr_carea' id='block_1_4' title="bbox 515 4179 2738 4429">
    <p class='ocr_par' dir='ltr' id='par_1_11' title="bbox 515 4179 2738 4429">
     <span class='ocr_line' id='line_1_33' title="bbox 515 4179 2737 4262; baseline -0.003 -15"><span class='ocrx_word' id='word_1_225' title='bbox 515 4201 613 4248; x_wconf 80' lang='grc'><strong>375</strong></span> <span class='ocrx_word' id='word_1_226' title='bbox 652 4211 746 4246; x_wconf 87' lang='lat' dir='ltr'><strong>eos</strong></span> <span class='ocrx_word' id='word_1_227' title='bbox 780 4201 1043 4262; x_wconf 88' lang='lat' dir='ltr'><strong>tempore</strong></span> <span class='ocrx_word' id='word_1_228' title='bbox 1076 4192 1113 4261; x_wconf 79' lang='grc' dir='ltr'><strong>ΙΙ</strong></span> <span class='ocrx_word' id='word_1_229' title='bbox 1151 4197 1248 4243; x_wconf 88' lang='grc'><strong>376</strong></span> <span class='ocrx_word' id='word_1_230' title='bbox 1287 4193 1366 4245; x_wconf 89' lang='lat' dir='ltr'><strong>cie</strong></span> <span class='ocrx_word' id='word_1_231' title='bbox 1420 4193 1441 4261; x_wconf 84' lang='grc' dir='ltr'><strong>ΙΙ</strong></span> <span class='ocrx_word' id='word_1_232' title='bbox 1497 4198 1592 4244; x_wconf 83' lang='grc'><strong>377</strong></span> <span class='ocrx_word' id='word_1_233' title='bbox 1631 4190 1792 4244; x_wconf 87' lang='lat' dir='ltr'><strong>bellio</strong></span> <span class='ocrx_word' id='word_1_234' title='bbox 1848 4191 1868 4262; x_wconf 81' lang='grc' dir='ltr'><strong>ΙΙ</strong></span> <span class='ocrx_word' id='word_1_235' title='bbox 1924 4195 2020 4243; x_wconf 82' lang='lat'><strong>382</strong></span> <span class='ocrx_word' id='word_1_236' title='bbox 2057 4189 2247 4242; x_wconf 87' lang='lat' dir='ltr'><strong>menti.</strong></span> <span class='ocrx_word' id='word_1_237' title='bbox 2283 4189 2303 4256; x_wconf 92' lang='grc' dir='ltr'><strong>ΙΙ</strong></span> <span class='ocrx_word' id='word_1_238' title='bbox 2344 4193 2440 4240; x_wconf 84' lang='grc'><strong>383</strong></span> <span class='ocrx_word' id='word_1_239' title='bbox 2478 4191 2688 4240; x_wconf 78' lang='lat' dir='ltr'><strong>utramc·</strong></span> <span class='ocrx_word' id='word_1_240' title='bbox 2720 4179 2737 4246; x_wconf 84' lang='grc' dir='ltr'><strong>ΙΙ</strong></span> 
     </span>
     <span class='ocr_line' id='line_1_34' title="bbox 517 4261 2738 4344; baseline -0.005 -13"><span class='ocrx_word' id='word_1_241' title='bbox 517 4284 615 4334; x_wconf 80' lang='grc'><strong>384</strong></span> <span class='ocrx_word' id='word_1_242' title='bbox 651 4278 736 4330; x_wconf 86' lang='lat' dir='ltr'><strong>hic</strong></span> <span class='ocrx_word' id='word_1_243' title='bbox 791 4277 812 4343; x_wconf 88' lang='grc' dir='ltr'><strong>ΙΙ</strong></span> <span class='ocrx_word' id='word_1_244' title='bbox 867 4281 963 4328; x_wconf 84' lang='grc'><strong>385</strong></span> <span class='ocrx_word' id='word_1_245' title='bbox 1004 4274 1245 4328; x_wconf 85' lang='lat' dir='ltr'><strong>catulerit</strong></span> <span class='ocrx_word' id='word_1_246' title='bbox 1298 4274 1318 4344; x_wconf 87' lang='grc' dir='ltr'><strong>ΙΙ</strong></span> <span class='ocrx_word' id='word_1_247' title='bbox 1373 4281 1472 4328; x_wconf 83' lang='grc'><strong>386</strong></span> <span class='ocrx_word' id='word_1_248' title='bbox 1508 4275 1755 4329; x_wconf 88' lang='lat' dir='ltr'><strong>fulmines</strong></span> <span class='ocrx_word' id='word_1_249' title='bbox 1792 4274 1812 4341; x_wconf 88' lang='grc' dir='ltr'><strong>ΙΙ</strong></span> <span class='ocrx_word' id='word_1_250' title='bbox 1860 4280 1957 4327; x_wconf 84' lang='grc'><strong>389</strong></span> <span class='ocrx_word' id='word_1_251' title='bbox 1995 4292 2100 4344; x_wconf 89' lang='lat' dir='ltr'><strong>quo</strong></span> <span class='ocrx_word' id='word_1_252' title='bbox 2137 4275 2348 4343; x_wconf 89' lang='lat' dir='ltr'><strong>inquest</strong></span> <span class='ocrx_word' id='word_1_253' title='bbox 2383 4274 2403 4341; x_wconf 84' lang='grc' dir='ltr'><strong>ΙΙ</strong></span> <span class='ocrx_word' id='word_1_254' title='bbox 2441 4270 2690 4328; x_wconf 79' lang='lat' dir='ltr'><strong>voluntas</strong></span> <span class='ocrx_word' id='word_1_255' title='bbox 2720 4261 2738 4332; x_wconf 79' lang='grc' dir='ltr'><strong>ΙΙ</strong></span> 
     </span>
     <span class='ocr_line' id='line_1_35' title="bbox 519 4358 1842 4429; baseline -0.002 -16"><span class='ocrx_word' id='word_1_256' title='bbox 519 4367 614 4413; x_wconf 82' lang='lat'><strong>393</strong></span> <span class='ocrx_word' id='word_1_257' title='bbox 654 4360 870 4413; x_wconf 89' lang='lat' dir='ltr'><strong>concius</strong></span> <span class='ocrx_word' id='word_1_258' title='bbox 907 4359 929 4427; x_wconf 85' lang='grc' dir='ltr'><strong>ΙΙ</strong></span> <span class='ocrx_word' id='word_1_259' title='bbox 965 4365 1060 4411; x_wconf 89' lang='grc'><strong>401</strong></span> <span class='ocrx_word' id='word_1_260' title='bbox 1101 4358 1430 4429; x_wconf 85' lang='lat' dir='ltr'><strong>Iuppiterras</strong></span> <span class='ocrx_word' id='word_1_261' title='bbox 1466 4359 1486 4427; x_wconf 86' lang='grc' dir='ltr'><strong>ΙΙ</strong></span> <span class='ocrx_word' id='word_1_262' title='bbox 1524 4365 1622 4412; x_wconf 83' lang='grc'><strong>402</strong></span> <span class='ocrx_word' id='word_1_263' title='bbox 1663 4359 1713 4410; x_wconf 87' lang='lat' dir='ltr'><strong>in</strong></span> <span class='ocrx_word' id='word_1_264' title='bbox 1752 4374 1842 4411; x_wconf 87' lang='lat' dir='ltr'><strong>aes</strong></span> 
     </span>
    </p>
   </div>
  </div>
 </body>
</html>
