2840 5008
438 395 529 461 94
1514 396 1610 463 III

433 566 587 630 inde
618 567 731 631 ubi
759 545 1055 630 robustis
1086 566 1381 631 adolevit
1406 568 1658 634 viribus
1689 579 1903 646 aetaS‚

290 698 386 744 450
433 681 776 774 consilium
808 703 1079 766 quoque
1108 682 1317 745 maius
1347 690 1416 746 et
1446 685 1702 748 auctior
1734 693 1839 750 est
1867 687 2059 750 animi
2090 689 2222 751 vis:

433 805 592 881 post
618 796 731 860 ubi
760 797 890 859 iam
917 795 1155 860 validis
1185 805 1573 880 quassatum
1605 807 1709 863 est
1735 801 1986 865 viribus
2016 810 2161 865 aevi

432 933 679 997 corpus
711 919 779 975 et
795 906 1067 975 'obtusis
1099 910 1485 976 ceciderunt
1513 913 1764 979 viribus
1794 924 1980 980 artus
2002 966 2017 992 ,

433 1024 761 1108 claudicat
787 1025 1120 1110 ingenium
1140 1074 1154 1101 ‚
1181 1025 1420 1090 delirat
1447 1027 1672 1114 lingua
1690 1078 1704 1105 ,
1727 1030 1909 1094 labat
1934 1052 2121 1094 mens
2139 1080 2153 1106 ‚

434 1141 653 1205 omnia
682 1140 997 1205 deficiunt
1026 1149 1230 1225 atque
1257 1164 1392 1205 uno
1423 1150 1725 1227 tempore
1757 1143 2029 1208 desunt.

288 1274 384 1318 455
432 1277 591 1341 ergo
624 1255 901 1320 dissolui
932 1277 1201 1340 quoque
1233 1258 1546 1321 convenit
1576 1279 1835 1322 omnem
1855 1260 2103 1322 animai

437 1378 776 1445 naturam,
802 1391 923 1433 ceu
956 1369 1173 1435 fumus
1194 1420 1209 1445 ‚
1230 1372 1298 1434 in
1329 1372 1498 1435 altas
1530 1373 1701 1436 aeris
1733 1394 1963 1451 auras3

432 1484 978 1571 quandoquidem
1007 1485 1187 1569 gigni
1215 1486 1467 1571 pariter
1495 1488 1878 1572 pariterque
1906 1488 2207 1553 videmus

434 1621 738 1665 crescere
771 1607 868 1674 et,
888 1606 967 1662 ut
998 1597 1228 1674 docui,
1251 1600 1443 1665 simul
1474 1622 1639 1665 aevo
1667 1602 1848 1667 fessa
1874 1602 2127 1667 fatisci.

512 1715 664 1791 Huc
694 1713 952 1777 accedit
979 1716 1078 1778 uti
1104 1714 1450 1780 videamus
1469 1766 1484 1791 ‚
1509 1739 1754 1802 corpus
1784 1725 1861 1781 ut
1886 1718 2103 1803 ipsum

288 1848 384 1894 460
431 1830 768 1915 suscipere
796 1830 1076 1893 inmanis
1105 1830 1376 1893 morbos
1408 1829 1780 1916 durumque
1812 1832 2111 1897 dolorem
2131 1883 2145 1902 ,

432 1946 526 2009 sic
557 1944 843 2007 animum
874 1966 1067 2008 curas
1099 1944 1269 2007 acris
1300 1944 1684 2030 luctumque
1713 1956 2125 2033 metumquex,

435 2041 641 2145 quare
672 2059 1058 2144 participem
1087 2059 1201 2123 leti
1232 2081 1504 2144 quoque
1535 2063 1848 2127 convenit
1878 2079 2055 2127 esse.

439 2175 599 2259 quin
631 2173 826 2237 etiam
852 2174 1103 2238 morbis
1129 2175 1198 2237 in
1229 2177 1531 2260 corporis
1561 2176 1959 2241 avius·errat

433 2311 635 2376 saepe
665 2290 951 2352 animus:
978 2287 1296 2352 dementit
1325 2290 1495 2352 enim
1525 2289 1868 2376 deliraque
1896 2293 2105 2364 fatur,

288 2421 385 2468 465
429 2406 602 2469 inter
633 2404 925 2488 dumque
953 2404 1142 2488 gravi
1167 2403 1474 2487 lethargo
1504 2404 1718 2468 fertur
1746 2406 1814 2468 in
1844 2408 2050 2471 altum

432 2527 908 2604 aeternumque
938 2540 1249 2604 soporem
1278 2519 1487 2583 oculis
1516 2527 1816 2605 nutuque
1848 2522 2144 2594 cadentiz,

430 2633 610 2698 unde
637 2655 856 2718 neque
888 2633 1163 2697 exaudit
1190 2656 1393 2698 voces
1424 2655 1547 2696 1100
1576 2656 1859 2727 noscere
1889 2637 2113 2700 voltus

429 2749 689 2811 illorum
718 2749 898 2832 potis
931 2757 1068 2826 est,
1092 2749 1180 2814 ad
1210 2750 1411 2814 vitam
1444 2749 1557 2834 qui
1585 2759 1977 2816 revocantes

434 2864 679 2927 circum
709 2870 891 2928 stant
917 2865 1199 2929 lacrimis
1229 2871 1535 2927 rorantes
1566 2886 1686 2928 ora
1714 2887 2085 2952 genasque.

287 2996 383 3042 470
429 2999 637 3064 quare
667 2977 951 3064 animum
984 2999 1252 3063 quoque
1283 2977 1559 3041 dissolui
1588 2977 1842 3042 fateare
1872 2990 2241 3054 necessest,
2291 2995 2300 3002 ‘

437 3091 977 3179 quandoquidem
1006 3097 1365 3177 penetrant
1391 3091 1461 3152 in
1492 3111 1637 3153 eum
1669 3094 1977 3176 contagia
2001 3094 2241 3156 morbi:

432 3229 585 3270 110111
615 3206 810 3269 dolor
840 3227 917 3269 ac
946 3205 1216 3268 morbus
1246 3204 1358 3267 leti
1387 3203 1751 3267 fabricator
1779 3213 2158 3290 uterquest3

430 3320 789 3384 multorum
819 3318 1020 3382 exitio
1051 3317 1358 3403 perdocti
1390 3317 1578 3404 quod
1606 3341 1831 3383 sumus
1864 3326 2048 3384 ante.

288 3453 386 3499 476
432 3434 721 3518 denique
753 3453 870 3496 cor
888 3480 903 3507 ‚
924 3431 1258 3496 hominem
1287 3455 1436 3497 cum
1463 3434 1600 3497 vini
1628 3434 1729 3497 vis
1759 3435 2135 3520 penetravit

435 3549 606 3614 acris
637 3558 705 3612 et
730 3549 799 3611 in
825 3568 1034 3611 venas
1065 3547 1376 3612 discessit
1405 3547 1658 3612 diditus
1690 3549 1922 3625 ardor,

435 3664 867 3750 consequitur
896 3662 1190 3748 gravitas
1219 3664 1662 3728 membrorum
1682 3714 1697 3742 ‚
1720 3664 2245 3751 praepediuntur

436 3801 632 3843 crura
657 3779 1024 3855 vacillanti,
1046 3777 1374 3843 tardescit
1402 3779 1627 3864 lingua
1644 3830 1659 3856 ,
1681 3781 1908 3845 madet
1935 3803 2119 3844 mens
2136 3831 2150 3855 ‚

271 3911 386 3959 ,480
429 3902 595 3958 nant
625 3895 799 3957 oculi
817 3944 831 3970 ,
857 3895 1102 3958 clamor
1133 3893 1703 3979 singultus-iurgia
1730 3897 2043 3979 gliscunt,

439 4213 539 4260 449
576 4207 811 4260 rubustis
865 4207 884 4274 ΙΙ
940 4212 1050 4258 450-
1077 4213 1258 4258 auctor
1312 4206 1332 4274 ΙΙ
1386 4212 1484 4258 453
1522 4206 1665 4260 labat
1700 4215 1963 4262 omissum.
2026 4208 2047 4276 ΙΙ
2101 4214 2199 4260 456
2237 4209 2372 4261 aeris
2427 4210 2446 4277 ΙΙ
2500 4216 2600 4261 458
2638 4217 2697 4262 ut

439 4299 706 4346 omissum.
741 4291 760 4360 ΙΙ
798 4289 979 4343 factis.
1016 4290 1035 4358 Η
1072 4295 1168 4341 462
1195 4290 1505 4359 partieidem
1542 4291 1561 4359 ΙΙ
1588 4296 1687 4343 470
1713 4289 1882 4344 fatere
1920 4292 1939 4360 ΙΙ
1975 4298 2073 4344 472
2100 4292 2257 4362 polor
2282 4294 2301 4361 Η
2328 4299 2647 4345 474=510.
2675 4294 2695 4361 ΙΙ

441 4380 539 4426 475
578 4373 651 4426 Et
685 4374 885 4443 pariter
921 4379 1148 4425 mentem
1185 4373 1360 4424 sanari
1397 4390 1593 4442 corpus
1630 4373 1797 4425 inani.
1837 4375 1855 4442 ΙΙ
1894 4381 1993 4428 479
2031 4375 2323 4428 vaciliaanti
