2840 5008
339 682 433 728 145
479 686 743 752 semper
772 667 945 730 enim
973 688 1296 731 summum
1328 667 1650 755 quicquid
1679 667 1765 732 de
1794 669 1995 732 rebus
2027 668 2358 745 abundat,

484 780 668 865 quod
697 782 1067 847 iaculentur
1087 833 1100 846 .
1127 792 1194 848 et
1222 783 1354 849 hoc
1385 785 1548 848 alias
1578 805 1728 849 cum
1757 784 2063 870 pervenit
2088 785 2158 848 in
2186 805 2327 858 res,

482 896 723 959 transit
742 946 756 973 ,
777 904 854 960 ut
881 898 949 961 in
979 899 1205 986 primis
1236 908 1526 976 vestem:
1549 898 1671 963 sed
1701 899 1814 962 ubi
1843 919 2086 984 aspera
2113 920 2280 963 saxa

486 1019 603 1074 aut
629 1011 696 1075 in
726 1014 1066 1078 materiam
1096 1005 1254 1100 ligni
1284 1014 1595 1099 pervenit
1613 1064 1627 1090 ,
1648 1014 1739 1080 ibi
1768 1014 1897 1077 iam

484 1126 811 1191 scinditur
829 1176 845 1202 ‚
869 1138 946 1192 ut
972 1129 1222 1194 nullum
1252 1129 1672 1194 simulacrum
1700 1127 1990 1193 reddere
2019 1130 2261 1213 possit.

346 1259 441 1305 150
485 1250 555 1305 at
584 1264 733 1306 cum
763 1243 1121 1330 splendida
1150 1267 1321 1330 quae
1353 1253 1669 1310 constant
1697 1252 1990 1332 opposta
2015 1242 2289 1307 fuerunt

489 1356 832 1442 densaque
851 1407 866 1432 ‚
889 1367 965 1423 ut
991 1359 1060 1423 in
1091 1360 1317 1446 primis
1348 1360 1694 1446 speculum
1723 1369 1827 1423 est
1844 1408 1861 1434 ‚
1883 1359 1980 1422 nil·
2003 1356 2247 1422 accidit
2273 1357 2556 1422 horum:

488 1494 642 1536 nam
668 1494 889 1557 neque
908 1523 922 1547 ‚
946 1474 1044 1536 uti
1072 1485 1326 1538 vestem
1344 1460 1367 1550 ‚'
1382 1475 1561 1559 potis
1593 1483 1697 1538 est
1727 1474 2012 1537 transire
2032 1523 2047 1547 ‚
2071 1494 2289 1558 neque
2321 1481 2548 1538 autem

491 1587 738 1664 scindi3
765 1610 960 1672 quam
990 1590 1281 1658 meminit
1307 1590 1496 1653 levor
1524 1597 1869 1674 praestare
1898 1589 2178 1652 salutem
2196 1637 2210 1650 .

494 1724 628 1788 qua
656 1711 936 1789 propter
965 1704 1040 1767 fit
1067 1714 1144 1768 ut
1172 1704 1327 1768 hinc
1356 1705 1551 1767 nobis
1583 1704 1935 1767 simulacra
1961 1701 2375 1767 redundent.

352 1834 446 1879 155
494 1825 561 1881 et
593 1818 892 1904 quamvis
922 1819 1145 1882 subito
1166 1868 1181 1894 ,
1207 1821 1446 1903 quovis
1475 1820 1543 1883 in
1573 1828 1876 1905 tempore
1895 1868 1910 1894 ,
1934 1839 2268 1902 quamque

495 1955 633 1997 rem
665 1940 902 1997 contra
931 1936 1273 2018 speculum
1302 1957 1515 2021 ponas
1534 1984 1549 2010 ‚
1573 1943 1856 2020 apparet
1885 1934 2132 2018 imag03

495 2056 821 2135 perpetuo
851 2045 1055 2113 'fluere
1091 2060 1165 2114 ut
1191 2072 1437 2114 noscas
1469 2072 1504 2113 e
1535 2070 1821 2136 corpore
1852 2069 2105 2111 summo

498 2173 800 2228 texturas
830 2186 1050 2229 rerum
1079 2167 1297 2230 tenuis
1325 2167 1680 2250 tenuisque
1708 2164 1956 2250 figuras
1976 2214 1989 2227 .

498 2300 658 2365 ergo
689 2280 898 2344 multa
925 2282 1112 2345 brevi
1143 2282 1362 2367 spatio
1395 2281 1747 2345 simulacra
1774 2287 2141 2366 genuntur‚

357 2411 451 2458 160
495 2402 572 2458 ut
597 2395 835 2459 merito
866 2396 1042 2460 celer
1070 2396 1174 2459 his
1202 2398 1405 2460 rebus
1437 2395 1701 2460 dicatur
1733 2396 1951 2481 origo.

502 2519 569 2575 et
599 2513 789 2596 quasi
819 2514 1025 2578 multa
1052 2514 1242 2578 brevi
1270 2514 1491 2599 spatio
1525 2513 1932 2576 summittere
1963 2510 2166 2574 debet

500 2628 746 2691 lumina
774 2630 907 2705 sol,
933 2638 1009 2694 ut
1036 2639 1362 2717 perpetuo
1393 2629 1525 2692 sint
1555 2627 1777 2690 omnia
1804 2628 2029 2712 plena,

504 2743 600 2806 sic
629 2744 713 2807 ab
742 2745 944 2808 rebus
972 2746 1131 2809 item
1159 2746 1350 2809 simili
1378 2745 1639 2809 ratione
1666 2750 2036 2806 necessestv

424 2854 429 2861 ’
503 2859 822 2944 temporis
850 2859 920 2922 in
949 2870 1199 2945 puncto
1230 2882 1450 2923 rerum
1482 2859 1834 2922 simulacra
1860 2857 2163 2921 ferantur

366 2990 460 3035 165
503 2973 713 3037 multa
740 2972 956 3037 modis
987 2976 1206 3038 multis
1235 2975 1303 3036 in
1334 2980 1612 3037 cunctas
1642 2972 1939 3058 undique
1969 2971 2208 3058 partis3

511 3087 1054 3174 quandoquidem
1085 3089 1425 3175 speculum
1460 3110 1593 3172 quo
1627 3109 1909 3173 cumque
1941 3085 2351 3150 obvertimus
2384 3084 2556 3158 oris,

509 3227 617 3268 res
647 3204 772 3266 sibi
799 3202 1218 3287 respondent
1248 3203 1438 3268 simili
1466 3202 1681 3266 forma
1709 3210 1912 3286 atque
1942 3201 2196 3265 colore.

597 3320 992 3404 [Praeterea
1019 3318 1221 3383 modo
1256 3342 1405 3383 cum
1432 3318 1634 3382 fuerit
1661 3315 2095 3402 liquidissima
2125 3315 2289 3379 caeli

510 3442 873 3521 tempestas
893 3483 907 3510 ,
932 3455 1253 3521 perquam
1281 3434 1506 3498 subito
1537 3434 1613 3497 fit
1639 3431 1911 3497 turbida
1939 3429 2137 3495 foede
2157 3479 2171 3504 ‚

370 3569 463 3615 170
507 3550 804 3636 undique
832 3549 929 3614 uti
956 3550 1270 3613 tenebras
1302 3550 1514 3613 omnis
1543 3548 1933 3613 Acherunta
1959 3547 2166 3610 rearis

511 3667 785 3753 liquisse
816 3675 881 3731 et
908 3687 1182 3753 magnas
1212 3665 1378 3729 caeli
1411 3664 1783 3750 complesse
1816 3683 2134 3726 cavernas
2153 3708 2167 3722 .

514 3805 728 3868 usquc
758 3784 930 3848 adeo
965 3790 1181 3848 taetra
1210 3781 1583 3845 nimborum
1612 3786 1811 3843 nocte
1842 3784 2076 3841 coorta

513 3899 883 3987 inpendent
912 3909 1097 3965 atrae
1126 3896 1497 3962 formidinis
1528 3916 1649 3959 ora
1677 3914 1998 3980 superne3

520 4037 801 4100 quorum
835 4014 1154 4100 quantula
1183 4034 1341 4098 pars
1372 4013 1462 4076 sit
1489 4012 1706 4094 imago
1738 4008 1962 4074 dicere
1992 4014 2255 4070 nemost

524 4206 927 4217 -ἐ-ι-ῤ-μῄ-

531 4343 623 4387 150
661 4332 909 4403 opposita
945 4332 965 4398 ΙΙ
1008 4338 1101 4383 152
1142 4335 1369 4401 possunt
1406 4328 1426 4393 Η
1476 4334 1564 4379 159
1602 4332 1880 4395 geruntur.
1913 4384 1918 4387 .
