2840 5008
508 386 640 452 146
1567 387 1660 453 111

502 570 612 623 aer
642 608 654 622 .
698 559 1005 642 exceptio
1036 567 1141 622 est
1169 561 1238 622 in
1267 562 1663 643 pronomine
1694 561 1947 646 duplici
1977 611 1991 635 ,
2036 571 2104 625 et
2147 584 2267 648 per
2309 572 2631 629 neutrum
2657 568 2731 630 in

503 658 771 721 duobus
800 658 1211 720 nominibus,
1233 656 1463 731 v1‚298
1492 658 1700 742 iyneus
1726 659 1836 722 ille
1882 661 2096 723 Vertex
2124 684 2304 747 quem
2321 664 2544 746 patrio
2571 666 2730 727 voci-

500 770 697 820 tamus
722 755 1218 842 nominefidmen
1234 803 1249 817 .
1268 777 1356 828 w,
1374 754 1498 816 369
1518 755 1591 817 id
1613 757 1778 841 quod
1803 779 1912 819 nos
1939 759 2218 821 umbram
2235 760 2572 843 perhibere
2594 773 2731 824 sue·-

498 880 632 920 mus
662 904 673 917 .
705 878 794 928 Vl,
811 853 933 918 702
962 877 1071 917 nos
1101 852 1285 937 quod
1296 853 1526 940 fauces
1543 854 1933 937 perhibemus
1961 867 2018 919 et
2043 880 2155 920 ora
2185 905 2197 918 .
2236 881 2333 930 111,
2357 859 2484 922 139
2524 861 2729 923 Consi·

499 960 647 1021 lium
684 1005 701 1034 ,
750 952 935 1039 quod
974 975 1084 1015 nos
1112 953 1382 1015 animum
1410 963 1780 1038 mentemque
1820 976 2103 1018 vocamus
2147 1003 2160 1018 .
2210 978 2250 1029 1,
2270 954 2354 1018 58
2384 955 2584 1035 Quae
2621 982 2731 1020 nos

497 1055 810 1118 materiem
840 1063 897 1114 et
914 1052 1207 1136 ymitalia
1237 1073 1500 1135 corpora
1529 1051 1707 1114 rebus
1934 1054 2269 1138 Appellare
2295 1065 2581 1118 suemus.
2605 1056 2728 1119 sed

501 1172 674 1238 quae
699 1149 1042 1213 Charisius
1073 1148 1321 1211 subicit
1342 1196 1357 1222 ,
1399 1148 1516 1210 Ubi
1551 1148 1751 1211 Velius
1774 1144 2355 1236 Lonyus‘primum’
2377 1155 2588 1239 inquit
2598 1148 2726 1217 ‘ad-

497 1251 839 1314 verbialiter
866 1248 1236 1311 audiendum
1265 1249 1361 1309 est’
1372 1294 1390 1326 ‚
1417 1268 1497 1309 ea
1519 1246 1706 1330 (nam
1730 1268 1908 1310 vana
1928 1247 2192 1332 profert
2213 1250 2728 1344 Lindemannus

501 1374 566 1437 p.
589 1349 667 1414 52
690 1371 752 1410 n.
784 1347 897 1429 18)
947 1367 1031 1408 ex
1059 1346 1277 1431 Longi
1314 1346 1381 1408 in
1414 1344 1716 1408 Aeneida
1759 1348 2254 1411 commentariis
2284 1350 2509 1432 petita
2540 1358 2729 1414 sunt.

496 1449 738 1512 horum
760 1446 935 1509 libro
960 1443 1261 1507 secundo
1287 1442 1632 1506 Charisius
1655 1464 1720 1526 p.
1747 1443 1865 1507 153
1889 1466 2053 1508 usus
2078 1452 2213 1508 est:
2247 1444 2334 1532 de
2356 1468 2572 1510 versu
2593 1448 2727 1510 Lu·

499 1546 801 1611 cretiano
830 1541 1066 1605 Velius
1108 1548 1595 1604 commentatus
1641 1561 1788 1604 esse
1831 1542 2056 1625 potuit
2089 1543 2178 1606 ad
2208 1544 2350 1607 eius
2380 1543 2544 1609 libri
2573 1568 2728 1610 ver-

499 1665 646 1708 sum
670 1643 749 1705 79
767 1689 782 1715 ,
806 1640 921 1705 ubi
946 1646 1051 1703 est
1073 1639 1211 1702 Hoc
1220 1641 1498 1724 primum
1529 1687 1540 1700 .
1581 1638 1867 1703 eundem
1905 1641 2136 1704 Velium
2154 1642 2220 1703 in
2241 1643 2452 1727 quinto
2479 1650 2730 1708 testem

497 1741 661 1804 facit
692 1738 1036 1802 Charisius
1067 1737 1230 1821 p.88
1265 1759 1278 1798 ε
1328 1736 1453 1800 sed
1496 1738 1637 1800 eius
1667 1738 1878 1801 verba
1918 1738 2016 1802 ita
2061 1739 2425 1803 scribenda
2455 1751 2623 1806 sunt
2650 1753 2732 1806 ut

496 1841 814 1926 leguntur
832 1837 900 1900 in
921 1836 1369 1921 grammaticis
1392 1835 2040 1901 Vindobonensibus
2064 1858 2126 1921 p.
2162 1837 2275 1901 110
2291 1884 2308 1901 .
2333 1859 2423 1901 ex
2449 1839 2632 1904 Velii
2663 1843 2731 1905 in

496 1937 770 2002 tertium
798 1933 1140 1998 Aeneidos
1171 1934 1653 1998 commentario
1692 1934 1910 2017 petita
1939 1943 2098 1998 sunt
2129 1957 2301 2020 quae
2329 1936 2551 2002 habet
2578 1940 2732 2003 Ma-

498 2036 782 2100 crobius·
801 2032 942 2097 Sat.
974 2056 1070 2108 111,
1089 2032 1159 2096 6.

661 2133 762 2198 95.
806 2154 1331 2207 mammemque
1386 2154 1767 2196 vocAruM
1823 2154 1961 2196 ssr
2019 2183 2032 2196 .
2088 2132 2423 2196 Marullus
2467 2157 2732 2200 110611-

499 2257 655 2299 TUM
686 2244 799 2296 est.

662 2330 760 2394 98.
793 2329 1118 2393 8111181111
1148 2346 1386 2387 Amin
1420 2371 1435 2386 .
1465 2326 1644 2388 Ante
1671 2325 1843 2389 haec
1873 2348 2140 2407 versum
2172 2347 2374 2391 unum
2407 2329 2522 2392 vel
2555 2352 2730 2415 pau-

496 2454 613 2496 cos
638 2428 972 2494 excidisse
994 2422 1418 2487 manifestum
1441 2431 1579 2485 est:
1610 2423 1735 2487 sed
1767 2446 1964 2510 quem
1989 2446 2258 2489 versum
2283 2427 2546 2491 habent
2569 2430 2732 2494 libri

491 2529 801 2615 impressi
830 2532 1100 2631 praeter
1122 2520 1654 2595 vetustissimos,
1686 2522 1928 2601 Quam
1905 2547 1957 2586 ιε
1982 2526 2172 2588 multa
2200 2527 2444 2611 quidem
2469 2531 2729 2612 sapien-

492 2641 618 2692 tum
646 2628 822 2690 turba
840 2604 1188 2710 palmum,
1238 2643 1386 2684 eum
1418 2640 1537 2683 cur
1565 2641 1761 2683 nemo
1795 2642 1834 2683 a
1864 2621 2243 2686 Michahele
2272 2624 2578 2688 Marullo
2609 2627 2730 2690 fic-

493 2735 635 2788 tum
666 2744 815 2786 esse
845 2720 1286 2794 intellexerit,
1329 2719 1444 2803 qui
1475 2740 1615 2781 rem
1648 2718 2227 2784 consideraverint
2254 2722 2729 2789 mirabuntur:

494 2842 619 2906 ego
637 2821 706 2882 in
727 2819 1101 2882 editoribus
1116 2818 1414 2881 Lucretii
1430 2817 1597 2881 nihil
1618 2817 1996 2881 mirandum
2017 2818 2193 2882 duco
2212 2868 2226 2882 .
2259 2821 2512 2904 primus
2531 2821 2727 2888 hunc

491 2938 761 2980 versum
793 2915 1008 2978 edidit
1035 2914 1492 2999 Hieronymus
1514 2916 1847 2978 Avantius
1869 2915 2285 2980 Veronensis
2314 2918 2382 2980 in
2411 2918 2725 2985 editione

392 3058 404 3068 .
490 3012 737 3078 Aldina
767 3059 783 3087 ,
826 3033 996 3095 quae
1025 3010 1283 3096 prodiit
1306 3032 1538 3075 mense
1567 3012 1926 3078 Decembri
1957 3016 2112 3078 anni
2141 3039 2234 3078 mn
2260 3040 2273 3078 ε
2324 3016 2622 3087 eundem
2652 3042 2722 3083 111

488 3110 790 3183 Iuntina,
816 3129 988 3193 quae
1019 3129 1196 3171 anno
1219 3131 1415 3171 mnxn
1439 3109 1768 3193 impressa
1791 3117 1928 3185 est,
1951 3111 2198 3176 Petrus
2223 3112 2576 3178 Candidus
2604 3139 2719 3180 ex-

492 3208 749 3281 hibuit,
783 3207 1054 3270 Marulli
1083 3228 1156 3270 se
1184 3208 1253 3270 in
1283 3207 1416 3270 hoc
1447 3229 1655 3291 opere
1687 3230 2037 3273 censuram
2068 3212 2485 3295 potissimum
2513 3234 2718 3279 secu-

492 3316 633 3370 tum
662 3303 1056 3389 professus.
1099 3326 1307 3391 ergo,
1340 3307 1655 3391 quoniam
1687 3307 1823 3370 duo
1856 3329 1993 3371 non
2023 3296 2392 3394 potuerunt
2420 3311 2718 3377 eundem

489 3423 760 3468 versum
780 3401 1040 3475 facere,
1064 3411 1181 3464 aut
1201 3404 1471 3467 Marulli
1496 3412 1601 3468 est
1624 3413 1742 3469 aut
1762 3408 2080 3471 Avantii.
2119 3409 2355 3494 atquin
2377 3410 2720 3475 Avantius

490 3524 628 3566 non
650 3506 727 3564 ut
749 3499 983 3564 debuit
995 3510 1296 3583 putarunt
1314 3501 1586 3585 scripsit
1608 3550 1623 3575 ,
1648 3502 1771 3565 sed
1781 3516 2035 3588 putaret
2049 3531 2070 3568 .·
2097 3504 2451 3590 idemque
2435 3528 2501 3568 m
2527 3507 2718 3572 libro

490 3623 563 3665 1v
588 3619 858 3663 versum
887 3603 1047 3681 post
1081 3596 1197 3660 102
1229 3597 1533 3661 additum
1560 3601 1658 3664 ita
1702 3610 2094 3687 corruptum
2141 3603 2334 3667 dedit
2355 3652 2370 3678 ,
2413 3627 2717 3689 corpora,

486 3722 585 3762 res
619 3698 842 3760 multas·
869 3719 1025 3782 quae
1052 3695 1294 3757 mittunt
1320 3717 1572 3779 corpore
1602 3710 1809 3782 aperto
1852 3747 1870 3779 ‚
1918 3722 2068 3764 cum
2115 3700 2299 3784 apud
2331 3701 2717 3768 Candidum

488 3802 678 3859 recte
706 3795 970 3879 legatur
999 3815 1097 3855 res
1122 3793 1391 3855 multae:
1436 3799 1505 3855 et
1533 3793 1601 3855 in
1633 3795 1868 3859 eodem
1897 3797 2072 3861 libro
2096 3806 2259 3882 post
2283 3820 2555 3862 versum
2590 3801 2715 3865 532

487 3890 816 3954 Avantius
847 3889 990 3951 sine
1019 3888 1155 3952 ullo
1187 3909 1389 3952 sensu
1417 3913 1614 3953 rauca
1639 3895 1767 3955 suis
1782 3941 1797 3967 ,
1821 3906 1878 3957 et
1900 3896 2015 3958 iter
2041 3897 2247 3959 reddit
2271 3919 2396 3982 qua
2423 3921 2537 3961 vox
2568 3901 2623 3962 it
2648 3903 2714 3962 in

488 4010 678 4052 auras
714 4034 732 4064 ,
780 3983 1127 4048 Candidus
1159 3993 1380 4049 autem
1427 3987 1779 4052 emendate
1812 3991 2033 4055 Rauca
2075 3995 2188 4056 viis
2232 4005 2289 4057 et
2329 3995 2445 4058 iter
2488 3997 2712 4061 laedit.

487 4086 637 4172 quis
663 4084 867 4169 igitur
899 4080 1211 4146 dubitare
1240 4090 1475 4166 potest
1502 4085 1662 4168 quin
1684 4086 2012 4151 Avantius
2036 4138 2051 4163 ‚
2083 4091 2197 4175 qui
2228 4112 2301 4154 se
2334 4096 2713 4177 corruptis-

485 4185 719 4248 simum
767 4178 1065 4242 Lucretii
1103 4186 1344 4263 poema
1391 4181 1532 4244 sine
1579 4183 1856 4268 antiquo
1901 4187 2262 4271 exemplari
2307 4190 2712 4255 emendasse

483 4279 719 4344 scribit
747 4325 763 4353 ,
800 4284 867 4340 et
895 4276 1022 4339 hos
1054 4284 1123 4340 et
1152 4283 1416 4341 ceteros
1446 4299 1664 4343 novos
1695 4302 1934 4346 versus
1962 4284 2255 4368 itemque
2288 4287 2708 4352 emendatio-

482 4399 602 4441 nes
639 4377 1020 4440 innumeras
1051 4374 1340 4441 Marullo
1386 4374 1635 4441 debeat
1662 4426 1678 4453 ,
1724 4379 1848 4443 sed
1890 4381 2182 4445 noluerit
2209 4382 2503 4447 Marullo
2545 4386 2708 4449 vivo
