2840 5008
1147 341 1209 407 ΙΙ
2210 344 2250 410 6
2268 344 2297 410 l

36 518 302 582 floribus
334 516 744 579 umbrantes
774 519 1047 576 matrem
1078 513 1520 598 comitumque
1552 521 1883 583 catervas,

36 632 130 696 hic
158 637 439 696 armata
469 650 708 692 manus
726 677 740 703 ,
767 628 1043 691 Curetas
1071 628 1332 690 nomine
1364 628 1526 692 Grai

38 768 192 830 quos
222 752 628 807 memorant
654 742 984 827 Phrygios
1003 791 1018 816 ‚
1041 743 1215 805 inter
1244 763 1316 804 88
1345 742 1523 807 forte
1555 746 1737 829 quod
1768 751 1965 813 armis

34 861 261 925 ludunt
287 860 365 922 in
399 877 884 941 numerumque
917 855 1219 918 exultant
1247 856 1760 941 sanguinolenti,

34 975 347 1039 terrificas
383 973 685 1057 capitum
714 971 1087 1054 quatientes
1116 970 1379 1033 nomine
1412 973 1680 1050 cristaS,

33 1092 342 1154 Dictaeos
373 1086 693 1150 referunt
721 1085 1000 1148 Curetas
1018 1134 1032 1160 ‚
1061 1084 1175 1169 qui
1200 1085 1378 1148 Iovis
1407 1086 1589 1151 illum

31 1205 315 1290 vagitum
343 1203 424 1265 in
462 1201 668 1265 Creta
696 1197 1031 1284 quondam
1060 1200 1435 1263 occultasse
1462 1200 1795 1279 feruntur,

34 1300 165 1381 cum
190 1316 397 1404 pueri
431 1315 684 1378 circum
711 1335 985 1398 puerum
1013 1314 1281 1398 pernice
1311 1313 1560 1379 chorea

34 1433 294 1497 armatei
323 1433 403 1495 in
434 1450 786 1492 numerum
811 1428 1159 1514 pulsarent
1187 1429 1451 1493 aeribus
1482 1452 1663 1507 aera,

29 1569 101 1609 ne
128 1548 480 1610 Saturnus
513 1564 664 1606 eum
690 1542 874 1606 malis
902 1542 1253 1607 mandaret
1282 1543 1572 1630 adeptus

28 1671 513 1745 aeternumque
547 1657 739 1725 daret
764 1657 958 1720 matri
988 1657 1110 1721 sub
1141 1665 1418 1743 pectore
1447 1660 1717 1724 volnus
1779 1666 1782 1669 ’

26 1784 382 1861 propterea
412 1793 730 1857 magnam
762 1772 994 1834 armati
1021 1779 1300 1835 matrem
1329 1773 1753 1852 comitantur,

29 1897 129 1953 aut
156 1890 316 1974 quia
347 1885 743 1972 significant
773 1884 1407 1970 divampraedicere
1435 1895 1511 1951 ut
1540 1890 1737 1953 armis

30 2026 93 2067 ac
117 2005 374 2068 virtute
408 2001 632 2064 velint
658 2000 938 2083 patriam
970 1999 1331 2064 defendere
1362 2009 1638 2078 terram,

27 2116 503 2200 praesidioque
534 2121 774 2198 parent
801 2113 1161 2198 decorique
1189 2117 1579 2200 parentibus
1611 2139 1784 2185 esse.

30 2253 179 2314 quae
207 2233 393 2315 bene
429 2236 502 2293 et
537 2227 770 2290 eximie
800 2228 1101 2311 quamvis
1132 2228 1439 2315 disposta
1466 2231 1768 2297 ferantur
1786 2285 1800 2310 ,

29 2343 206 2430 longe
237 2352 412 2409 sunt
445 2350 678 2407 tamen
708 2362 748 2404 a
775 2352 939 2405 vera
965 2342 1224 2406 ratione
1254 2346 1549 2430 repulsa.

29 2460 218 2524 omnis
249 2459 443 2524 enim
474 2477 603 2543 per
632 2477 705 2520 se
736 2455 957 2520 divom
986 2464 1226 2521 natura
1254 2470 1599 2526 necessest

26 2573 340 2639 imnortali
374 2594 559 2636 aevo
592 2592 843 2635 summa
873 2593 1019 2634 cum
1050 2594 1215 2657 pace
1243 2573 1507 2637 fruatur

29 2697 262 2753 semota
291 2690 382 2753 ab
417 2686 683 2750 nostris
712 2687 913 2750 rebus
945 2686 1375 2772 seiunctaque
1405 2689 1635 2774 longe:

27 2824 157 2865 nam
180 2805 468 2888 privata
500 2799 737 2863 dolore
768 2800 977 2875 omni,
999 2800 1261 2885 privata
1290 2804 1555 2887 periclis
1573 2853 1588 2878 ,

27 2914 150 2999 ipsa
176 2918 318 2980 suis
348 2914 632 3000 pollens
664 2913 900 2997 opibus
920 2963 933 2988 ‚
959 2914 1049 2976 nil
1075 2913 1301 3000 indiga
1326 2918 1573 2992 nostri,

28 3051 128 3093 nec
153 3033 324 3095 bene
359 3027 758 3115 promeritis
788 3027 1044 3111 capitur
1073 3049 1291 3112 neque
1323 3032 1617 3115 tangitur
1645 3033 1768 3097 ira.

27 3149 181 3208 terra
209 3144 505 3231 quidem
534 3162 698 3204 vero
732 3149 914 3204 caret
944 3142 1120 3205 omni
1150 3149 1449 3228 tempore
1480 3167 1710 3222 sensn,

32 3267 82 3320 et
107 3261 257 3342 quia
282 3258 666 3322 multarum
696 3256 949 3341 potitur
977 3256 1339 3340 primordia
1365 3280 1615 3334 rerum,
2142 3311 2172 3339 ‚

30 3373 204 3436 multa
228 3372 470 3438 modis
501 3370 726 3433 multis
760 3369 947 3433 effert
973 3370 1041 3431 in
1071 3370 1315 3433 lumina
1345 3372 1536 3435 solis,

29 3482 113 3546 hic
139 3489 350 3571 siquis
382 3504 580 3549 mare
610 3482 994 3568 Neptunum
1025 3482 1465 3570 Cereremque
1495 3509 1739 3551 vocare

29 3602 349 3679 constituit
379 3597 628 3682 fruges
661 3604 728 3660 et
754 3597 1001 3661 Bacchi
1030 3598 1294 3661 nomine
1326 3596 1514 3663 abuti

26 3715 245 3782 mavolt
276 3735 499 3799 quam
528 3710 747 3774 laticis
778 3712 1120 3796 proprium
1149 3713 1453 3796 proferre
1482 3736 1834 3792 vocamen,

26 3827 458 3892 concedamus
491 3832 571 3888 ut
598 3824 709 3887 hic
740 3822 1064 3888 terrarum
1093 3825 1355 3890 dictitet
1384 3829 1613 3891 orbem

12 3959 149 4008 ‚esse
177 3941 381 4005 deum
413 3946 705 4003 matrem
725 3988 739 4014 ,
764 3937 921 4001 dum
951 3960 1109 4002 vera
1137 3961 1211 4002 re
1240 3949 1463 4005 tamen
1490 3942 1635 4028 ipse

28 4219 106 4267 (528
138 4226 375 4271 caterva.
433 4218 456 4286 ΙΙ
509 4220 613 4267 630
652 4215 792 4267 forte
825 4222 1095 4269 catervas,
1144 4217 1163 4284 ΙΙ
1217 4224 1309 4269 631
1349 4221 1606 4289 sanguine
1640 4221 1777 4274 fleti.
1813 4221 1833 4289 ΙΙ
1872 4226 1968 4274 632
2006 4226 2217 4277 numine
2255 4227 2275 4295 ΙΙ

28 4301 105 4349 636
138 4301 328 4355 Armat
367 4307 427 4354 et
464 4301 523 4351 in
561 4314 836 4350 numerum
872 4297 1087 4366 pernice
1121 4300 1337 4354 chorea.
1375 4304 1394 4372 ΙΙ
1434 4308 1530 4355 637
1560 4303 1748 4358 Armat
1782 4304 1803 4373 Η
1840 4310 1938 4357 656
1977 4306 2277 4360 Constituet
