2840 5008
1185 391 1249 458 V
2090 423 2093 428 -
2175 381 2313 449 333

111 582 492 668 Naugerius
533 576 703 641 rabie
746 574 1034 638 distracta
1074 570 1388 632 minantur
1410 613 1423 627 .
1470 569 1538 627 et
1579 584 1628 625 M
1644 584 1668 624 1
1683 581 1843 624 mm
1857 581 1952 624 ru
1965 582 2008 622 R
2050 558 2320 643 quidem

113 685 248 747 sine
294 675 722 743 dubitatione
751 666 1182 736 scribendum
1215 671 1371 739 est,
1412 669 1497 726 ut
1522 660 1612 725 ad
1652 662 1846 736 ricta,
1889 657 2023 721 hoo
2067 665 2173 721 est
2201 671 2324 721 ora

113 782 246 844 sive
278 778 464 841 labia
492 793 757 845 eanum,
787 768 1156 833 referatur:
1188 762 1313 828 sed
1336 783 1416 826 ea
1445 767 1522 824 ut
1548 756 1821 822 nudatis
1842 754 2163 820 dentibus
2186 756 2322 820 dis-.-

112 876 288 941 trahi
317 896 400 939 ac
434 867 846 955 distorqueri
889 870 1179 950 possunt
1209 860 1342 924 dici
1364 906 1380 934 ,
1419 859 1520 921 'ita
1546 877 1686 920 non
1712 855 1931 918 minus
1968 854 2227 918 retrahi
2257 863 2326 919 et
2430 874 2450 896 ·

113 973 430 1058 restringi
448 996 463 1048 3
491 979 567 1034 ut
587 965 919 1032 litterulas
943 962 1209 1046 elapsas
1231 977 1556 1024 revocare
1577 955 1777 1019 liceat
1795 953 1894 1016 ita
1909 1001 1927 1033 ,
1949 953 2122 1017 rabie
2143 975 2235 1015 RE
2250 975 2282 1017 s
2296 988 2325 1001 -

118 1096 247 1136 rm
263 1093 411 1136 οΤΑ
456 1071 766 1132 minantur
789 1114 803 1129 .
848 1062 1033 1149 quod
1062 1080 1226 1125 vero
1258 1058 1541 1121 Plautus
1585 1056 1782 1118 dentes
1808 1053 2092 1137 restrinyz'
2121 1052 2326 1127 dixit,

120 1191 237 1253 per
264 1168 539 1231 insitam
566 1159 1054 1249 Praepositioni
1077 1154 1579 1241 ambiguitatem
1603 1150 1920 1215 efficitur:
1947 1152 2328 1236 restrinqitnr

121 1268 284 1331 enim
315 1274 457 1329 tam
489 1261 673 1348 quod
704 1258 1003 1323 nudatur
1033 1275 1233 1341 quam
1263 1251 1451 1338 quod
1480 1248 1850 1314 retrahitur
1868 1272 1911 1311 s

283 1364 468 1428 1067.
495 1364 608 1426 ΑΤ
641 1380 888 1424 cll-rm.
909 1377 997 1420 os
1016 1404 1030 1418 .
1072 1353 1280 1417 Immo
1309 1350 1368 1414 E
1385 1374 1462 1414 r:
1506 1348 1728 1434 pergit
1756 1347 1926 1410 enim
1953 1346 2190 1411 iisdem
2220 1369 2329 1412 ea-

123 1464 312 1528 nibus
344 1462 515 1528 alios
546 1467 751 1543 atque
781 1454 946 1519 alios
976 1473 1219 1517 vocum
1248 1470 1456 1513 sonos
1487 1446 1876 1511 adscribere
1894 1493 1908 1508 .
1939 1445 2141 1532 paulo
2170 1453 2332 1531 post

115 1584 317 1653 .yersu
351 1560 514 1625 1083
542 1564 728 1622 reete
758 1553 1084 1637 seriptum
1114 1557 1219 1614 est
1248 1548 1366 1614 Ec.

290 1658 469 1724 1068.
515 1658 683 1720 Au'r
725 1675 863 1717 UBI
906 1671 1052 1714 Eos
1093 1668 1468 1712 LAOTANT
1512 1665 1858 1709 rnnmus
1901 1663 2332 1720 MORSUQUE

130 1777 547 1821 ΡοΤΕΝΤΕε
570 1753 1018 1817 ὃσεΡΕΝειε
1051 1768 1419 1812 ΤΕΝΕΒοε
1443 1735 2336 1808 ῙΜῙΤᾺΝΤ-υΝΒΕΝΤΙΒυε

134 1879 172 1918 Η
186 1877 281 1919 Au
295 1878 432 1919 sru
449 1876 482 1919 s
500 1902 513 1917 .
549 1852 901 1934 Oblongus
930 1849 1266 1911 imittantur
1282 1859 1305 1921 ‚‘
1329 1843 1707 1930 quadratus
1729 1852 1935 1906 austus
1952 1889 1967 1906 .
1996 1844 2066 1905 in
2095 1844 2336 1924 ceteris

132 1955 349 2017 lactant
391 1959 463 2016 et
502 1973 710 2015 morsu
753 1957 1020 2035 potentes
1062 1945 1291 2027 inepte
1334 1947 1564 2004 tuetur
1598 1938 2060 2004 Wakefieldus
2084 1965 2098 2003 ε
2120 2027 2124 2034 ‚
2150 1949 2337 2006 recte

133 2072 483 2116 ιΑοΤΑΝΤ
512 2045 892 2132 Naugerius
910 2091 926 2120 ‚
954 2064 1278 2128 morsuque
1305 2061 1560 2103 ΡΕΤΕΝ
1577 2061 1617 2101 Τ
1634 2059 1725 2126 Es
1753 2037 1906 2101 Itali
1939 2045 2009 2102 et
2035 2039 2191 2101 olim
2218 2040 2339 2103 im-

134 2150 341 2234 pressi
370 2198 383 2212 .
425 2150 497 2213 in
525 2168 727 2212 versu
772 2144 985 2208 altero
1026 2149 1212 2205 reete
1236 2136 1574 2222 Tanaquil
1601 2135 1823 2200 Faber
1866 2136 2341 2201 animadvertit

139 2269 329 2313 canes
346 2296 362 2323 ‚
410 2269 558 2313 cum
591 2266 665 2310 se
697 2241 958 2308 catulos
998 2240 1175 2304 rictu
1213 2238 1582 2302 hausturos
1611 2234 1869 2319 fingant
1886 2282 1904 2310 ‚
1946 2256 2086 2298 non
2114 2246 2343 2301 teneros

138 2345 412 2410 haustus
433 2344 713 2417 imitari,
745 2340 867 2406 sed
890 2359 1124 2404 veros:
1154 2358 1293 2401 non
1312 2345 1539 2399 tamen
1554 2381 1570 2409 ,
1602 2333 1791 2417 quod
1811 2332 1922 2397 ille
1938 2334 2155 2399 voluit
2173 2358 2344 2400 veros

139 2444 372 2509 haustus
400 2440 835 2509 scribendum
866 2444 972 2502 est
992 2485 1008 2514 ,
1052 2435 1177 2500 sed
1206 2434 1526 2521 Suspensi-s
1554 2443 1784 2496 teneros
1825 2455 1874 2495 M
1888 2454 1912 2495 1
1925 2456 1969 2496 Ν
1982 2454 2006 2495 1
2021 2454 2113 2495 ΤΑ
2128 2456 2173 2496 Ν
2189 2457 2229 2496 Τ
2243 2456 2287 2497 u
2301 2456 2343 2497 n

140 2545 398 2608 dentibus
422 2545 673 2607 haustus
690 2588 703 2602 .

302 2643 479 2708 1070.
515 2662 558 2704 G
571 2662 671 2725 ΑκΝ
685 2662 728 2702 Ν
743 2661 767 2700 1
780 2660 820 2699 Τ
833 2659 876 2700 u
905 2658 950 2700 v
963 2658 1002 2699 o
1019 2657 1054 2698 c
1072 2656 1141 2697 1s
1163 2682 1176 2696 .
1209 2632 1322 2697 Sic
1347 2629 1721 2717 quadratus
1754 2636 1822 2694 et
1843 2629 2105 2696 Nonius
2128 2653 2191 2715 p.
2204 2632 2345 2707 450,

145 2740 211 2804 9:
239 2744 486 2806 cannitu
509 2737 843 2821 oblongus
876 2741 945 2798 et
967 2733 1123 2797 olim
1150 2729 1493 2816 impressi,
1525 2730 1734 2793 dannit
1748 2727 2012 2793 Nonius
2035 2752 2097 2814 p.
2121 2730 2216 2806 17,
2239 2731 2345 2795 10.

305 2840 482 2905 1071.
527 2859 626 2899 DE
645 2854 1039 2899 smz'rmus
1080 2850 1560 2894 AUBANTUR.
1604 2825 1866 2891 Nonius
1895 2849 1958 2912 p.
1977 2828 2170 2906 8031
2206 2853 2348 2893 DE-

147 2957 364 3001 snam
409 2952 916 3001 BAUBANTUR
938 2976 953 2993 .
993 2928 1174 2992 idem
1202 2949 1403 2991 omnes
1434 2946 1560 3011 pro
1591 2937 1893 2990 autenm.

306 3035 485 3101 1072.
514 3033 675 3097 FLo
694 3050 994 3094 RAN‘rxs
1033 3048 1393 3091 ruamur
1413 3073 1428 3087 .
1463 3024 1824 3089 Correetor
1854 3026 2128 3112 oblongi
2155 3027 2351 3092 PLo-

147 3154 186 3194 a
199 3154 241 3196 A
254 3157 297 3197 Ν
310 3159 349 3198 Τ
365 3158 389 3198 1
403 3158 437 3198 s
456 3182 473 3198 .
2408 3122 2414 3130 ’

267 3286 272 3291 ,
313 3231 493 3298 1076.
522 3230 637 3294 ΕΤ
669 3247 1088 3291 ΕΒΕΜῙΤΠΜ
1118 3243 1448 3286 PATULIS
1480 3244 1624 3285 sun
1657 3243 2000 3287 rhamnus
2028 3246 2218 3287 ΕΒῙΤ
2247 3246 2352 3288 An

152 3350 357 3394 ARMA
375 3379 389 3395 .
417 3329 575 3394 Hoc
604 3336 803 3411 turpe
834 3332 901 3388 et
932 3325 1299 3390 obscenum
1329 3319 1600 3385 dicendi
1625 3342 1839 3406 genus
1870 3324 2046 3406 (nam
2069 3325 2156 3387 ad
2180 3348 2360 3390 arma

150 3426 438 3517 intellegi
482 3427 688 3493 debet
718 3427 803 3490 ad
831 3423 1138 3507 Venerem)
1183 3420 1554 3506 Forbigero
1599 3419 1767 3484 nihil
1807 3422 2060 3488 habere
2087 3423 2360 3488 videtur

151 3523 217 3588 in
245 3549 374 3612 quo
420 3527 757 3615 possimus
788 3522 1132 3587 offendere
1151 3569 1165 3584 .
1209 3519 1540 3584 Marullus
1588 3526 1656 3583 et
1678 3519 2140 3586 Wakefieldus
2165 3570 2181 3597 ‚
2224 3523 2359 3587 hoe

156 3645 349 3690 versu
376 3632 541 3712 post
570 3623 658 3689 Et
685 3646 823 3687 eum
848 3624 937 3688 sic
966 3623 1127 3686 alias
1156 3621 1454 3685 coneus-sis
1483 3620 1733 3683 artubus
1759 3620 1957 3682 hinnit
1992 3621 2325 3684 collocato
2342 3669 2358 3696 ‚

160 3742 396 3807 equum
425 3727 498 3789 in
524 3722 772 3788 bellum
799 3742 1125 3806 proruere
1155 3719 1555 3805 gestientem
1586 3717 1778 3781 elatis
1808 3717 2080 3782 naribus
2109 3719 2362 3783 nullum

162 3820 350 3886 alium
379 3824 508 3889 nisi
535 3822 879 3907 vulgarem
906 3820 1238 3893 hinnitum
1270 3817 1474 3882 edere
1502 3815 1759 3880 faciunt
1783 3863 1797 3879 .
1841 3823 2064 3880 tamne
2094 3815 2364 3882 difficile

163 3915 281 3982 fuit
306 3921 541 3986 videre
577 3921 695 3984 ‘hie
722 3920 857 3982 tria
896 3919 1196 3983 membra
1238 3915 1565 3980 orationis
1611 3936 1760 3979 esse
1799 3913 2047 3980 debere
2070 3964 2085 3991 ,
2130 3925 2207 3980 ut
2233 3918 2366 3982 tria

158 4012 450 4084 hinnitus
504 4039 752 4106 genera
795 4016 1331 4102 significarentur
1354 4014 1385 4077 Ρ
1445 4012 1809 4079 Creeehius
1850 4015 1920 4078 in
1960 4015 2367 4100 paraphrasi

165 4123 339 4178 reete
365 4118 462 4181 vel
480 4140 617 4180 eum
634 4164 648 4180 .
671 4114 930 4179 seilicet
952 4112 1381 4178 scribendum
1404 4118 1510 4176 est
1532 4112 1620 4176 Et
1627 4112 1951 4198 fremitum
1966 4115 2202 4198 patulis
2230 4136 2324 4177 ΠΒ
2341 4137 2366 4176 1

165 4214 404 4279 naribus
434 4216 553 4279 edit
580 4216 665 4278 ad
691 4236 868 4278 arma
888 4262 902 4276 .
942 4214 1013 4276 in
1042 4235 1138 4287 111,
1157 4211 1280 4275 798
1311 4211 1688 4296 quadratus
1732 4234 1948 4297 corpus
1973 4212 2083 4274 sub
2110 4211 2366 4284 interiit,

167 4328 284 4388 pro
312 4313 414 4375 ubi
430 4361 445 4376 .
1123 4364 1126 4369 .

330 4407 503 4474 1077.
546 4432 698 4475 con
719 4431 996 4474 cuss1s
1040 4429 1425 4474 ΛΒΤΙΒΠΒ.
1471 4406 1626 4471 Itali
1655 4413 1722 4471 et
1750 4407 2057 4492 impressi
2086 4408 2368 4489 artum,
