2840 5008
1178 391 1245 457 V
1962 407 1991 428 ·
2179 387 2319 455 307

117 583 246 639 tum
272 580 350 637 ut
374 571 696 635 dimidium
722 589 764 631 a
791 568 990 631 medio
1012 615 1027 628 .
1058 571 1427 651 supersunt
1443 564 1737 649 pro-spica
1766 585 1843 627 ac
1871 563 2116 647 despice
2144 562 2320 627 Nae—

118 673 219 746 vii,
238 690 411 756 quae
430 668 692 732 Nonius
709 688 773 751 p.
785 665 919 739 155,
933 665 1017 728 24
1031 665 1523 749 interpretatur
1538 662 1799 725 intenta
1816 669 1886 724 et
1904 668 2321 746 contempta:

117 771 271 833 haec
291 815 308 844 ,
351 768 481 831 nisi
523 766 699 830 forte
740 764 1168 828 substantiva
1197 762 1515 825 feminina
1543 767 1701 823 sunt
1732 781 1817 822 ex
1846 779 1930 822 eo
1958 780 2203 844 genere
2236 760 2320 825 de

117 890 239 952 quo
270 866 412 932 dixi
442 866 531 937 ad.
559 865 801 930 librum
832 886 903 937 11,
927 862 1085 925 1116
1112 909 1126 936 ‚
1171 882 1308 925 non
1350 859 1563 945 magis
1599 858 1793 942 capio
1826 878 2023 942 quam
2053 860 2322 922 accubuo

115 965 322 1028 Plauti
350 966 423 1027 in
443 963 860 1029 Truculento
891 983 961 1035 11,
981 959 1037 1035 4,
1055 959 1156 1034 67,
1179 957 1366 1045 quod
1386 958 1549 1022 mihi
1571 956 1842 1020 videtur
1865 977 2016 1019 esse
2037 958 2320 1021 accubio.

266 1062 405 1127 684.
431 1061 532 1124 ΡΑ
546 1084 587 1125 n
602 1084 642 1123 Τ
657 1082 680 1122 1
697 1083 738 1123 Τ
753 1082 791 1122 Ε
837 1082 860 1122 1
876 1082 922 1121 N
966 1078 1063 1120 ΡΑ
1079 1081 1122 1121 R
1137 1082 1177 1121 Τ
1196 1081 1218 1120 1
1235 1080 1267 1121 s
1287 1105 1301 1120 .
1328 1056 1692 1119 Corrector
1717 1055 1991 1139 oblongi
2012 1055 2213 1119 Parcit
2227 1079 2264 1119 E
2281 1079 2320 1117 Τ

113 1162 173 1223 in
187 1162 386 1244 parti-s·
402 1207 418 1223 .

266 1257 613 1322 689.NA1»1
642 1271 800 1319 nnn
820 1276 901 1317 10
935 1274 1188 1315 cunsu
1219 1273 1529 1326 marus
1560 1271 2002 1324 Aournoms
2026 1272 2118 1312 ΕΤ
2140 1272 2321 1332 Ans-7

113 1355 667 1419 rR1D1s11NEr
698 1372 1076 1427 AEQUAro
1122 1370 1451 1412 CAELUM
1495 1369 1996 1410 mscnrmmr:
2027 1371 2321 1413 METAS.

116 1451 488 1531 Quadratus
518 1452 825 1515 Destinet.
868 1447 1229 1514 Creechius
1259 1445 1430 1509 haec
1459 1445 1555 1508 ita
1581 1445 2106 1529 interpretatur,
2131 1441 2321 1512 ‘Nam

112 1550 626 1634 septentrionem
658 1556 726 1611 et
754 1545 1094 1609 meridiem
1123 1565 1362 1616 versus
1393 1543 1651 1607 caelum
1678 1551 1894 1607 metas
1926 1544 2324 1628 (solstitium

115 1657 177 1711 et
214 1650 514 1712 brumam
548 1695 564 1722 ,
620 1668 740 1711 scu
796 1645 1117 1710 circulum
1161 1644 1387 1708 cancri
1431 1652 1500 1706 et
1543 1642 1864 1707 circulum
1909 1645 2322 1728 capricorni)

113 1748 359 1832 aequali
402 1745 630 1831 spatio
676 1744 958 1808 distinet
975 1742 1014 1806 .’
1061 1763 1187 1829 ego
1231 1763 1454 1827 neque
1492 1741 1810 1826 intellego
1857 1762 1977 1804 cur
2009 1762 2126 1814 eae
2158 1743 2326 1807 caeli

113 1853 325 1927 partes
344 1893 360 1920 ,
391 1867 433 1909 a
464 1844 712 1929 quibus
744 1842 970 1927 aquilo
1005 1849 1072 1905 et
1095 1848 1327 1905 auster
1350 1840 1685 1914 oriuntur,
1717 1861 1948 1902 eorum
1972 1848 2326 1905 ventorum

96 1942 273 2029 flatus
311 1955 510 2008 metae
551 1942 864 2006 dicantur
908 1941 1097 2024 (nam
1138 1960 1274 2003 una
1313 1945 1496 2001 meta
1539 1959 1675 2002 non
1716 1937 2122 2001 determinat
2149 1939 2323 2024 rigo-

112 2060 238 2104 rem
267 2042 405 2105 sive
451 2040 732 2103 limitem
752 2086 769 2114 ,
811 2038 945 2102 hoc
976 2047 1081 2101 est
1110 2058 1243 2101 uno
1274 2044 1532 2120 puncto
1563 2056 1701 2098 non
1732 2034 2048 2098 definitur
2074 2036 2323 2122 linea),

111 2158 313 2224 neque
350 2131 888 2223 septentrionem
930 2144 999 2200 et
1026 2135 1372 2200 meridiem
1401 2155 1621 2218 aequo
1653 2133 2039 2198 discrimine
2069 2135 2325 2198 eaelum

109 2259 273 2300 cursu
291 2238 497 2304 medio
514 2284 533 2315 ,
563 2234 687 2299 sed
718 2256 759 2297 a
787 2233 1009 2298 medio
1032 2233 1171 2308 sui,
1201 2234 1468 2311 distinet,
1498 2252 1624 2295 nec
1649 2229 1940 2315 denique
1965 2231 2323 2317 aequinoe-
2364 2299 2379 2304 ,

106 2335 254 2398 tium
284 2357 403 2420 per
433 2333 803 2398 solstitium
832 2339 902 2395 et
928 2333 1233 2395 brumam
1263 2329 1579 2393 efficitur.
1609 2329 1842 2413 itaque
1870 2328 2040 2394 haec
2070 2331 2323 2395 rectius

109 2432 190 2497 ad
228 2434 430 2498 solem
478 2431 889 2507 referemuS,
933 2431 1049 2516 qui
1089 2430 1287 2494 medio
1331 2452 1551 2509 cursu,
1597 2427 1730 2492 hoc
1774 2436 1878 2491 est
1920 2429 1989 2491 in
2018 2428 2133 2492 illo
2167 2433 2323 2495 anni

110 2532 316 2609 node,
340 2520 625 2624 flama
587 2530 892 2617 aquilonis
934 2540 990 2593 et
1027 2529 1219 2592 austri
1247 2528 1551 2606 Distinet,
1600 2523 1856 2591 dierum
1904 2548 1985 2591 ac
2024 2528 2320 2592 noctium

108 2644 349 2718 aequato
379 2632 619 2697 caelum
647 2628 998 2692 discrimine
1027 2649 1128 2689 ME
1146 2648 1380 2700 TANS,
1409 2626 1544 2690 hoc
1576 2633 1679 2690 est
1702 2625 1868 2689 caeli
1897 2626 2121 2710 spatia
2151 2647 2322 2691 eme-

111 2728 270 2793 tiens
289 2778 303 2792 .

261 2827 399 2891 692.
433 2826 582 2891 693.
626 2826 918 2889 Amuli
965 2846 1107 2887 SOL
1154 2846 1234 2886 m
1280 2845 1436 2899 Quo
1487 2845 1902 2888 conruun-
1947 2847 2323 2889 TEMPORA

109 2947 486 2999 SERPENS,
512 2924 891 2998 Onmouo
931 2944 1237 2985 TERRAS
1280 2945 1376 2985 ΕΤ
1419 2945 1736 2987 οΑΕῐ,υΜ
1780 2945 2084 2986 Lunum:
2126 2948 2322 2988 Lus-

107 3044 298 3085 TRAN
315 3046 348 3086 s
373 3072 386 3086 .
417 3022 552 3085 Hic
580 3020 949 3084 Brixiensis
982 3019 1189 3083 editio
1224 3026 1292 3083 et
1320 3019 1654 3084 Marullus
1685 3023 1993 3085 contundit
2018 3033 2321 3107 tempora,

109 3118 268 3183 duro
298 3118 626 3205 loquendi
654 3139 900 3202 genere
932 3128 1000 3181 et
1031 3124 1354 3202 quantum
1398 3120 1538 3181 scio
1582 3118 1929 3182 inaudito:
1975 3129 2159 3183 certe
2189 3121 2321 3184 Lu-

106 3219 343 3282 cretius
375 3238 587 3303 supra
613 3217 812 3281 aliter
841 3216 1015 3281 dixit
1044 3216 1166 3279 619
1188 3264 1204 3290 ,
1237 3218 1470 3280 Annua
1497 3218 1592 3280 sol
1613 3219 1681 3279 in
1710 3239 1828 3303 quo
1858 3220 2151 3289 con-mmit
2176 3230 2321 3282 tem-

95 3336 248 3397 pora
289 3340 475 3380 cursu
500 3365 513 3378 .
545 3314 669 3379 -hic
700 3315 1310 3379 commodissimum
1342 3314 1470 3379 erit
1496 3317 1730 3379 Annua
1756 3316 1852 3379 sol
1876 3317 1943 3378 in
1970 3338 2089 3402 quo
2119 3317 2321 3403 signi,-

104 3410 240 3476 fero
260 3415 428 3477 orbe
453 3435 489 3476 c
508 3435 547 3476 o
563 3436 609 3475 N
622 3434 659 3475 c
672 3436 711 3475 L
727 3436 770 3476 u
782 3436 823 3475 n
841 3437 864 3476 1
881 3437 920 3475 Τ
944 3424 1215 3498 tempora
1231 3435 1480 3498 serpens
1498 3461 1510 3476 .
1537 3412 1660 3476 sed
1675 3412 1808 3478 hoc
1825 3415 2045 3500 ipsum
2061 3439 2322 3501 serpen-5,

104 3511 202 3574 cui
232 3511 461 3576 statim
491 3510 799 3575 succedit
825 3513 1092 3574 lustrans
1112 3560 1130 3591 ,
1174 3533 1314 3575 non
1342 3511 1556 3597 magis
1587 3512 1857 3595 placere
1889 3511 2095 3577 debet
2123 3533 2323 3597 quam

100 3629 297 3693 supra
317 3610 444 3674 524
470 3609 657 3694 quod
674 3609 1137 3674 Wakefieldus
1158 3612 1504 3695 probabat
1521 3656 1536 3684 ,
1561 3622 1762 3673 euntes
1776 3657 1795 3688 ,
1812 3621 2131 3692 pascentes
2150 3659 2163 3672 .
2197 3612 2322 3675 sed

99 3707 300 3771 multo
329 3709 553 3772 minus
581 3708 745 3773 ferri
765 3716 999 3794 potest
1025 3709 1333 3794 obliquum
1363 3708 1526 3771 solis
1556 3708 1757 3771 lumen
1772 3755 1790 3785 ,
1820 3727 1955 3789 quo
1983 3706 2095 3770 ille
2113 3754 2128 3781 ,
2162 3706 2320 3777 dum

96 3824 213 3887 per
254 3805 645 3892 signiferum
684 3807 1034 3891 procedit,
1080 3814 1299 3871 terras
1333 3815 1400 3870 et
1431 3805 1688 3869 caelum
1716 3803 2008 3868 lustrare
2022 3800 2320 3871 ‘diciturt

97 3922 243 3967 nam
271 3906 384 3970 via
414 3905 579 3969 solis
610 3905 886 3991 obliqua
916 3912 1022 3969 est
1044 3955 1058 3981 ,
1102 3913 1289 3969 totus
1332 3905 1646 3989 obliquus
1692 3901 2015 3967 zodiacus
2038 3953 2055 3983 ,
2099 3904 2323 3969 lumen

98 4002 251 4067 solis
294 4025 728 4091 nequaquam
770 4026 1037 4089 semper
1080 4004 1422 4089 obliquum
1469 4010 1573 4067 est
1604 4052 1617 4065 .
1674 4002 1809 4067 hoc
1859 4003 2064 4088 igitur
2119 4026 2324 4068 versu

95 4099 463 4165 traiciendo
494 4102 804 4166 facillime
830 4103 1386 4187 procurabimuS,
1431 4104 1563 4166 ita.
1618 4102 1874 4186 Propter
1901 4103 2182 4188 siqniseri
2198 4125 2319 4186 po-

93 4197 343 4262 situram
372 4201 550 4264 totius
578 4201 738 4264 orbis
778 4199 836 4263 O
855 4223 892 4262 B
909 4224 948 4263 L
963 4225 985 4264 1
1001 4225 1042 4278 Q
1059 4223 1101 4265 U
1118 4224 1181 4274 1·,
1223 4212 1418 4264 terras
1458 4213 1514 4266 et
1540 4202 1775 4266 caelum
1805 4202 2030 4264 lumine
2058 4202 2320 4264 lustrans
2424 4241 2429 4247 -

95 4296 320 4361 Annua
347 4298 492 4362 sol
467 4321 534 4361 zn
561 4321 682 4384 quo
712 4301 1012 4363 concludit
1037 4311 1308 4384 tempora
1334 4322 1611 4386 serpens.

1789 4397 1870 4459 20
1886 4400 1906 4422 ⁶
