2840 5008
1026 418 1368 464 nncnnsm
2268 393 2304 458 5

94 594 297 657 neque
329 592 411 635 eo
438 576 595 634 ante
611 568 930 634 Vossium
955 570 1072 653 q’ui
1094 591 1254 633 usus
1281 571 1370 634 sit
1394 589 1796 653 quemquam
1818 568 2119 653 reperio:
2150 566 2306 631 olim

96 680 300 734 tamen
344 667 738 755 Maguntiae
776 665 993 732 >fuisse
1041 666 1292 732 docent
1337 689 1510 751 qnae
1557 667 1812 751 scripta
1859 672 2017 729 sunt
2063 665 2318 750 pagina-

94 769 288 855 prima
313 768 384 830 in
413 767 715 851 margine
743 764 1095 839 inferiore,
1122 760 1289 829 ‘Iste
1319 766 1492 830 liber
1522 765 1816 850 pertinet
1843 763 1933 827 ad
1962 763 2303 831 librariam

96 867 307 931 Sancti
346 865 627 930 Martini
670 864 953 928 ecclesie
991 864 1343 950 Maguntin
1370 914 1383 927 .
1425 864 1515 928 Μ.
1547 863 1862 928 Sindicus
1902 861 2305 945 subscripsit

96 986 249 1028 anno
298 957 507 1027 1479?
553 961 889 1036 schedae,
932 963 1072 1026 sive
1100 962 1269 1048 folia
1315 962 1543 1026 dicere
1583 962 1942 1033 malumne,
1985 968 2142 1022 sunt
2183 981 2302 1022 nu-

96 1048 257 1126 mero
295 1062 412 1125 192
431 1109 446 1135 ‚
490 1083 729 1126 versus
759 1061 1154 1147 paginarum
1185 1061 1434 1136 viceni,
1464 1062 1531 1124 in
1562 1060 1818 1125 scheda
1846 1059 1926 1123 42
1957 1060 2166 1143 (quae
2198 1067 2303 1122 est

97 1161 536 1245 quaternionis
568 1160 743 1223 sexti
772 1160 1007 1242 tert-ia)
1038 1160 1250 1224 viceni
1282 1161 1542 1244 septeni
1573 1161 1656 1242 (11
1679 1207 1695 1225 .
1718 1157 2086 1241 484-536)
2110 1204 2125 1218 .
2167 1177 2312 1225 una:

96 1259 311 1344 pagina
340 1265 494 1322 tota
522 1280 737 1322 vacua
769 1264 874 1321 est
901 1264 1061 1342 post
1089 1279 1359 1321 versum
1386 1257 1542 1321 libri
1571 1280 1641 1320 vl
1667 1256 1783 1320 78:
1817 1277 1897 1319 ea
1927 1261 2032 1318 est
2054 1253 2299 1340 pagina

95 1377 266 1420 versa
298 1354 610 1420 'schedae
651 1355 924 1439 quintae
963 1354 1033 1417 in
1076 1354 1416 1428 ternione‚
1450 1354 1638 1418 cuius
1671 1353 1928 1419 scheda
1958 1361 2153 1416 sexta
2183 1374 2306 1417 ex-.

97 1455 212 1517 cisa
238 1461 339 1518 est
363 1501 377 1516 .
405 1453 521 1516 hic
551 1453 723 1519 liber
748 1474 828 1516 eo
852 1453 1001 1538 ipso
1029 1475 1163 1537 quo
1189 1454 1486 1539 scriptus
1510 1461 1614 1517 est
1638 1461 1941 1540 tempore
1966 1474 2006 1515 a
2029 1451 2298 1516 (luobus

96 1551 353 1616 librariis
405 1559 761 1616 correctus
812 1560 917 1616 est
939 1603 953 1615 .
999 1574 1227 1616 eorum
1276 1578 1310 1616 c
1330 1574 1890 1618 οιιιιιεοτοιιυιιιΔ
1915 1550 2087 1614 alter
2133 1550 2304 1615 scri-,

97 1651 272 1714 bendi
292 1646 543 1736 genere
563 1650 899 1715 Saxonico
922 1672 1084 1715 usus
1109 1652 1449 1738 supplevit
1474 1674 1710 1716 vorsus
1736 1674 1776 1714 a
1793 1650 2146 1715 Franconc
2179 1670 2300 1734 per

97 1749 559 1835 neglegentiam
599 1751 918 1824 omissos,
955 1750 1051 1813 ita
1083 1745 1353 1835 quidem
1384 1759 1460 1814 ut
1491 1752 1715 1836 priore
1747 1750 2086 1834 scriptura
2116 1741 2296 1811 elu'ta

38 1906 39 1915 ,
98 1868 377 1911 versuum
400 1848 627 1933 spatia
647 1868 787 1911 non
808 1838 1003 1937 nimis
1027 1857 1314 1934 angusta
1337 1849 1594 1913 faceret
1613 1897 1627 1912 .
1650 1849 1762 1912 hic
1781 1848 1965 1912 Saxo
1985 1894 2001 1921 ‚
2025 1852 2304 1931 praeter.

100 1966 268 2028 quam
306 1946 495 2032 quod
536 1971 571 2009 e
611 1945 878 2010 litterae
920 1946 1315 2033 plerumque
1359 1947 1645 2011 caudam
1687 1945 2072 2020 subiunxit,
2114 1952 2192 2007 ut
2222 1962 2313 2008 ae·

97 2043 287 2119 fieret,
312 2067 451 2110 non
491 2043 706 2108 multa
750 2045 1048 2107 correxit
1070 2093 1085 2107 .
1131 2045 1303 2108 alter
1344 2052 1505 2130 post
1542 2066 1690 2108 eum
1734 2046 1926 2126 (nam
1963 2043 2034 2104 in
2058 2042 2235 2105 libro
2271 2065 2290 2103 1

98 2163 221 2204 cum
248 2144 424 2207 Saxo
464 2143 541 2206 in
579 2142 784 2206 litura
823 2164 1059 2206 versus
1099 2142 1294 2207 unius
1325 2143 1713 2227 scripsisset
1741 2141 1864 2203 549
1897 2147 1964 2202 et
1994 2139 2150 2212 550,
2182 2138 2290 2201 hic

98 2239 238 2303 alter
274 2241 575 2305 ultimam
613 2240 683 2303 in
723 2264 1021 2325 reparare
1059 2240 1353 2303 litteram
1387 2241 1511 2303 ini
1539 2239 1857 2322 mutavit)
1900 2237 2068 2300 locis
2095 2236 2289 2299 innu-

91 2338 265 2402 meris
283 2340 546 2405 litteras
572 2348 639 2402 et
663 2338 992 2402 vocabula
1013 2337 1121 2401 vel
1145 2337 1528 2401 emendavit
1551 2338 1658 2401 vel
1682 2335 1984 2421 corrupit
1999 2382 2015 2409 ‚
2045 2333 2288 2419 partim

36 2428 37 2516 ᾗ
97 2435 167 2499 de
200 2438 615 2514 coniectura,
646 2437 774 2500 alia
818 2458 901 2499 ex
938 2435 1173 2499 eodem
1204 2435 1320 2499 illo
1351 2436 1818 2521 antiquissimo
1850 2432 2120 2507 codice,
2154 2453 2287 2516 quo

96 2533 247 2600 hunc
274 2559 544 2622 qnoque
575 2558 769 2600 usum
801 2557 952 2599 esse
982 2557 1067 2598 ex
1096 2535 1176 2598 iis
1207 2543 1493 2621 apparet
1525 2556 1696 2618 quae
1728 2530 2288 2597 aut-intellectum

96 2655 209 2696 non
231 2634 477 2700 habent
508 2642 630 2698 aut
660 2634 898 2698 eodem
925 2632 1130 2697 modo
1151 2634 1220 2697 in
1246 2633 1611 2718 exemplari
1634 2631 1971 2717 quadrato
1992 2679 2007 2705 ‚
2040 2629 2128 2694 de
2150 2652 2300 2714 quo

95 2730 244 2796 infra
268 2733 478 2797 dicam
499 2781 515 2808 ‚
549 2733 803 2818 scripta
836 2739 1097 2795 extant.

234 2832 528 2896 Alterum
570 2830 723 2896 libri
763 2817 1227 2915 antiquissimi'
1251 2829 1717 2917 apographum
1757 2830 1827 2892 in
1855 2828 2116 2892 Italiam
2146 2835 2284 2891 tra-

96 2935 327 2992 vectum
367 2937 505 3006 est3
543 2950 718 3013 quae
749 2929 993 3013 quibus
1037 2927 1385 2996 codicibus
1429 2950 1553 3014 per
1594 2927 1934 2992 saeculum
1977 2926 2283 3012 quintum

98 3022 383 3092 decimum
423 3049 553 3092 usa
595 3035 731 3103 est,
774 3049 890 3090 eos
933 3048 1166 3091 omnes
1197 3025 1434 3093 habuit
1464 3027 1702 3092 eodem
1733 3028 2038 3113 exemplo
2071 3027 2281 3111 scrip-

97 3129 220 3198 tos,
240 3125 534 3212 oblongo
575 3134 811 3187 nostro
858 3126 943 3189 ab
978 3125 1157 3188 omni
1188 3132 1383 3210 parte
1413 3124 1777 3189 simillimos
1809 3147 2028 3210 neque
2059 3132 2280 3187 tamen

99 3222 476 3310 exqoblongo
521 3222 807 3286 ductos:
851 3222 1215 3306 aliquando
1263 3223 1438 3287 enim
1483 3225 1567 3287 ab
1611 3224 1744 3287 hoc
1775 3223 2183 3288 dissentiunt
2212 3230 2282 3286 et

98 3337 235 3381 cum*
259 3321 588 3405 quadrato
633 3320 921 3396 faciunt,
962 3320 1171 3406 idque
1208 3321 1279 3384 in
1318 3321 1400 3386 iis
1441 3323 1647 3386 rebus
1690 3345 1859 3407 quas
1892 3322 2294 3396 coniectura.

36 3399 39 3492 l
95 3412 340 3501 adsequi
379 3441 576 3485 nemo
622 3420 846 3506 potuit
868 3469 881 3481 .
928 3418 1171 3482 horum
1218 3419 1528 3484 codicum
1576 3443 1721 3484 eum
1744 3469 1761 3497 ‚
1809 3443 1846 3486 e
1894 3443 2028 3505 quo
2072 3420 2281 3484 ceteri
2349 3477 2354 3480 .

36 3539 37 3564 ι
95 3511 345 3580 derivati
364 3525 523 3584 sunt
540 3565 554 3591 ‚
585 3539 625 3580 a
641 3516 900 3603 Poggio
923 3516 1314 3580 Florentino
1342 3538 1377 3580 e
1398 3516 1759 3582 Germania
1780 3520 2053 3583 allatum
2076 3518 2276 3581 adfir-
2301 3511 2314 3524 “

36 3675 39 3680 ,
94 3613 308 3696 marein
333 3613 519 3700 (nam
545 3621 701 3679 ante
723 3615 922 3678 huius
945 3621 1252 3699 tempora
1273 3615 1534 3680 Dantes
1553 3665 1570 3692 ‚
1592 3616 1965 3681 Petrarcha
1981 3664 1995 3690 ,
2018 3615 2273 3682 Bocca-

95 3706 243 3785 oiuS,
268 3712 403 3776 nisi
428 3712 656 3787 fallor,
698 3712 995 3777 Lucretii
1025 3713 1425 3776 mentionem
1453 3713 1761 3778 fecerunt
1789 3714 2035 3777 nullam
2052 3760 2067 3787 ‚
2112 3710 2271 3775 Gul-

92 3802 291 3873 ielmus
308 3809 782 3897 Pastrengicus
800 3858 816 3885 ‚
845 3810 973 3873 nisi
1005 3810 1189 3895 quod
1206 3821 1456 3896 poetam
1486 3815 1779 3876 comicum
1801 3811 1967 3875 dicit
1984 3860 2000 3887 ‚
2027 3810 2292 3876 Hiero-1

92 3905 641 3985 nymifchronicon
687 3908 1026 3992 sequitur)
1049 3955 1065 3983 ,
1110 3909 1237 3972 nisi
1267 3909 1566 3995 Poggius
1595 3911 1742 3995 ipse
1770 3911 1840 3973 in
1870 3910 2177 3974 oratione
2206 3912 2272 3976 in

92 3994 292 4068 funere
314 4004 577 4071 Nicolai
606 4006 703 4074 ,de
732 4007 991 4071 Nicolis
1033 4007 1290 4093 scripta
1332 4008 1629 4093 itemque
1656 4010 1725 4073 in
1757 4009 2026 4096 dialogo
2060 4010 2146 4075 de
2167 4011 2270 4074 in-

93 4092 372 4174 felicitate,
425 4107 800 4191 principum
849 4128 923 4170 se
970 4106 1251 4170 Lucretii
1281 4118 1528 4191 partem
1571 4108 1640 4170 in
1691 4108 1905 4172 lucem
1952 4109 2271 4173 extulisse

93 4190 314 4264 diceret
349 4224 564 4288 eoque
605 4205 806 4269 modo
850 4205 1117 4269 laudem
1160 4207 1245 4269 ab
1292 4206 1437 4268 aliis
1474 4208 1600 4271 sibi
1631 4208 1950 4272 tributam
1980 4208 2125 4292 ipse
2158 4229 2268 4269 ex-

92 4293 336 4363 tenuare
355 4301 698 4367 videretur
717 4352 730 4365 .
759 4317 1428 4389 quamquam'vereor
1451 4326 1535 4368 ne
1552 4304 1848 4392 Poggius
1866 4354 1880 4381 ,
1905 4326 2054 4368 cum
2076 4304 2282 4374 nimis

94 4383 307 4459 doctus
335 4419 480 4466 esse
509 4400 744 4476 vellet,
776 4402 923 4487 ipse
955 4402 1082 4465 sibi
1112 4400 1348 4465 fecerit
1378 4402 1715 4466 iniuriam:
1746 4424 1894 4466 nam
1930 4423 2075 4465 cum
2094 4401 2265 4466 Var-
