2840 5008
505 393 590 458 12
1398 414 1815 463 ΕΜΕΝΒΛΤιο

496 562 811 630 Schulzio
827 611 843 638 ‚
865 563 1012 627 viro
1033 562 1277 629 illustri
1296 564 1673 629 litterarum
1697 566 2131 632 colendarum
2154 570 2722 637 adiuvandarum-

497 686 629 750 que
673 662 1165 726 studiosissimo
1188 710 1203 737 ,
1246 664 1741 728 commodatum
1782 665 1943 729 mihi
1985 668 2268 732 maxime
2313 668 2574 756 profuit
2634 672 2736 736 ad?

494 759 881 828 reddendas
902 759 1193 824 Marullo
1222 760 1461 825 laudes
1493 783 1683 838 suaS‚
1715 784 1885 848 quas
1917 765 2253 851 plerique,
2286 768 2404 852 qui
2436 790 2586 831 eum
2618 791 2734 833 se·-

493 862 632 926 cuti
660 866 819 925 sunt
836 908 851 936 ‚
880 858 990 923 vel
1019 859 1285 923 silentio
1316 869 1714 945 presserunt
1742 861 1851 925 vel
1874 864 2195 928 conviciis
2219 867 2720 931 contaminave-

489 968 648 1024 runt
669 1009 683 1022 .
724 958 966 1022 horum
1005 957 1259 1044 primus
1300 955 1433 1021 fuit
1460 957 1915 1046 Hieronymus
1943 961 2242 1026 Avantius
2268 962 2732 1037 Veronensis,-

488 1060 603 1146 qui
645 1080 796 1122 cum
834 1078 909 1121 se
950 1057 1085 1120 hoc
1125 1062 1365 1141 poema
1407 1078 1531 1120 suo
1572 1058 1839 1142 ingenio
1883 1067 1955 1143 et
1991 1052 2229 1126 labore
2258 1061 2404 1124 sine
2436 1063 2714 1147 antiquo

488 1156 851 1242 exemplari
874 1155 1267 1219 emendasse
1290 1155 1527 1219 scribit
1543 1203 1558 1229 ‚
1580 1155 1835 1220 furtum
1854 1158 2115 1245 insigne
2140 1157 2523 1224 dissimulat
2540 1207 2556 1235 ‚
2582 1183 2713 1245 quo

487 1278 636 1320 eum
675 1255 1000 1339 pleraque
1028 1252 1301 1316 Marulli
1329 1253 1608 1316 inventa
1635 1255 1927 1339 turpiter
1958 1257 2367 1344 corripuisse
2400 1257 2711 1322 demons-

484 1357 683 1421 trabo
725 1354 816 1418 ad
855 1353 1095 1417 librum
1134 1376 1242 1428 111,
1265 1353 1347 1416 98
1369 1401 1385 1416 .
1427 1353 1541 1417 hic
1579 1360 1805 1417 tamen
1832 1355 2194 1431 Avantius,
2237 1357 2427 1420 cuius
2473 1357 2713 1421 editio·

482 1476 637 1518 nem
665 1451 972 1517 Venetiis
1013 1451 1353 1536 impressit
1382 1450 1599 1515 Aldus
1642 1473 1817 1515 anno
1853 1453 2013 1517 1500
2035 1501 2051 1528 ‚
2088 1453 2299 1520 habet
2340 1454 2713 1521 laudabilia

483 1553 649 1617 satis
689 1549 900 1613 multa
938 1570 1077 1612 non
1115 1570 1156 1612 a
1194 1549 1486 1613 Marullo
1533 1551 1780 1635 petita,
1829 1551 2161 1636 quaedam
2201 1553 2399 1617 etiam
2445 1575 2483 1617 e
2522 1554 2730 1620 libris-

483 1650 820 1736 quadrato
843 1655 1080 1710 nostro
1106 1647 1457 1734 similibus3
1482 1648 1727 1732 quibus
1748 1649 2040 1734 improbi
2060 1650 2228 1714 furis
2248 1672 2500 1716 nomen
2514 1700 2531 1728 ‚
2556 1653 2710 1738 quia

481 1771 618 1814 non
660 1747 853 1833 potui
891 1744 1074 1809 aliud
1097 1794 1113 1821 ,
1154 1747 1444 1832 apposui
1480 1748 1731 1811 invitus
1756 1796 1769 1810 .
1799 1747 2000 1812 huius
2028 1749 2519 1834 ineptissimam
2550 1752 2707 1814 scri-

478 1845 690 1915 bendi‘
707 1845 1034 1908 rationem
1050 1843 1490 1908 Eichstadius
1514 1845 1817 1909 studiose
1837 1847 2139 1911 imitatus
2163 1854 2268 1912 est
2286 1897 2299 1911 .
2322 1849 2723 1923 Avantium„¹

480 1948 668 2012 euius
706 1952 931 2008 tamen
969 1941 1217 2006 nullam
1256 1944 1661 2008 mentionem
1694 1943 1858 2009 fecit
1878 1994 1893 2021 ,
1924 1946 1993 2009 in
2021 1946 2361 2031 plerisque
2394 1948 2706 2013 omnibus

478 2046 784 2132 sequit-ur
822 2042 1160 2106 Iohannes
1200 2040 1514 2126 Baptista
1544 2042 1698 2105 Pius
1724 2041 2203 2117 BononiensiS‚
2249 2044 2360 2128 qui
2405 2044 2478 2106 in
2525 2066 2724 2113 com*

475 2143 803 2210 mentario
834 2140 1183 2204 Bononiae
1226 2160 1401 2202 anno
1438 2140 1591 2204 1511
1628 2140 1812 2203 edito
1854 2162 1990 2203 non
2031 2140 2215 2204 nulla
2251 2144 2523 2228 egregie
2556 2165 2722 2207 cor-v

474 2245 652 2309 rexit
672 2289 688 2317 ‚
731 2239 1347 2324 antiquissimorum
1389 2239 1867 2323 exemplarium
1908 2239 2041 2302 fide
2079 2239 2454 2303 identidem
2481 2228 2703 2306 vinter-

473 2343 699 2430 posita
713 2388 729 2416 ,
754 2361 902 2403 cum
922 2344 1147 2402 tamen
1171 2359 1319 2401 eum
1342 2336 1546 2424 nullis*
1564 2336 1691 2401 nisi
1713 2338 2188 2402 recentissimis
2210 2346 2356 2402 arte
2373 2339 2718 2405 Italorum-

476 2439 789 2527 expolitis
830 2458 1022 2500 usum
1063 2457 1212 2500 esse
1255 2442 1322 2499 et
1365 2457 1476 2499 res
1516 2435 1667 2522 ipsa
1708 2436 2028 2500 ostendat
2070 2445 2137 2500 et
2167 2458 2397 2500 eorum
2427 2441 2703 2503 nomina

472 2560 783 2630 quorum
801 2534 1148 2601 codicibus
1190 2557 1354 2598 usus
1401 2541 1545 2598 est.
1588 2535 1758 2598 dicit
1802 2536 1976 2598 enim
2015 2557 2089 2599 se
2135 2537 2329 2621 quasi
2366 2536 2623 2602 Zeusin
2666 2562 2700 2604 0

469 2650 752 2728 quattuor
774 2635 1173 2720 corporibus
1195 2655 1394 2698 11113111
1410 2632 1730 2698 Lucretio
1751 2633 2036 2698 formam
2057 2636 2510 2747 praestitisse,
2537 2660 2699 2703 enu-

467 2743 685 2802 merat
713 2742 933 2799 autem
966 2732 1404 2818 exemplaria,
1449 2733 1694 2817 quibus
1725 2755 1887 2797 usus
1918 2734 2040 2809 sit,
2080 2734 2209 2797 nisi
2237 2732 2470 2810 fallor,
2517 2740 2717 2823 qusin-v

467 2860 584 2924 que
614 2834 874 2918 (itaque
898 2831 985 2895 de
1002 2831 1301 2895 Zeuxide
1321 2830 1558 2895 Cicero
1585 2839 1653 2895 et
1669 2831 1961 2917 Plinius)
1979 2880 1993 2908 ‚
2027 2832 2329 2896 codicem
2346 2834 2696 2899 Hermolai

467 2942 538 2999 et
564 2932 917 3017 Pomponii
949 2930 1023 3014 (a
1053 2951 1187 3015 quo
1220 2928 1487 2993 differre
1519 2930 1825 2994 existimo
1855 2930 2306 2995 Basileensem
2335 2954 2375 2995 a
2397 2932 2692 3020 Pompo-

461 3034 578 3097 nio
620 3032 692 3095 in
736 3049 1009 3093 carcere
1055 3029 1376 3113 scriptum
1419 3049 1595 3091 311110
1637 3029 1830 3105 1468,
1869 3030 1940 3093 111
1984 3051 2117 3114 quo
2157 3029 2448 3095 Barbari
2485 3031 2692 3096 ullam

385 3164 391 3168 ·
464 3132 866 3196 mentionem
911 3148 1061 3190 esse
1100 3148 1238 3189 non
1267 3126 1480 3191 refert
1512 3125 1802 3191 Orellius
1831 3128 1902 3191 in
1929 3127 2216 3192 historia
2245 3128 2480 3192 critica
2511 3129 2692 3194 eclo-

463 3250 698 3316 garum
729 3248 814 3291 ex
843 3224 1120 3289 Salustii
1156 3224 1590 3288 historiarum
1618 3225 1809 3289 libris
1840 3226 2023 3289 edita
2052 3226 2283 3290 Turici
2312 3247 2490 3291 anno
2528 3230 2687 3292 1833

462 3351 526 3413 p.
545 3327 696 3411 35),
738 3325 1037 3389 codicem
1075 3344 1213 3386 non
1244 3325 1512 3387 omnino
1542 3324 1786 3388 malum
1820 3325 1934 3409 qui
1960 3324 2202 3388 fuisset
2235 3319 2393 3389 ‘viri
2418 3348 2559 3391 non
2585 3327 2688 3390 in-

462 3425 650 3490 docti
676 3423 896 3509 gentis
923 3422 1331 3486 clarissimae
1363 3422 1823 3499 Strotiorum‚'
1863 3423 2158 3509 Philippi
2187 3418 2684 3490 Beroaldi‘im-

459 3545 766 3613 pressum
810 3520 1117 3607 quidem,
1161 3521 1284 3586 sed
1324 3527 1548 3586 tamen
1584 3543 1915 3635 perpense
1948 3523 2393 3586 examinatum
2409 3522 2442 3596 ,’
2484 3544 2683 3607 prae·

457 3633 648 3689 terea
679 3620 887 3686 Codri
916 3620 1402 3706 (Brixiensem‚
1434 3627 1642 3733 put0,
1675 3622 1789 3705 qui
1816 3621 1886 3684 in
1908 3644 1961 3696 1,
1982 3620 2105 3685 853
2128 3620 2339 3685 habet
2363 3620 2551 3705 quod
2572 3622 2683 3685 ille
2740 3620 2746 3625 ’

458 3744 495 3785 0
515 3720 724 3785 Codri
747 3719 982 3784 codice
1007 3716 1263 3794 adfert,
1284 3720 1534 3803 sanquis
1554 3720 1847 3803 omoios),
1881 3724 2225 3803 postremo
2243 3718 2553 3783 Marulli.
2585 3722 2683 3785 ita

456 3842 496 3883 a
523 3820 646 3882 Pio
686 3840 902 3902 usque
944 3818 1033 3882 ad
1073 3818 1515 3903 Forbigerum
1556 3838 1786 3882 omnes
1813 3817 2114 3880 Lucretii
2155 3794 2472 3880 editores
2494 3818 2679 3882 nullo

453 3915 761 3980 veritatis
813 3915 1038 3979 studio
1087 3914 1496 4000 exemplaria
1540 3922 1773 3978 vetera
1818 3921 1887 3978 et
1931 3914 2438 3989 recentissima,
2493 3916 2679 3981 multi

451 4012 854 4078 Mai-ulliana
897 4032 1167 4096 quoque
1212 4020 1280 4076 et
1306 4011 1593 4087 Aldina,
1640 4012 1861 4075 omnia
1905 4013 2142 4077 eodem
2181 4032 2463 4075 numero
2493 4013 2675 4080 loco-

454 4133 584 4197 que
612 4108 1028 4186 habuerunt3
1061 4132 1194 4194 quo
1217 4110 1467 4174 factum
1494 4117 1599 4173 est
1620 4117 1697 4172 ut
1720 4111 2182 4174 omnesmulto
2205 4109 2403 4196 plura
2423 4117 2676 4175 temere

450 4218 521 4273 et
547 4206 856 4291 imperite
885 4208 1277 4291 temptando
1310 4215 1820 4292 corrumperent
1850 4228 2048 4293 quam
2078 4215 2540 4271 correctorum
2562 4230 2674 4272 ve-

448 4315 666 4372 terum
712 4312 779 4368 et
823 4304 1144 4369 Italorum
1190 4305 1596 4390 Marullique
1640 4305 1946 4392 exemplo
1988 4306 2058 4370 in
2098 4306 2434 4391 integrum
2477 4307 2673 4369 resti-

448 4410 718 4468 tuerent
738 4451 751 4465 .
783 4403 1094 4468 Andreas
1113 4404 1473 4488 Nauyerius
1489 4450 1503 4479 ,
1531 4404 1718 4469 cuius
1743 4425 1953 4489 opera
1969 4403 2186 4468 Aldus
2208 4425 2372 4467 usus
2396 4411 2503 4467 est
2525 4424 2673 4467 cum
2747 4405 2753 4409 ”
