2840 5008
1177 379 1239 445 II

62 566 117 620 et
141 576 246 619 res
277 554 625 639 progigni
660 563 735 615 et
762 552 1016 636 genitas
1048 571 1478 634 procrescere
1508 571 1741 635 posse.

64 692 191 733 esse
218 669 434 752 igitur
467 687 741 753 genere
770 666 835 726 iu
864 665 1102 748 quovis
1133 663 1493 763 primordia
1520 685 1741 728 rerum

62 784 297 848 infinita
324 782 573 868 palam
608 787 752 855 est,
774 777 949 841 unde
979 781 1194 841 omnia
1224 777 1769 865 suppeditantur.

134 897 267 960 Nec
299 916 660 980 superare
695 899 941 978 queunt
971 900 1188 957 motus
1215 894 1443 976 itaque
1476 893 1772 957 exitiales

23 1030 32 1074 ι
65 1019 378 1096 perpetuo
412 1030 661 1094 neque
690 1009 759 1070 in
789 1015 1129 1070 aeternum
1159 1007 1442 1092 sepelire
1473 1007 1794 1082 salutem,-

66 1147 174 1188 nec
201 1146 414 1210 porro
449 1145 692 1210 rerum
723 1120 1045 1204 genitales
1075 1121 1405 1203 auctificiq
1409 1143 1492 1184 ue

67 1248 267 1302 motus
299 1247 667 1325 perpetuo
700 1243 985 1322 possunt
1013 1256 1283 1299 servare
1314 1227 1568 1298 ci'eata.

70 1355 150 1416 sic
177 1375 399 1437 aequo
435 1352 714 1437 geritur
745 1349 1099 1413 certamine
1126 1350 1597 1455 principiorum

71 1489 141 1529 ex
165 1468 429 1529 infinito
468 1473 659 1529 cont
750 1472 905 1526 tum
933 1437 1195 1547 tempt¹
1182 1478 1233 1523 e
1262 1465 1535 1527 bellum.

21 1599 39 1642 ⁵
72 1586 229 1644 nunc
257 1581 372 1643 hic
403 1601 605 1642 nunc
634 1578 768 1640 illic
792 1585 1117 1662 superant
1144 1578 1369 1640 vitalia
1396 1599 1648 1652 rerum,

77 1704 135 1758 et
159 1702 589 1780 superantur
617 1694 809 1755 item.
833 1693 1145 1754 miscetur
1173 1691 1406 1755 funere
1437 1713 1677 1777 vagor,

78 1830 254 1892 quem
282 1808 494 1895 pueri
526 1806 781 1870 tollunt
807 1794 1082 1869 visentis
1110 1805 1370 1882 luminis
1401 1828 1583 1869 oras:

77 1943 184 1985 nec
210 1945 352 1987 nox
382 1921 538 1986 ulla
573 1920 749 1983 diem
777 1941 993 2004 neque
1022 1927 1290 1982 noctem
1318 1941 1561 1983 aurora
1589 1931 1915 1998 secutast,
1961 1920 1966 1923 Δ

80 2059 234 2119 quae
261 2060 408 2100 non
444 2034 749 2101 audierit
778 2035 1020 2097 mixtos
1051 2033 1383 2118 vagitibus
1414 2036 1630 2119 aegris

19 2164 48 2211 to
81 2151 371 2235 ploratus
395 2201 412 2226 ,
437 2137 708 2213 mortis
724 2150 998 2212 comites
1030 2156 1097 2210 et
1123 2147 1377 2211 funeris
1408 2149 1569 2211 atri.

151 2265 325 2328 Illud
353 2267 430 2328 in
460 2265 578 2328 his
660 2265 675 2275 ’
724 2265 1036 2357 fanatum
1066 2284 1336 2347 quoque
1365 2264 1568 2327 rebus
1597 2263 1846 2328 habere

84 2380 389 2442 convenit
421 2387 497 2443 et
530 2370 766 2441 menie.-
790 2363 1217 2439 {fluandatum
1246 2384 1466 2440 mente
1496 2386 1757 2453 tenere,

85 2495 163 2558 nil
190 2516 340 2560 esse
360 2544 376 2570 ,
400 2494 478 2556 in
511 2500 832 2577 promptu
863 2512 1145 2575 quorum
1173 2499 1413 2555 natura
1442 2491 1737 2568 videtur,

91 2608 259 2691 quod
288 2628 558 2694 genere
592 2628 678 2668 ex
706 2628 840 2668 uno
872 2606 1197 2669 consistat
1225 2607 1729 2692 principiorum,

17 2733 53 2790 35
87 2745 193 2786 nec
223 2724 604 2807 quicquam
637 2718 820 2804 quod
850 2740 988 2781 non
1017 2720 1344 2806 permixto
1376 2722 1623 2784 semine
1654 2730 1948 2788 constet:

92 2847 147 2899 et
173 2836 363 2921 quod
395 2837 696 2918 cumque
725 2834 933 2919 magis
963 2834 1063 2897 vis
1091 2835 1333 2898 multas
1362 2835 1669 2919 possidet
1696 2839 1764 2899 in
1796 2860 1867 2901 se

94 2959 277 3035 atque
309 2957 713 3036 potestates
733 2996 748 3021 ‚
768 2948 861 3011 ita
888 2948 1169 3031 plurima
1198 2950 1670 3034 principiorum

91 3065 148 3126 in
174 3086 321 3128 sese
352 3084 620 3150 genera
648 3084 726 3125 ac
757 3063 974 3126 varias
1005 3062 1206 3126 docet
1235 3084 1380 3128 esse
1409 3057 1696 3148 figuras

95 3180 411 3263 principio
447 3177 656 3242 tellus
683 3177 892 3240 habet
918 3178 1087 3240 in'se
1119 3199 1406 3263 corpora
1434 3179 1676 3263 prima,

18 3304 63 3352 90
95 3292 257 3356 unde
285 3313 486 3356 mare
516 3292 890 3355 inmensum
918 3292 1266 3355 volventes
1293 3291 1545 3377 frigora
1572 3293 1794 3358 fontes

98 3406 366 3471 adsidue
399 3412 775 3480 renovent,
797 3405 1000 3469 habet
1027 3408 1216 3491 ignes
1244 3406 1426 3470 unde
1458 3407 1786 3471 oriantur:

98 3543 233 3585 nam
260 3522 504 3585 multis
539 3541 862 3583 succensa
888 3520 1053 3584 locis
1084 3520 1326 3584 ardent
1353 3522 1499 3584 sola
1526 3529 1778 3597 terrae,

101 3636 337 3699 eximiis
373 3657 547 3698 vero
581 3634 740 3696 furit
766 3633 1027 3718 ignibus
1053 3635 1340 3719 impetus
1369 3637 1656 3699 Aetnae:

103 3758 224 3812 tum
251 3771 474 3834 porro
505 3746 758 3810 nitidas
785 3747 1011 3831 fruges
1042 3750 1450 3834 arbustaque
1481 3751 1656 3814 laeta

17 3873 67 3920 85
102 3866 405 3947 gentibus
438 3862 751 3926 humanis
778 3862 985 3925 habet
1015 3863 1192 3926 unde
1224 3866 1544 3928 extollere
1574 3865 1823 3948 possit,

105 3978 264 4040 unde
298 3979 508 4041 etiam
540 3975 782 4038 fluvios
809 3976 1084 4041 frondes
1116 3986 1181 4041 et
1208 3979 1454 4064 pabula
1479 3979 1656 4041 laeta

110 4094 495 4176 montivago
519 4090 748 4175 generi
777 4092 989 4175 possit
1017 4094 1338 4175 praebere
1366 4093 1681 4156 ferarum.

120 4342 205 4386 586
241 4337 312 4402 Et
351 4354 493 4406 quae
535 4339 556 4406 Η
598 4342 693 4387 593
734 4335 816 4386 Ex
854 4337 967 4387 imis

2249 381 2335 446 59
