2840 5008
509 339 600 406 78
964 308 969 315 ’
1599 336 1660 404 11

507 511 689 597 quod
721 511 881 574 satis
915 518 1048 586 est,
1072 532 1289 595 neque
1320 523 1641 596 quantum
1673 533 1842 596 opus
1875 521 1978 577 est
2004 523 2246 577 natura
2273 518 2667 582 ministrat.

342 645 470 691 1150
500 629 763 712 iamque
793 625 964 689 adeo
995 624 1210 690 fracta
1241 633 1344 689 est
1373 635 1560 690 aetas
1579 675 1593 701 ‚
1618 626 1945 711 effetaque
1975 628 2171 691 tellus

505 743 620 805 vix
650 740 951 805 animalia
979 762 1189 824 parva
1219 748 1404 807 creat
1422 789 1436 813 ‚
1463 761 1632 824 quae
1663 748 1904 804 cuncta
1935 744 2186 808 creavit

505 855 725 919 saecla
756 853 1077 938 deditque
1106 842 1395 918 ferarum
1424 843 1718 937 ingentia
1748 875 2034 940 corpora
2060 866 2288 941 partu.

504 969 686 1033 haud
707 1018 721 1045 ‚
745 977 819 1032 ut
849 969 1087 1056 opinor
1106 1017 1120 1044 ‚
1145 969 1316 1032 enim
1343 969 1650 1032 mortalia
1678 968 1901 1031 saecla
1929 991 2216 1060 superne

507 1106 709 1148 aurea
740 1082 825 1147 de
857 1084 1042 1147 caelo
1077 1083 1341 1147 demisit
1366 1083 1542 1146 funis
1572 1084 1640 1146 in
1669 1104 1855 1158 arva,

343 1218 470 1263 1155
500 1222 627 1263 nec
656 1220 837 1262 mare
865 1219 989 1262 nec
1019 1198 1260 1262 fluctus
1288 1198 1860 1287 plangentis‘saxa
1890 1210 2231 1277 crearunt,

507 1313 631 1389 sed
660 1313 887 1398 genuit
913 1312 1111 1376 tellus
1145 1311 1375 1375 eadem
1410 1333 1580 1397 quae
1610 1334 1786 1375 nunc
1816 1312 1935 1375 alit
1966 1334 2048 1376 ex
2077 1336 2179 1376 se.

505 1436 856 1515 praeterea
882 1425 1126 1490 nitidas
1155 1427 1382 1512 fruges
1410 1427 1769 1512 vinetaque
1797 1428 1974 1491 laeta

505 1549 748 1627 sponte
779 1563 900 1605 sua
926 1541 1207 1626 primum
1235 1541 1626 1605 mortalibus
1656 1542 1804 1626 ipsa
1833 1541 2115 1616 creavit,

505 1658 651 1741 ipsa
681 1654 870 1720 dedit
900 1654 1112 1718 dulcis
1141 1656 1317 1719 fetus
1350 1664 1418 1720 et
1449 1655 1694 1741 pabula
1721 1656 1928 1732 laeta3

344 1787 471 1834 v1160
505 1791 676 1855 quae
705 1792 884 1833 nune
912 1770 1026 1833 vix
1054 1779 1287 1835 nostro
1319 1770 1774 1855 grandescunt
1801 1781 2000 1833 aucta
2027 1771 2256 1836 labore
2276 1822 2289 1847 ‚
2315 1816 2330 1826 ae

510 1884 1045 1968 conterimusque
1074 1884 1283 1948 boves
1316 1893 1382 1948 et
1411 1886 1569 1957 viris
1601 1885 2039 1969 agricolarum
2058 1934 2072 1960 ‚
2140 1916 2144 1922 ·

509 1998 890 2062 conficimus
918 1997 1166 2062 ferrum
1186 2048 1201 2074 ‚
1224 1999 1337 2062 vix
1367 2000 1542 2063 arvis
1573 1998 2010 2083 suppeditati:

504 2136 718 2198 usque
749 2112 920 2176 adeo
952 2120 1238 2199 parcunt
1264 2113 1443 2177 fetus
1474 2120 1855 2198 augentque
1880 2114 2140 2178 labore.

505 2229 767 2312 iamque
799 2235 1002 2312 caput
1033 2249 1358 2312 quassans
1387 2227 1662 2312 grandis
1692 2229 1987 2314 suspirat
2015 2236 2240 2292 arator

344 2360 472 2406 1165
504 2342 801 2408 crebrius
821 2392 835 2417 ‚
855 2343 925 2405 in
955 2363 1215 2406 cassum
1243 2363 1550 2406 manuum
1584 2340 1905 2406 cecidisse
1935 2343 2199 2407 labores
2218 2394 2232 2419 ,

507 2466 573 2523 et
603 2480 749 2522 cum
779 2466 1086 2545 tempora
1114 2458 1523 2543 temporibus
1553 2458 1934 2544 praesentia
1964 2458 2224 2522 confert

503 2575 884 2660 praeteritis
904 2623 919 2649 ,
944 2573 1178 2637 laudat
1204 2573 1511 2638 fortunas
1544 2595 1746 2659 saepe
1776 2573 2101 2659 parentis.

502 2689 712 2752 t'ristis
739 2692 898 2751 item
925 2688 1191 2753 vetulae
1219 2689 1372 2752 vitis
1405 2696 1591 2752 sator
1620 2694 1824 2773 atque
1853 2688 2071 2752 vietae

503 2803 825 2887 temporis
855 2803 1118 2866 incusat
1143 2823 1406 2867 momen
1425 2851 1440 2879 ‚
1465 2803 1850 2887 caelumque
1879 2803 2141 2888 fatigat,

344 2934 478 2980 1170
512 2925 580 2981 et
609 2925 839 3001 crepat
857 2965 872 2991 ‚
895 2918 1183 2980 anticum
1212 2937 1422 3001 genus
1452 2925 1529 2981 ut
1554 2918 1808 3004 pietate
1836 2918 2163 3002 repletum

505 3032 820 3116 perfacile
852 3030 1150 3116 angustis
1180 3030 1482 3096 tolerarit
1508 3032 1748 3095 finibus
1780 3053 2044 3108 aevom,

508 3168 656 3209 cum
685 3146 897 3209 minor
929 3153 1110 3209 esset
1137 3146 1278 3231 agri
1306 3147 1514 3211 multo
1543 3146 1783 3210 modus
1814 3154 1968 3210 ante
1997 3147 2239 3211 viritim
2256 3156 2272 3209 ε’

503 3282 632 3324 1166
659 3268 846 3325 tenet
876 3260 1094 3323 omnia
1121 3261 1441 3345 paulatim
1470 3262 1819 3327 tabescere
1850 3269 1918 3325 et
1942 3262 2038 3325 ire

506 3375 595 3439 ad
625 3376 928 3463 capulum
950 3424 965 3451 ‚
989 3375 1209 3461 spatio
1240 3378 1482 3442 aetatis
1514 3377 1782 3441 defessa
1808 3384 2107 3440 vetusto.

513 3698 643 3744 1150
680 3692 821 3745 facta
873 3691 893 3762 Η
949 3690 1238 3759 effectaque
1291 3691 1312 3760 Η
1368 3696 1500 3765 1153
1537 3692 1757 3761 opinore
1794 3690 2107 3742 immortalia
2154 3690 2173 3757 ΙΙ
2227 3692 2356 3739 1160
2396 3686 2519 3749 Qua
2568 3690 2587 3758 Η
2642 3690 2759 3737 1165

509 3793 756 3845 magnum
807 3775 827 3846 ΙΙ
868 3780 1000 3827 1168
1034 3773 1250 3844 fatigat.
1287 3771 1308 3843 ΙΙ
1350 3780 1479 3826 1169
1514 3790 1704 3827 nomeu
1742 3771 2077 3841 saeclumque
2112 3771 2131 3839 ΙΙ
2175 3776 2302 3822 1170
2339 3769 2544 3840 pletate
2582 3771 2602 3838 ΙΙ
2640 3771 2756 3820 1172

510 3857 730 3909 diritim.
769 3858 789 3928 11
829 3864 960 3910 1174
996 3855 1271 3927 scopulum
