2840 5008
1120 421 1185 486 V
2147 425 2279 491 163

48 596 262 682 quidve
291 595 445 658 mali
474 594 699 658 fuerat
727 595 921 657 nobis
950 615 1089 656 non
1120 615 1269 657 esse
1299 595 1586 658 creatis?

45 719 213 773 natus
244 711 415 772 enim
448 708 657 773 debet
687 708 798 793 qui
831 729 1113 792 cumque
1144 716 1246 771 est
1275 708 1447 772 velle
1477 729 1743 772 manere

48 827 100 888 in
124 826 252 889 vita
269 874 283 900 ,
308 823 533 887 donec
562 823 874 886 retinebit
901 821 1152 886 blanda
1182 823 1528 908 voluptas:

50 940 139 1023 qui
163 959 523 1022 numquam
554 960 713 1001 vero
746 938 920 1000 vitae
950 938 1246 1022 gustavit
1275 960 1567 1001 amorem

15 1075 20 1114 ο
47 1075 145 1116 nee
171 1054 288 1116 fuit
316 1053 385 1115 in
416 1074 697 1115 numero
719 1101 733 1127 ‚
759 1052 918 1137 quid
952 1053 1149 1119 obest
1178 1075 1314 1115 non
1346 1075 1492 1116 esse
1526 1055 1865 1117 creatum?

51 1167 391 1253 exemplum
424 1187 635 1251 porro
665 1165 1018 1250 gignundis
1049 1161 1251 1230 rebus
1283 1175 1350 1230 et
1377 1168 1526 1253 ipsa

48 1281 287 1344 notities
316 1281 664 1343 hominum
696 1280 799 1343 dis
831 1280 1011 1344 unde
1043 1289 1147 1344 est
1175 1282 1375 1344 insita
1404 1283 1715 1367 primum,

16 1433 19 1476 5
52 1394 184 1479 quid
211 1395 461 1458 vellent
488 1394 714 1458 faeere
741 1403 818 1458 ut
848 1396 1097 1459 seirent
1125 1396 1480 1480 animoque
1512 1396 1822 1461 viderent
1840 1448 1853 1474 ‚

16 1517 17 1520 ’
54 1531 242 1592 quove
268 1509 554 1574 modost
581 1532 893 1594 umquam
922 1511 1021 1573 vis
1054 1512 1321 1595 cognita
1348 1511 1825 1596 principiorum
1844 1563 1857 1588 ‚

15 1635 23 1690 b
50 1623 310 1709 quidque
341 1625 522 1687 inter
552 1646 699 1688 sese
731 1632 1108 1710 permutato
1141 1623 1376 1687 ordine
1409 1634 1722 1711 possent,
1781 1627 1790 1634 ’

52 1738 93 1798 si
115 1760 240 1800 non
267 1739 419 1823 ipsa
452 1737 644 1802 dedit
671 1740 1006 1824 specimen
1036 1746 1277 1803 natura
1307 1739 1626 1803 creandi?

50 1872 299 1936 namque
328 1854 429 1916 ita
457 1853 663 1916 multa
690 1853 906 1917 modis
935 1854 1160 1917 multis
1191 1853 1555 1939 primordia
1584 1876 1803 1918 rerum

57 1986 119 2028 ex
142 1967 391 2031 infinito
423 1969 554 2030 iam
585 1975 884 2052 tempore
916 1969 1174 2055 percita
1203 1968 1417 2053 plagis

16 2163 17 2170 ἵ
52 2080 568 2166 ponderibusque
599 2084 733 2145 suis
765 2091 1176 2146 consuerunt
1205 2084 1468 2146 concita
1497 2081 1656 2146 ferri

49 2195 548 2280 omnimodisque
580 2197 757 2260 coire
787 2206 990 2283 atque
1022 2199 1242 2260 omnia
1271 2205 1725 2283 pertemptare
1743 2247 1757 2273 ‚

16 2347 17 2356 κ
53 2328 191 2390 quae
219 2332 506 2400 eumque
536 2312 709 2374 inter
739 2333 811 2375 se
842 2320 1123 2398 possent
1153 2333 1516 2397 congressa
1546 2333 1806 2385 creare,

49 2430 253 2486 utnon
283 2424 373 2487 sit
402 2424 672 2501 mirum,
696 2427 751 2488 si
777 2427 847 2488 in
876 2426 1024 2490 talis
1059 2426 1504 2511 disposituras

53 2535 419 2602 deciderunt
451 2561 720 2624 quoque
753 2548 819 2603 et
844 2541 914 2602 in
944 2541 1094 2603 talis
1127 2561 1369 2603 venere
1399 2549 1657 2603 meatus
1676 2590 1690 2615 ,

16 2692 19 2717 ι
52 2653 326 2732 qualibus
356 2654 529 2717 haec
558 2675 777 2717 rerum
807 2654 1061 2738 geritur
1090 2674 1269 2716 nunc
1299 2675 1554 2736 summa
1585 2656 1934 2718 novandO.

114 2766 301 2845 Quod
335 2768 393 2829 si
422 2769 553 2830 iam
582 2788 802 2830 rerum
830 2770 1133 2853 ignorem
1164 2768 1528 2851 primordia
1558 2791 1727 2853 quae
1758 2770 1890 2832 sint
1910 2819 1923 2845 ,

52 2876 155 2941 hoe
180 2889 402 2944 tamen
437 2904 521 2945 ex
551 2883 711 2966 ipsis
743 2883 905 2949 caeli
934 2884 1306 2946 rationibus
1338 2885 1547 2946 ausim

16 3002 17 3037 l
52 2995 415 3058 confirmare
446 2996 722 3081 aliisque
754 3018 837 3059 ex
865 2998 1068 3060 rebus
1098 2996 1384 3060 reddere
1414 2997 1666 3070 multiS‚

16 3152 17 3155 η
52 3127 445 3195 nequaquam
474 3111 668 3174 nobis
701 3109 1016 3175 divinitus
1049 3133 1194 3175 esse
1234 3118 1533 3198 paratam

16 3232 17 3239 ’
49 3231 323 3288 naturam
356 3208 612 3288 rerum:
636 3233 827 3289 tanta
857 3233 996 3289 stat
1023 3224 1332 3311 praedita
1363 3226 1589 3310 culpa.

15 3322 25 3413 l
48 3337 344 3433 prinqipio
378 3348 704 3424 quantum
733 3340 900 3403 caeli
928 3342 1097 3425 tegit
1125 3342 1410 3427 impetus
1440 3339 1676 3423 ingens
1694 3389 1707 3413 ‚

50 3449 179 3513 inde
208 3454 497 3538 aliquam
526 3462 787 3538 partem
815 3464 1076 3517 montes
1108 3455 1448 3537 silvaeque
1477 3452 1765 3516 ferarum

51 3566 393 3645 possedere
415 3617 429 3643 ,
454 3577 687 3631 tenent
716 3590 916 3654 rupes
947 3577 1314 3654 vastaeque
1345 3567 1629 3653 paludes

53 3686 104 3738 et
127 3701 300 3744 mare
318 3731 333 3757 ‚
357 3681 549 3766 quod
576 3682 708 3745 late
739 3690 1067 3746 terrarum
1099 3682 1373 3746 distinet
1404 3703 1590 3745 oras,

50 3789 182 3855 inde
215 3793 378 3858 duas
412 3818 618 3881 porro
648 3819 862 3883 prope
892 3797 1104 3881 partis
1134 3796 1434 3860 fervidus
1466 3794 1670 3858 ardor

54 3903 486 3993 adsiduusque
516 3910 645 3994 geli
677 3933 872 3974 casus
901 3911 1292 3975 mortalibus
1322 3910 1571 3974 aufert.

16 4016 17 4021 ’
52 4021 216 4100 quod
246 4045 445 4110 super
479 4031 583 4087 est
613 4026 789 4100 arvi,
812 4033 1032 4089 tamen
1062 4025 1135 4088 id
1163 4033 1404 4090 natura
1435 4046 1557 4087 sua
1586 4025 1653 4086 vi

59 4303 140 4348 182
176 4300 303 4354 divis
361 4304 380 4371 ΙΙ
445 4310 538 4355 185
579 4321 638 4355 se
676 4304 695 4372 Η
736 4309 830 4355 186
869 4304 1100 4373 speciem
1141 4305 1160 4374 ΙΙ
1204 4309 1295 4354 187
1335 4295 1657 4355 multimodis
1696 4302 1715 4369 ΙΙ
1760 4308 1848 4352 191
1891 4301 2101 4369 possint
2136 4300 2154 4365 ΙΙ
2197 4303 2288 4347 193

54 4391 289 4438 maestus,
332 4386 351 4454 ΙΙ
392 4393 488 4438 195
527 4387 571 4437 si
609 4393 875 4439 omissum.
915 4385 935 4453 ΙΙ
973 4392 1065 4437 201
1111 4385 1315 4439 avidam

16 4540 17 4607 Q
1760 4482 1886 4542 11⁶
