2840 5008
1160 345 1286 416 1111

100 530 162 592 fit
188 527 372 613 quasi
399 534 480 590 ut
512 524 607 589 ad
634 533 903 589 tornum
931 545 1245 588 saxorum
1276 519 1531 587 structa
1558 531 1848 587 tua-mur:

103 665 218 707 non
245 651 470 706 tamen
500 649 580 704 ut
611 659 836 703 coram
868 656 1041 730 quae
1072 646 1229 702 sunt
1255 659 1549 722 vereque
1578 638 1872 701 rutunda
1890 689 1904 714 ‚

104 756 209 821 sed
236 757 431 841 quasi
462 754 907 819 adumbratim
938 751 1204 837 paulum
1235 753 1540 816 simulata
1567 752 1911 817 videntur.

104 872 314 936 umbra
342 869 622 934 videtur
650 870 809 932 item
837 863 1035 934 nobis
1061 869 1127 931 in
1159 868 1302 931 sole
1331 867 1584 932 moveri

57 1006 70 1048 r>
104 996 158 1050 et
182 986 467 1071 vestigia
493 959 745 1048 nostra·
761 983 950 1068 sequi
980 990 1373 1068 gestumque
1402 983 1672 1058 imitari3

107 1108 242 1165 aera
269 1101 324 1163 si
358 1099 584 1165 credis
615 1099 946 1187 privatum
974 1098 1216 1161 lumine
1244 1118 1446 1182 posse

106 1214 479 1301 indugredi,
502 1221 725 1278 motus
754 1213 1090 1276 hominum
1119 1221 1513 1297 gestumque
1540 1221 1930 1296 sequentem
1953 1237 1992 1288 εν

105 1353 236 1394 nam
262 1332 366 1395 nil
396 1352 545 1394 esse
573 1336 803 1415 potest
832 1328 993 1390 aliut
1017 1327 1145 1415 nisi
1170 1327 1415 1390 lumine
1444 1348 1673 1390 cassus

110 1453 206 1510 aer
231 1445 312 1509 id
341 1444 528 1531 quod
555 1466 682 1508 nos
711 1443 1009 1507 umbram
1037 1441 1389 1527 perhibere
1419 1448 1711 1506 suemus,

57 1578 72 1623 0
108 1562 165 1624 ni
191 1562 427 1624 mirum
446 1610 461 1635 ‚
486 1561 643 1645 quia
671 1569 853 1622 terra
880 1557 1043 1620 locis
1076 1578 1159 1619 ex
1189 1555 1425 1620 ordine
1455 1558 1656 1620 certis

105 1676 331 1740 lumine
361 1676 665 1762 privatur
695 1674 852 1737 solis
885 1693 1017 1757 qua
1048 1693 1330 1756 cumque
1356 1680 1676 1736 meantes,

108 1790 414 1866 efficimus
433 1839 449 1865 ‚
470 1790 767 1876 repletur
794 1789 950 1853 item
983 1786 1167 1872 quod
1195 1785 1504 1873 liquimus
1534 1788 1673 1851 eius
1690 1838 1704 1863 ‚

108 1915 455 1994 propterea
482 1905 559 1969 fit
587 1905 683 1969 uti
710 1903 1017 1968 videatur
1037 1952 1051 1977 ‚
1078 1924 1247 1987 quae
1274 1902 1401 1966 fuit
1429 1904 1664 1967 umbra

112 2022 399 2107 corporis
419 2069 434 2095 ‚
459 2041 495 2082 e
525 2020 798 2105 regione
831 2017 1061 2082 eadem
1088 2040 1214 2081 nos
1242 2039 1459 2103 usque
1489 2027 1750 2082 secuta.

57 2153 75 2196 5
110 2158 352 2223 semper
383 2136 556 2198 enim
584 2155 763 2199 nova
791 2155 863 2197 se
892 2132 1231 2197 radiorum
1262 2133 1507 2196 lumina
1532 2132 1825 2200 fundunt

112 2252 437 2337 primaque
471 2249 861 2336 dispereunt
878 2297 893 2325 ‚
919 2248 1110 2334 quasi
1136 2249 1203 2311 in
1233 2249 1449 2333 ignem
1479 2247 1632 2312 lana
1660 2250 1993 2316 trahatur.

112 2375 456 2453 propterea
485 2365 678 2429 facile
711 2372 777 2428 et
806 2364 1132 2450 spoliatur
1161 2363 1402 2427 lumine
1432 2371 1640 2439 terra,

115 2489 170 2545 et
193 2483 485 2568 repletur
513 2482 670 2544 item
699 2459 1056 2565 nigrasque
1086 2478 1211 2543 sibi
1241 2479 1452 2543 abluit
1477 2480 1775 2545 umbras,

181 2597 317 2661 Nec
343 2606 569 2662 tamen
596 2595 706 2658 hic
736 2595 968 2659 oculos
995 2595 1133 2658 falli
1163 2591 1590 2683 concedimus
1620 2596 1851 2660 hilum.

57 2728 82 2771 ,ο
116 2734 249 2777 nam
278 2735 411 2798 quo
444 2732 726 2796 cumque
756 2711 907 2774 loco
937 2711 1026 2774 sit
1053 2711 1169 2773 lux
1198 2717 1401 2795 atque
1430 2711 1666 2774 umbra
1693 2715 1866 2776 tueri

118 2827 356 2891 illorum
387 2837 526 2891 est:
557 2825 786 2891 eadem
816 2846 977 2889 vero
1009 2826 1144 2889 sint
1170 2825 1416 2889 lumina
1445 2847 1685 2903 necne,

117 2943 459 3027 umbraque
491 2962 663 3027 quae
689 2941 816 3005 fuit
841 2941 965 3041 hic·
982 2936 1211 3004 eadem
1239 2962 1416 3003 nunc
1445 2948 1747 3007 transeat
1774 2944 1954 3018 illuc,

121 3077 191 3119 an
216 3058 433 3142 potius
460 3058 581 3120 fiat
607 3057 810 3142 paulo
842 3055 1028 3141 quod
1059 3054 1344 3120 diximus
1374 3064 1558 3131 ante,

120 3170 231 3236 hoc
258 3172 450 3237 animi
482 3171 746 3234 demum
772 3171 942 3234 ratio
975 3170 1355 3236 discernere
1385 3171 1617 3248 debet,

57 3301 88 3344 ιε)
122 3307 226 3350 nec
253 3294 534 3374 possunt
561 3286 735 3350 oculi
763 3293 1067 3350 naturam
1097 3307 1374 3349 noscere
1404 3308 1653 3351 rerum.

124 3401 378 3485 proinde
409 3401 608 3466 animi
636 3401 866 3464 vitium
896 3401 1028 3465 hoc
1061 3403 1268 3465 oculis
1300 3401 1639 3487 adfingere
1666 3406 1831 3469 noli.

126 3537 238 3600 qua
261 3518 562 3581 vehimur
590 3516 742 3580 navi
761 3565 776 3591 ‚
796 3515 1010 3580 fertur
1027 3566 1043 3592 ‚
1068 3539 1212 3580 cum
1245 3524 1423 3580 stare
1452 3517 1749 3583 videtur:

125 3652 272 3714 quae
301 3641 520 3697 manet
547 3632 617 3695 in
645 3633 934 3696 statione
953 3681 968 3708 ‚
992 3652 1071 3694 ea
1097 3640 1370 3718 praeter
1400 3633 1697 3697 creditur
1724 3637 1850 3699 ire.

123 3753 178 3808 et
199 3746 419 3843 fugere
449 3745 538 3810 ad
569 3747 842 3834 puppim
874 3748 1076 3811 colles
1108 3749 1454 3833 campique
1483 3748 1823 3825 videntur,

57 3874 89 3917 ³0
125 3882 272 3945 quos
301 3863 553 3948 agimus
582 3870 853 3948 praeter
883 3884 1118 3926 navem
1148 3863 1449 3949 velisque
1479 3865 1811 3929 volamus.

121 3976 316 4042 sidera
345 3999 611 4042 cessare
640 3977 951 4055 aetheriis
983 3976 1204 4041 adfixa
1238 3980 1541 4042 cavernis

124 4102 337 4158 cuncta
363 4093 680 4157 videntur
697 4141 711 4167 ‚
738 4100 807 4155 et
835 4090 1121 4155 adsiduo
1154 4101 1308 4157 sunt
1341 4096 1563 4158 omnia
1589 4105 1778 4160 motu
1795 4145 1810 4171 ,

124 4261 293 4271 Q

125 4344 206 4392 361
239 4350 442 4396 turnum
477 4345 498 4412 Η
537 4351 781 4406 tuantur.
819 4342 838 4410 ΙΙ
875 4348 972 4392 368
1009 4341 1131 4392 alini
1169 4342 1198 4408 ff
1227 4347 1325 4393 378
1362 4341 1527 4394 adluit

2215 349 2346 416 127
