2840 5008
515 351 652 419 312
1584 357 1646 419 V

512 547 708 590 casus
739 526 1108 590 rectissime
1147 528 1410 612 positus
1443 536 1548 594 est
1574 553 1589 593 :
1634 552 1790 594 nam
1825 534 1981 596 uteri
2006 544 2236 598 terram
2262 538 2570 602 radicibus
2598 545 2716 625 apti

510 632 670 688 sunt
699 634 947 688 terram
979 624 1211 710 adepti
1234 627 1343 690 vel
1371 628 1552 691 nacti
1569 675 1585 701 ‚
1613 628 1682 693 in
1715 650 1849 713 qua
1876 630 2141 696 radices
2172 653 2333 696 suas
2364 647 2712 719 ponerent.

510 733 719 809 aptum
748 744 828 786 eo
872 723 1078 788 modo
1108 746 1258 790 cum
1303 727 1708 791 accusativis
1750 728 2047 792 iunctum
2073 731 2243 794 Attii
2285 731 2566 798 Pacuvii
2589 734 2713 798 Lu-

510 820 638 884 cilii
667 821 973 885 versibus
1005 821 1226 886 allatis
1255 821 1517 888 Nonius
1545 832 1777 888 tuetur
1803 846 1868 909 p.
1889 825 2028 900 234,
2046 825 2127 890 22
2148 876 2168 906 ‚
2209 828 2453 913 itaque
2480 843 2713 896 mortem

507 931 684 1004 aptus
712 919 992 984 Plautus
1011 968 1026 996 ‚
1046 920 1407 987 Terentius
1437 924 1713 988 Deorum
1739 927 1923 989 vitam
1952 929 2081 1011 apti
2105 950 2316 991 sumus
2335 976 2350 991 .
2381 941 2584 994 uteros
2607 943 2712 995 ter·

505 1041 617 1082 rae
644 1018 1022 1084 cohaerentes
1050 1019 1217 1084 dicit
1241 1019 1650 1087 Censorinus
1678 1046 1743 1109 p.
1767 1024 1860 1099 11,
1879 1024 1919 1087 9
1936 1071 1952 1098 ‚
1982 1023 2170 1090 cuius
2190 1028 2414 1092 verba
2442 1029 2711 1092 subieci.

505 1114 645 1179 Nec
671 1116 844 1202 lonqe
871 1140 1043 1181 secus
1071 1117 1384 1204 &icarus
1405 1145 1427 1183 .·
1468 1121 1521 1182 is
1549 1121 1709 1183 enim
1738 1122 1994 1185 credidit
2017 1125 2163 1187 limo
2203 1125 2514 1211 calefacto
2542 1139 2714 1191 uteros

504 1215 703 1277 nescio
733 1238 881 1300 quos
920 1215 1230 1279 radicibus
1257 1228 1457 1281 terrae
1486 1217 1862 1282 cohaerentes
1894 1222 2169 1304 primum
2196 1223 2534 1288 increvisse
2563 1236 2610 1288 et
2632 1226 2713 1288 in-

487 1311 770 1397 fantibus
798 1336 873 1377 ex
909 1338 972 1378 se
1000 1315 1172 1378 editis
1211 1317 1539 1400 inqenilmn
1584 1318 1756 1381 lactis
1782 1340 2052 1382 mnorem
2091 1330 2321 1410 natura
2349 1323 2717 1386 minis-trama

490 1411 846 1494 praebuisse
868 1460 881 1475 .
926 1411 1085 1476 hinc
1118 1413 1481 1488 Creechius
1511 1421 1582 1478 et
1613 1414 1723 1478 alii
1744 1462 1760 1490 ‚
1804 1416 2094 1501 probato
2125 1417 2318 1501 quod
2352 1418 2716 1484 Brixiensis

505 1506 726 1571 editor
756 1517 824 1571 et
849 1510 1180 1574 Avantius
1211 1509 1547 1576 dederant
1575 1524 1774 1577 terrae
1801 1561 1818 1591 ,
1860 1524 2058 1577 terrae
2085 1515 2406 1579 radicibus
2436 1529 2611 1602 aptos
2633 1519 2717 1581 ita

500 1605 976 1669 intellexerunt
1007 1608 1200 1690 quasi
1242 1608 1417 1671 uteri
1445 1609 1538 1671 illi
1581 1608 1921 1673 radicibus
1951 1610 2088 1672 suis
2118 1635 2150 1674 e
2178 1623 2349 1676 terra
2394 1616 2546 1699 apti
2573 1615 2715 1678 fuis-

503 1709 656 1765 sent
683 1726 699 1778 ς
743 1703 930 1786 quod
971 1705 1189 1790 ipsum
1216 1706 1554 1769 Antonius
1583 1706 1781 1769 Marii
1823 1713 1893 1770 et
1919 1707 2250 1772 Marullus
2292 1711 2605 1777 voluisse
2631 1714 2715 1777 vi·

502 1800 776 1876 dentur,
808 1791 958 1865 cum
980 1803 1399 1887 scripserunt
1419 1815 1618 1867 terrae
1637 1806 1704 1867 in
1723 1805 2036 1872 radicibus
2063 1807 2190 1890 apti
2207 1854 2220 1869 .
2254 1808 2388 1871 sed
2413 1832 2500 1874 eo
2524 1811 2714 1874 modo

500 1897 634 1962 hoc
662 1920 907 1963 nomen
930 1899 1116 1984 quod
1147 1908 1253 1964 est
1274 1912 1452 1986 aptus
1475 1900 1684 1965 dandi
1708 1922 1934 1965 casum
1958 1902 2295 1967 adiectum
2324 1908 2484 1991 pati
2506 1930 2714 1972 exem-

497 1996 629 2081 plis
673 1996 1054 2062 docendum
1085 2006 1232 2063 erat
1253 2048 1269 2075 ‚
1312 2020 1450 2062 non
1495 1999 1871 2084 optandum
1917 2006 1985 2063 et
2011 2000 2408 2086 fingendum
2432 2055 2445 2069 .
2472 2006 2713 2070 Wake-

496 2095 737 2159 fieldus
774 2098 1129 2163 Grescebant
1168 2100 1359 2162 uterei
1385 2103 1551 2162 terrd
1574 2145 1589 2172 ‚
1630 2098 1942 2162 radicibus
1970 2101 2128 2183 aptei
2145 2149 2165 2179 ‚
2210 2101 2409 2185 quod
2435 2104 2552 2168 ille
2582 2127 2713 2169 cas·

496 2194 823 2258 tissimum
856 2194 1053 2271 dicit,
1086 2217 1211 2283 ego
1241 2217 1326 2260 ne
1353 2195 1671 2281 intellego
1706 2194 2009 2280 quidem.

660 2294 800 2358 809.
857 2294 1079 2374 Quos
1123 2318 1259 2359 Um
1305 2316 1677 2359 ‘rr-:Mrons
1736 2316 2060 2359 MAruao
2105 2318 2306 2360 PAtrr:
2354 2321 2709 2364 FECERAT

496 2418 593 2458 AB
615 2417 802 2459 srAs
847 2395 1282 2459 INFANTUM
1303 2444 1317 2459 .
1362 2396 1600 2479 Inepte
1631 2394 1960 2458 Marullus
1990 2406 2189 2473 actm,
2221 2396 2417 2479 quod
2448 2406 2521 2461 et
2552 2401 2710 2463 otio-

496 2516 645 2558 sum
676 2500 780 2558 est
818 2516 1036 2580 neque
1067 2493 1156 2559 ad
1200 2493 1506 2579 proxima
1534 2491 1700 2565 facit
1721 2539 1738 2557 .
1781 2492 2211 2557 scribendum
2252 2500 2361 2558 est
2405 2518 2708 2562 Ans-rus

495 2592 808 2679 Insaniam
818 2642 836 2673 ,
853 2593 1109 2679 fuyiens
1124 2616 1393 2657 umorem
1410 2615 1715 2679 aurasque
1719 2604 2020 2678 petessens
2035 2642 2048 2654 .
2064 2591 2245 2656 hunc
2263 2605 2502 2659 aestum
2514 2604 2711 2680 poeta

449 2731 454 2737 ι
493 2689 697 2772 paulo
729 2700 885 2755 ante
916 2694 1182 2779 calorem
1210 2693 1478 2757 dixerat
1505 2713 1710 2755 versu
1736 2691 1860 2755 806
1879 2740 1892 2753 .

655 2790 796 2853 812.
840 2790 956 2856 Ur
1002 2815 1262 2856 sucuM
1287 2840 1301 2856 .
1345 2791 1681 2855 Antonius
1710 2790 1911 2855 Marii
1941 2800 2009 2855 et
2037 2791 2371 2855 Marullus
2400 2792 2520 2857 Er
2539 2843 2553 2856 .

654 2887 795 2951 823.
852 2910 1118 2966 ATQUE
1176 2911 1441 2953 ANIMA
1721 2911 1965 2952 FUDIT
2025 2887 2581 2967 OMNE‚.QU01>
2631 2916 2704 2956 m

492 3007 756 3050 MAcm
812 3008 1293 3051 BAcan‘ruu
1348 3008 1770 3051 Moru-mus
1827 3008 2117 3050 PASS1M
2139 3035 2155 3062 ‚
2216 2988 2698 3066 AERIAEQUE

493 3108 526 3149 s
542 3110 564 3149 1
581 3109 630 3149 M
642 3108 684 3150 u
699 3110 736 3149 L
769 3108 815 3150 v
830 3108 869 3150 o
888 3108 926 3147 L
941 3107 983 3149 u
998 3108 1033 3149 c
1048 3108 1137 3148 RE
1156 3108 1187 3148 s
1208 3135 1221 3149 .
1243 3085 1606 3150 Corrector
1625 3086 1929 3171 oblongi,
1951 3086 2287 3150 Antonius
2304 3088 2513 3151 Marii
2530 3136 2546 3164 ‚
2568 3089 2699 3152 Bri-

491 3185 744 3249 xiensis
776 3185 984 3249 editio
1002 3233 1018 3260 ‚
1048 3187 1286 3249 animas
1304 3196 1323 3248 ἑ
1350 3184 1680 3248 Marullus
1703 3194 1890 3249 recte
1919 3206 1962 3247 A
1979 3208 2022 3248 N
2037 3208 2061 3247 1
2078 3206 2232 3248 MAL
2255 3236 2268 3250 .
2303 3183 2556 3250 deinde
2575 3189 2700 3251 An-

491 3283 717 3345 tonius
751 3291 819 3347 et
847 3283 1215 3347 Brixiensis
1245 3285 1311 3346 in
1351 3307 1456 3346 MA
1478 3306 1580 3347 GN
1597 3306 1666 3347 1s
1691 3332 1703 3344 .
1748 3284 1858 3346 ΑΕ
1877 3305 1956 3345 121
1974 3303 2016 3345 A
2035 3303 2123 3357 so
2139 3304 2232 3346 us
2275 3284 2541 3366 primus
2568 3285 2699 3348 Ma-

492 3380 703 3444 rullus
729 3431 742 3445 .

653 3479 794 3544 833.
852 3480 1129 3544 Poano
1197 3502 1441 3543 Amn‘r
1504 3503 1790 3544 cusssc1
1812 3504 1851 3542 Τ
1916 3503 2011 3543 ΕΤ
2073 3502 2696 3547 CONTEMPTIBUS

489 3603 527 3641 E
544 3601 717 3642 xrr.
757 3578 1135 3647 Contentibus
1159 3577 1534 3663 quadratus
1566 3586 1635 3642 et
1662 3577 1773 3640 hic
1806 3585 1873 3641 et
1893 3577 2070 3641 infra
2104 3577 2295 3654 12783
2327 3581 2448 3644 ubi
2472 3580 2699 3665 legitur

487 3679 688 3742 Porro
717 3679 871 3742 aliut
893 3678 1187 3757 succedit,
1220 3683 1289 3740 et
1309 3675 1558 3740 ibidem
1594 3675 1750 3738 1275
1775 3699 1998 3738 aurum
2026 3678 2091 3738 in
2106 3699 2417 3739 summum
2437 3679 2703 3742 successit

487 3777 801 3839 honorem.
844 3774 957 3837 hic
987 3775 1226 3859 aliquis
1259 3773 1687 3838 scribendum
1720 3773 2100 3858 suspicetur
2127 3776 2489 3838 succrescit:
2527 3783 2699 3837 certe

487 3874 812 3936 concrescit
836 3872 1107 3936 Marulli
1138 3871 1504 3936 absurdum
1536 3878 1642 3934 est
1680 3892 1900 3955 neque
1939 3871 2218 3954 probari
2260 3869 2503 3935 debuit
2527 3919 2542 3935 .
2586 3871 2698 3935 sed

492 3969 805 4054 quoniam
847 3969 958 4032 hic
1003 3991 1082 4033 ea
1128 3957 1313 4056 quae'
1345 3969 1559 4034 altero
1603 3971 1755 4033 loco
1802 3976 2123 4033 secuntur
2164 3968 2531 4033 subiuncta
2571 3991 2698 4032 non

487 4074 647 4133 sunt
671 4115 686 4140 ‚
732 4066 822 4130 ad
852 4070 1252 4133 sententiam
1297 4068 1765 4151 complendam
1807 4069 2030 4152 aptius
2062 4075 2164 4130 est
2209 4089 2244 4130 c
2261 4088 2470 4130 LARE
2488 4091 2521 4130 s
2539 4092 2573 4132 c
2591 4092 2697 4132 ir.

485 4169 581 4231 sic
609 4165 787 4229 infra
821 4166 977 4229 1456
1024 4168 1315 4252 Namque
1344 4168 1478 4230 alid
1502 4188 1577 4229 ex
1618 4166 1742 4229 alio
1774 4166 2101 4229 clarescere
2131 4166 2550 4241 conveniebat,
2593 4167 2698 4230 ubi

487 4264 860 4350 quadratus
892 4286 1188 4328 crescere.
1220 4287 1257 4326 E
1289 4264 1622 4330 Marullus
1653 4263 2042 4328 addendum
2070 4261 2271 4325 vidit.

648 4361 787 4424 836.
851 4359 1081 4438 Quon
1143 4383 1444 4424 Porum·
1475 4409 1489 4435 ‚
1547 4383 1919 4438 NEQUEAT
1951 4411 1964 4424 .
2023 4359 2470 4425 Coniunctivo
2519 4362 2697 4426 locus
