2840 5008
501 397 643 465 226
1577 393 1680 459 VI

499 568 711 654 guttai
741 567 855 632 vix
880 567 1092 630 instar
1123 571 1319 629 erunt
1347 564 1542 627 unius
1573 564 1975 650 adaugmen3

355 700 452 746 615
499 705 633 768 quo
665 682 880 745 minus
912 686 1017 744 est
1043 680 1272 742 mirum
1304 700 1486 742 mare
1515 700 1654 742 non
1684 699 2045 763 augescere
2074 701 2382 765 magnum
2407 730 2421 743 .

499 804 850 883 praeterea
878 814 1184 879 magnam
1215 793 1318 856 sol
1344 800 1608 878 partem
1639 791 1933 856 detrahit
1962 802 2184 857 aestu.

502 911 749 994 quippe
778 908 1077 971 videmus
1110 906 1279 969 enim
1308 908 1517 970 vestis
1547 927 1777 970 umore
1807 906 2136 971 madentis

500 1024 838 1087 exsiccare
869 1022 1005 1084 suis
1034 1020 1239 1084 radiis
1268 1019 1638 1085 ardentibu’
1661 1022 1900 1085 solem:

499 1145 570 1201 at
595 1137 831 1222 pelage
859 1135 1069 1199 multa
1099 1143 1165 1199 et
1191 1135 1325 1198 late
1357 1135 1699 1199 substrata
1726 1134 2029 1199 videmus
2048 1184 2062 1197 .

354 1269 451 1315 620
494 1249 782 1337 proinde
811 1250 968 1313 licet
996 1249 1299 1333 quamvis
1331 1269 1416 1311 ex
1443 1269 1579 1312 uno
1611 1270 1880 1333 quoque
1910 1249 2059 1313 loco
2090 1249 2190 1313 sol

495 1364 745 1428 umoris
775 1384 1048 1449 parvam
1080 1361 1328 1426 delibet
1357 1363 1443 1425 ab
1474 1384 1768 1448 aequore
1796 1372 2088 1449 partem:

496 1479 769 1564 largiter
797 1479 865 1540 in
892 1483 1083 1540 tanto
1114 1476 1330 1561 spatio
1362 1484 1584 1540 tamen
1615 1475 1874 1541 auferet
1900 1476 2128 1540 undis,

498 1600 640 1655 tum
667 1612 870 1676 porro
900 1590 1087 1654 venti
1116 1611 1387 1675 quoque
1416 1611 1722 1674 magnam
1750 1591 1987 1654 tollere
2016 1597 2275 1676 partem

496 1705 746 1769 umoris
776 1710 1063 1790 possunt
1090 1711 1436 1767 verrentes
1466 1725 1763 1788 aequora
1780 1753 1795 1779 ‚
1818 1705 2038 1768 ventis

353 1839 450 1884 625
493 1841 627 1883 una
654 1826 855 1882 nocte
884 1818 1026 1881 vias
1056 1817 1367 1902 quoniam
1394 1839 1722 1905 persaepe
1752 1817 2053 1882 videmus

496 1934 730 1997 siccari
759 1932 1106 2016 mollisque
1137 1931 1258 1993 luti
1286 1953 1720 1997 concrescere
1751 1942 2013 1997 crustas
2032 1982 2045 1996 .

493 2056 844 2134 praeterea
873 2045 1073 2110 docui
1101 2046 1374 2109 multum
1407 2067 1679 2131 quoque
1706 2048 1941 2111 tollere
1970 2047 2181 2109 nubes

495 2183 790 2226 umorem
820 2181 1061 2245 magno
1086 2168 1490 2244 ‘conceptum
1523 2181 1608 2223 ex
1637 2181 1931 2245 aequore
1961 2162 2181 2245 ponti,

497 2284 564 2340 et
590 2276 837 2361 passim
868 2281 1014 2337 toto
1043 2282 1370 2338 terrarum
1401 2295 1717 2359 spargere
1745 2276 1814 2338 in
1845 2275 2021 2348 orbi,

351 2407 449 2454 630
496 2412 644 2453 cum
671 2388 841 2476 pluit
868 2388 937 2450 in
968 2388 1165 2451 terris
1198 2395 1263 2451 et
1290 2388 1477 2452 venti
1504 2390 1731 2452 nubila
1759 2397 2063 2474 portant.

492 2517 835 2593 postremo
870 2502 1182 2587 quoniam
1210 2525 1364 2566 raro
1396 2525 1545 2566 cum
1576 2526 1861 2589 corpore
1890 2503 2082 2567 tellus

494 2627 597 2683 est
616 2668 630 2695 ,
655 2626 724 2682 et
754 2618 1174 2682 coniunctast
1191 2666 1206 2694 ‚
1231 2639 1384 2681 oras
1412 2618 1613 2681 maris
1642 2617 1938 2703 undique
1969 2619 2267 2702 cingenS‚

493 2732 728 2808 debet,
751 2741 826 2796 ut
853 2734 920 2795 in
948 2752 1130 2796 mare
1161 2730 1246 2794 de
1275 2732 1474 2795 terris
1503 2732 1688 2795 venit
1715 2753 1905 2795 umor
1935 2732 2162 2815 aquai,

490 2849 559 2911 in
589 2856 804 2910 terras
830 2844 1058 2910 itidem
1087 2866 1355 2908 manare
1387 2867 1469 2908 ex
1499 2867 1790 2930 aequore
1821 2846 2033 2910 salso:

346 2978 443 3023 635
488 2961 873 3047 percolatur
905 2960 1075 3022 enim
1103 2962 1285 3023 virus
1304 3007 1320 3034 ‚
1341 2966 1663 3044 retroque
1691 2968 1990 3023 remanat

486 3075 797 3140 materies
826 3074 1075 3137 umoris
1108 3082 1176 3137 01,
1204 3072 1293 3136 ad
1325 3081 1528 3159 caput
1557 3074 1857 3137 amnibus
1889 3073 2099 3137 omnis

491 3188 762 3252 confluit
781 3238 796 3264 ‚
817 3187 977 3251 inde
1007 3209 1208 3275 super
1237 3195 1454 3251 terras
1484 3187 1660 3251 redit
1688 3187 1944 3272 agmine
1976 3186 2153 3250 dulci

492 3324 623 3387 qua
651 3304 759 3366 via
789 3310 973 3366 secta
1002 3302 1203 3366 semel
1231 3300 1484 3387 liquido
1514 3301 1689 3387 pede
1722 3300 1961 3384 detulit
1988 3300 2259 3385 undas]

569 3418 767 3482 Nunc
795 3417 964 3481 ratio
998 3437 1167 3501 quae
1196 3419 1282 3480 sit
1300 3465 1315 3491 ‚
1336 3439 1461 3503 per
1487 3417 1714 3481 fauces
1745 3418 1988 3481 montis
2017 3426 2092 3481 ut
2120 3417 2380 3479 Aetnae

340 3547 439 3595 640
486 3534 793 3620 expirent
820 3533 1009 3617 ignes
1038 3532 1210 3595 inter
1244 3530 1400 3593 dum
1431 3533 1696 3596 turbine
1727 3538 1950 3605 tant0‚

482 3646 863 3732 expediam:
888 3666 1110 3731 neque
1143 3646 1312 3709 enim
1342 3645 1661 3710 mediocri
1691 3643 1881 3708 clade
1912 3652 2147 3708 coorta

482 3762 782 3824 flammea
813 3768 1177 3848 tempestas
1210 3760 1505 3825 Siculum
1534 3759 1873 3833 dominata
1902 3780 2022 3845 per
2052 3779 2253 3842 agros

474 3875 762 3937 finitimis
795 3874 883 3937 ad
913 3897 986 3939 se
1018 3876 1350 3942 convertit
1377 3875 1688 3961 gentibus
1719 3894 1868 3950 ora,

475 4191 571 4238 616
611 4184 693 4239 001
730 4202 973 4256 magnam
1020 4187 1040 4255 Η
1089 4192 1185 4247 621
1226 4187 1293 4239 ad
1338 4189 1358 4257 Η
1406 4193 1506 4239 624
1543 4187 1712 4241 venti.
1764 4187 1784 4256 Η
1832 4191 1930 4239 626
1968 4192 2227 4238 crustras.
2281 4185 2300 4254 Η
2349 4189 2447 4235 629
2487 4180 2651 4236 orbis.
2699 4174 2716 4239 ΙΙ

473 4276 570 4322 632
626 4270 794 4339 magis
850 4270 869 4339 ΙΙ
924 4275 1022 4322 638
1075 4270 1196 4323 tulit
1261 4272 1281 4339 ΙΙ
1347 4276 1446 4324 639
1498 4269 1678 4323 faueas
1743 4268 1762 4339 Η
1821 4274 1915 4321 641
1975 4249 2148 4321 meclia
2201 4268 2379 4338 grecia
2434 4266 2500 4319 de
2554 4264 2574 4332 ΙΙ
2626 4261 2713 4310 642

472 4353 739 4406 Flammae
