2840 5008
1136 391 1244 460 VI
1326 448 1339 460 .

66 579 122 635 et
147 568 499 633 condensa
528 574 779 652 queant
804 587 1133 652 apparere
1164 575 1233 631 et
1258 567 1455 643 simul
1482 568 1631 653 ipso

63 687 292 750 vertice
325 683 417 748 de
449 683 698 747 montis
728 682 1083 747 videantur
1113 704 1389 768 surgere
1417 684 1485 747 in
1517 683 1844 748 aethram:

63 823 193 866 nam
220 800 378 864 loca
410 798 717 863 declarat
744 819 1004 861 sursum
1034 807 1320 863 ventosa
1347 808 1579 884 patere

61 939 155 980 res
178 917 330 1003 ipsa
362 922 435 979 et
467 935 741 989 sensuS‚
761 913 1004 976 montis
1036 932 1184 976 cum
1213 912 1631 978 ascendimus
1662 915 1867 979 altos.

13 1049 31 1095 o
62 1039 397 1116 praeterea
427 1028 763 1115 permulta
789 1027 954 1091 mari
985 1049 1254 1113 quoque
1283 1028 1521 1093 tollere
1551 1037 1696 1094 toto

63 1168 332 1233 corpora
362 1152 679 1208 naturam
710 1141 1057 1207 declarant
1085 1143 1278 1207 litore
1308 1152 1535 1209 vestes

64 1281 426 1345 suspensae
447 1309 464 1336 ‚
488 1281 637 1324 cum
668 1259 1053 1344 concipiunt
1081 1259 1328 1321 umoris
1359 1258 1721 1323 adhaesum
1739 1310 1752 1323 .

65 1397 182 1460 quo
210 1376 431 1461 magis
466 1372 556 1438 ad
585 1372 780 1437 nubis
811 1368 1161 1458 augendas
1182 1374 1387 1438 multa
1416 1374 1731 1439 videntur

62 1511 245 1575 posse
276 1510 562 1574 quoque
593 1509 629 1550 e
658 1487 836 1552 salso
867 1508 1269 1574 consurgere
1283 1490 1580 1553 momine
1612 1492 1829 1576 ponti:

13 1623 32 1668 5
61 1627 194 1669 nam
220 1606 400 1668 ratio
435 1603 998 1688 consanguineast
1023 1604 1366 1667 umoribus
1398 1605 1545 1669 ollis
1562 1654 1579 1669 .

65 1728 409 1805 praeterea
438 1717 657 1782 fluviis
687 1739 770 1781 ex
800 1718 1107 1781 omnibus
1140 1726 1208 1782 et
1236 1719 1430 1782 simul
1456 1720 1607 1804 ipsa

65 1855 319 1920 surgere
355 1833 447 1896 de
479 1842 659 1897 terra
686 1832 965 1896 nebulas
994 1841 1382 1918 aestumque
1409 1833 1746 1911 videmus,

66 1969 215 2032 quae
245 1949 358 2013 vel
387 1956 472 2012 ut
500 1948 696 2029 alitus
726 1947 882 2011 hinc
909 1947 1005 2011 ita
1034 1969 1297 2015 sursum
1328 1970 1648 2033 expressa
1675 1950 1981 2018 feruntur

66 2063 582 2148 suffunduntque
612 2082 733 2125 sua
763 2062 1018 2125 caelum
1048 2062 1326 2148 caligine
1357 2071 1426 2129 et
1455 2064 1624 2129 altas

14 2191 35 2243 n
65 2177 387 2244 sufficiunt
417 2178 615 2241 nubis
645 2177 963 2264 paulatim
995 2178 1493 2243 conveniundo:

62 2303 237 2378 urget
267 2295 447 2357 enim
479 2314 748 2378 quoque
777 2291 1071 2377 signiferi
1101 2315 1305 2379 super
1334 2294 1622 2359 aetheris
1654 2304 1883 2362 aestus

66 2416 124 2472 et
149 2410 334 2494 quasi
365 2407 717 2472 densendo
747 2408 1043 2473 subtexit
1072 2409 1338 2473 caerula
1366 2410 1633 2475 nimbis,

62 2523 125 2587 fit
153 2545 423 2612 quoque
453 2532 528 2588 ut
556 2524 690 2588 huc
718 2525 990 2588 veniant
1016 2524 1083 2588 in
1114 2524 1368 2588 caelum
1398 2527 1813 2593 extrinsecus
1843 2532 1953 2596 illa

16 2663 41 2698 κ
67 2660 337 2725 corpora
367 2661 545 2726 quae
573 2639 824 2703 faciunt
852 2640 1047 2703 nubis
1076 2639 1470 2725 nimbosque
1493 2642 1824 2708 evolantis:

16 2755 37 2818 b
66 2753 591 2820 innumerabilem
625 2754 795 2817 enim
824 2776 1168 2818 numerum
1198 2777 1651 2841 summamque
1679 2759 1996 2842 profundi

70 2890 200 2933 esse
226 2871 555 2934 infinitam
585 2869 783 2933 docui
805 2918 819 2944 ‚
841 2877 1224 2955 quantaque
1254 2870 1564 2935 volarent

70 3005 337 3070 corpora
366 2984 736 3049 mobilitate
767 2984 1034 3049 ostendi
1067 3006 1399 3070 quamque
1428 2996 1708 3071 repente

64 3079 542 3163 inmemorabile
571 3120 693 3184 per
723 3099 1009 3183 spatium
1039 3100 1324 3164 transire
1355 3100 1681 3167 solerent.

67 3211 212 3277 haut
238 3215 443 3300 igitur
471 3213 807 3289 mirumst,
831 3215 885 3277 si
914 3235 1126 3300 parvo
1158 3223 1459 3301 tempore
1490 3238 1693 3305 saepe

15 3335 43 3394 Ν)
74 3334 194 3390 tam
222 3328 481 3414 magnis
511 3328 750 3396 nimbis
780 3336 1147 3415 tempestas
1178 3337 1379 3415 atque
1410 3333 1730 3397 tenebrae

72 3445 405 3531 coperiunt
433 3442 642 3506 maria
670 3464 748 3507 ac
777 3451 993 3507 terras
1022 3444 1305 3530 inpensa
1330 3468 1654 3533 superne,

16 3547 17 3554 ἵ
69 3557 344 3643 undique
377 3557 926 3644 quandoquidem
953 3580 1076 3644 per
1106 3559 1330 3623 caulas
1361 3562 1654 3626 aetheris
1686 3567 1893 3628 omnis

73 3679 130 3734 et
155 3674 339 3757 quasi
367 3693 492 3760 per
523 3673 742 3757 magni
773 3673 1016 3736 circum
1046 3674 1377 3760 spiracula
1404 3677 1636 3741 mundi

74 3787 267 3851 exitus
295 3787 748 3873 introitusque
780 3789 1120 3854 elementis
1150 3789 1460 3856 redditus
1491 3800 1706 3857 extat.

2177 398 2311 466 221

77 4135 163 4181 466
196 4135 590 4205 condensatque
625 4144 739 4188 arta
774 4111 961 4206 parere
1017 4135 1037 4204 ΙΙ
1091 4141 1187 4190 467
1227 4136 1466 4193 videatur
1519 4140 1538 4207 ΙΙ
1593 4145 1694 4192 468
1731 4141 1783 4192 lo
1821 4142 1842 4211 ΙΙ
1896 4148 1996 4195 469
2037 4161 2250 4198 sensum
2288 4147 2310 4214 11

78 4219 163 4265 473
201 4216 353 4279 Quod
389 4220 410 4288 Η
448 4225 549 4271 474
587 4219 854 4271 n1h01nine
892 4219 910 4286 ΙΙ
948 4226 1044 4271 475
1083 4223 1476 4290 consanguinea
1513 4239 1572 4274 se
1609 4225 1629 4292 ΙΙ
1669 4225 1862 4277 omnis.
1902 4227 1922 4295 ΙΙ
1959 4232 2057 4278 476
2097 4228 2249 4279 fluvis
2288 4228 2309 4294 Η

77 4302 159 4347 481
196 4298 352 4370 Urgit
406 4301 427 4372 ΙΙ
482 4318 619 4372 supe
672 4304 692 4371 ΙΙ
747 4308 845 4355 483
882 4302 1019 4354 hunc
1056 4301 1077 4370 ΙΙ
1116 4302 1216 4355 illi.
1274 4305 1294 4372 ΙΙ
1347 4310 1447 4356 488
1482 4322 1578 4375 per
1614 4313 1881 4362 omissum.
1919 4309 1940 4377 Η
1978 4315 2076 4362 490
2111 4310 2306 4360 montis

77 4385 315 4451 tempesta
350 4384 372 4454 ΙΙ
412 4391 507 4439 491
550 4386 896 4456 Coperiant.u
935 4391 1032 4438 492
1071 4386 1246 4454 cavias
