2840 5008
1262 342 1325 409 11

63 516 363 602 pabula
400 536 581 580 cum
614 514 932 600 praebet,
958 514 1201 599 quibus
1231 536 1461 579 omnes
1493 537 1781 602 corpora
1809 524 2096 602 pascunt

67 640 138 695 et
175 630 506 694 dulcem
542 628 812 692 ducunt
837 629 1040 692 vitam
1070 629 1463 714 prolemque
1490 639 1907 716 propagant3

73 767 228 830 qua
262 751 605 830 propter
636 743 873 807 merito
902 751 1271 806 maternum
1298 766 1542 808 nomen
1573 737 1821 831 adepta
1850 756 1980 812 est.

73 858 279 923 cedit
314 859 517 922 item
547 865 741 921 retro
760 906 775 932 ,
800 856 882 921 de
911 865 1094 922 terra
1124 858 1310 942 quod
1337 857 1465 924 fuit
1494 869 1679 936 ante,

31 996 40 1035 1
70 976 143 1038 in
174 982 449 1037 terras
473 1022 491 1049 ‚
531 980 602 1035 et
636 972 820 1057 quod
848 973 1183 1037 missumst
1214 995 1295 1064 ex
1325 973 1617 1037 aetheris
1649 975 1814 1051 oris,

72 1088 154 1152 id
183 1109 514 1152 rursum
548 1087 720 1149 caeli
747 1086 1053 1150 rellatum
1078 1087 1326 1172 templa
1352 1068 1706 1173 receptant
1725 1140 1738 1153 .

76 1224 222 1266 nec
258 1202 383 1265 sic
418 1201 776 1265 interemit
802 1222 982 1264 mors
1011 1223 1120 1264 res
1139 1250 1154 1277 ,
1180 1210 1255 1266 ut
1282 1203 1581 1267 materiai

80 1336 435 1401 corpora
471 1314 824 1392 conficiat,
851 1313 977 1379 sed
1007 1325 1271 1381 coetum
1302 1316 1610 1403 dissupat
1638 1318 1814 1383 ollis:

77 1430 264 1495 inde
300 1430 474 1494 aliis
512 1427 703 1492 aliud
734 1431 1151 1515 coniungitur
1173 1479 1188 1506 ,
1210 1439 1274 1494 et
1300 1432 1377 1495 fit
1402 1440 1481 1496 ut
1511 1454 1739 1496 omnes

31 1564 43 1607 ἰ
74 1568 200 1609 res
237 1547 357 1609 ita
396 1550 820 1607 convertant
847 1544 1093 1608 formas
1122 1552 1517 1631 mutentque
1548 1548 1809 1611 colores

80 1670 155 1725 et
189 1659 517 1744 capiant
547 1679 786 1721 sensus
819 1667 887 1722 et
914 1668 1167 1745 puncto
1196 1668 1500 1745 tempore
1530 1659 1848 1738 reddant,

79 1784 166 1839 ut
198 1793 496 1837 noscas
532 1771 786 1835 referre
817 1772 1050 1837 eadem
1077 1773 1444 1860 primordia
1472 1797 1693 1839 rerum

83 1911 259 1951 cum
296 1887 576 1971 quibus
611 1895 678 1951 et
708 1888 885 1972 quali
912 1889 1218 1973 positura
1232 1890 1721 1954 'contineantur

86 2011 163 2067 et
200 2023 415 2086 quos
446 2001 634 2064 inter
666 2022 739 2064 se
769 2000 932 2066 dent
957 2010 1179 2067 motus
1211 2002 1704 2089 accipiantque,

33 2134 51 2180 1
80 2137 282 2181 neve
317 2123 548 2201 putes
580 2122 854 2179 aeterna
882 2139 1088 2202 penes
1118 2117 1415 2181 residere
1446 2125 1717 2204 potesse

88 2252 437 2315 corpora
466 2229 719 2314 prima,
744 2230 930 2315 quod
956 2232 1023 2295 in
1056 2233 1312 2296 cunctis
1341 2233 1603 2297 fluitare
1633 2235 1934 2300 videmus

85 2348 325 2410 rebus
368 2351 448 2406 et
478 2334 666 2407 inter'
687 2342 845 2408 dum
873 2348 1056 2410 nasci
1084 2348 1443 2433 subitoque
1472 2349 1690 2433 perire
1709 2398 1723 2411 .

185 2459 448 2546 [Quin
481 2458 682 2522 etiam
710 2459 918 2526 refert
944 2462 1190 2527 nostris
1218 2462 1287 2526 in
1315 2464 1618 2528 versibus
1645 2464 1808 2549 ipsis

90 2598 263 2640 cum
303 2574 571 2659 quibus
603 2585 671 2638 et
703 2576 878 2659 quali
908 2577 1041 2642 sint
1070 2577 1303 2642 ordine
1336 2599 1642 2664 quaeque
1671 2580 1923 2644 locata.

33 2709 57 2752 7
91 2693 155 2755 si
188 2712 357 2753 non
396 2689 627 2751 omnia
655 2699 844 2766 sunt,
868 2699 938 2755 at
965 2693 1172 2755 multo
1202 2693 1487 2756 maxima
1513 2714 1672 2777 pars
1705 2703 1808 2759 est

94 2802 545 2869 consimilis:
570 2824 802 2866 verum
830 2806 1135 2889 positura
1167 2805 1608 2893 discrepitant
1635 2830 1745 2872 res
1764 2858 1777 2870 .

96 2922 206 2983 sic
240 2918 432 3005 ipsis
464 2917 537 2979 in
565 2918 769 2981 rebus
797 2920 954 2982 item
982 2920 1112 2982 iam
1141 2922 1441 2984 materiai

38 3052 57 3095 1
95 3053 517 3098 concursus
546 3039 769 3095 motus
801 3032 969 3098 ordo
998 3035 1305 3120 positura
1331 3036 1584 3121 figurae

101 3170 275 3212 cum
306 3152 826 3232 permutantur,
847 3149 1088 3212 mutari
1116 3171 1225 3212 res
1260 3172 1530 3235 quoque
1562 3150 1841 3218 debent.

195 3261 424 3325 Nunc
456 3260 749 3323 animum
778 3262 970 3325 nobis
1004 3263 1249 3328 adhibe
1280 3286 1506 3328 veram
1537 3266 1627 3328 ad
1654 3270 2011 3334 rationem.

40 3433 49 3436 ,
103 3398 277 3439 nam
305 3375 441 3439 tibi
474 3382 820 3439 vementer
846 3398 1026 3440 nova
1053 3399 1162 3441 res
1192 3379 1460 3443 molitur
1489 3380 1577 3443 ad
1607 3383 1782 3446 auris

40 3509 67 3551 5
104 3490 448 3554 accidere
482 3495 553 3552 et
579 3511 758 3553 nova
787 3513 859 3554 se
889 3492 1147 3577 speeies
1181 3492 1543 3558 ostendere
1571 3518 1821 3562 rerum.

102 3603 245 3668 sed
273 3624 514 3687 neque
543 3610 683 3667 tam
709 3603 919 3668 facilis
946 3627 1055 3670 res
1084 3607 1219 3672 ulla
1251 3615 1351 3671 est
1369 3657 1383 3684 ,
1408 3610 1569 3694 quin
1601 3633 1679 3675 ea
1705 3613 1987 3698 primum

106 3718 419 3782 difficilis
450 3717 668 3801 magis
699 3717 788 3781 ad
806 3719 1225 3784 credendum
1256 3729 1552 3800 constet,
1573 3725 1866 3811 itemque

2330 346 2420 411 73

110 3986 225 4032 998
264 3978 526 4051 adempta
582 3980 606 4047 ΙΙ
667 3986 794 4033 1000
839 3985 1028 4036 missus
1083 3985 1104 4054 ΙΙ
1160 3993 1289 4039 1002
1326 3994 1385 4039 ut
1419 4005 1508 4040 res
1564 3989 1584 4057 ΙΙ
1643 3995 1770 4041 1004
1822 3993 2093 4060 coniungit
2144 4000 2197 4044 et
2245 3992 2407 4046 efficit

114 4079 347 4115 omnes.
404 4064 427 4132 Η
491 4068 627 4115 1007
680 4079 855 4116 earum
907 4066 929 4135 Η
986 4074 1110 4120 1011
1164 4071 1384 4123 summis
1438 4068 1458 4138 ΙΙ
1519 4077 1646 4123 1015
1683 4096 1752 4116 =
1785 4079 1977 4136 1,820.
2032 4073 2052 4142 ΙΙ
2119 4081 2245 4127 1016
2281 4076 2404 4145 Sig-

116 4147 345 4199 nificant
385 4144 583 4197 eadem
620 4144 805 4214 fruges
840 4150 1057 4203 arbusta
1091 4151 1397 4205 animantis,
1452 4152 1471 4221 ΙΙ
1532 4160 1658 4206 1017
1697 4156 1803 4206 sint
1850 4155 1869 4226 ΙΙ
1918 4174 2014 4225 par
2067 4159 2088 4227 ΙΙ
2151 4164 2275 4209 1020
2312 4158 2402 4208 111-

113 4229 352 4282 tex-valla
388 4231 510 4282 vias
549 4245 794 4282 conexus
828 4233 1065 4300 pondera
1095 4224 1345 4305 plagaes.
1393 4236 1414 4304 ΙΙ
1469 4243 1597 4289 1023
1634 4236 1975 4291 adhibueram
2013 4239 2033 4307 ΙΙ
2079 4246 2206 4292 1024
2241 4239 2401 4292 vehe-

116 4311 332 4364 mentes
370 4311 392 4382 ΙΙ
441 4318 578 4365 1025
619 4311 898 4370 Accedere
