2840 5008
531 387 665 454 150
1589 387 1683 454 111

525 553 961 645 grammatica
992 559 1391 624 Germanica
1424 568 1468 623 t.
1502 584 1575 622 111
1610 584 1670 645 p.
1695 560 1816 623 745
1854 584 1868 621 ε
1914 559 2224 624 Handius
2250 560 2510 625 frustra
2535 572 2699 647 negat

527 659 884 722 Tursellini
908 668 954 722 t.
982 681 1050 722 iv
1072 682 1134 743 p.
1160 659 1273 721 167
1308 665 1376 720 ct
1404 657 1528 720 255
1560 705 1574 719 .
1606 665 1902 720 ceterum
1932 657 2168 721 Lucilii
2195 680 2436 723 versus
2463 659 2530 722 in
2553 659 2700 723 hune

525 756 794 821 modum
817 757 1081 820 restitui
1106 756 1311 819 debet
1342 802 1358 830 ‚
1395 755 1522 818 Sed
1551 766 1750 818 tamen
1780 755 1892 818 Ιιοσ
1913 756 2083 818 dicas
2111 757 2262 841 quid
2287 769 2413 821 rest
2431 806 2448 836 ,
2476 759 2526 819 si
2543 780 2702 820 noenu

526 855 886 917 molestumst
899 904 916 933 ,
942 876 1088 918 cum
1112 853 1180 915 in
1202 853 1387 916 libris
1412 853 1501 915 sit
1523 853 1675 938 quid
1693 864 1989 915 aetenam
2011 852 2343 916 Lucilium
2368 879 2437 918 re
2460 854 2700 926 dixisse,

525 972 663 1014 non
679 953 772 1015 rei
784 951 1274 1025 ΜοΝοογλλὰΒωο
1296 999 1307 1023 ,
1326 948 1755 1012 manifestum
1773 958 1879 1013 est
1897 970 1982 1012 ex
1992 949 2216 1013 Nonio
2229 974 2293 1035 p.
2310 952 2454 1026 500,
2475 951 2676 1015 l7et2l
2693 1000 2702 1011 .

526 1073 783 1112 noeman
812 1057 1085 1134 praeter
1108 1046 1483 1111 Varronem
1508 1046 1792 1110 Plautus
1817 1068 2088 1131 quoque
2113 1047 2284 1112 (lixit
2312 1050 2385 1112 in
2408 1048 2703 1112 Aulularia

528 1170 571 1221 1,
594 1148 646 1221 l,
666 1147 748 1210 28
771 1150 1059 1213 Noenum
1078 1157 1374 1210 mecastor
1396 1195 1413 1225 ‚
1438 1146 1590 1231 quid
1609 1169 1715 1230 eyo
1739 1168 1842 1209 ero
1864 1147 2068 1209 dicam
2087 1170 2217 1212 meo
2236 1197 2252 1225 ,
2279 1149 2355 1196 -‘-
2398 1149 2559 1227 Queo
2579 1170 2703 1210 com·
2777 1151 2778 1166 ¹

525 1248 766 1310 minisci
782 1248 915 1310 :ita
934 1247 1106 1310 enim
1120 1254 1315 1309 vetus
1333 1243 1695 1308 Camerarii
1714 1292 1730 1319 ‚
1749 1245 1875 1307 nisi
1895 1244 2082 1328 quod
2095 1245 2404 1309 ordinem
2422 1244 2705 1330 pervertit
2777 1247 2778 1252 ’

525 1343 639 1419 ita,
656 1347 808 1431 quid
819 1370 923 1410 ero
941 1370 1047 1431 eqo
1062 1392 1077 1408 .
1097 1345 1254 1409 dum
1272 1344 1444 1407 haec
1463 1344 1685 1408 scribo
1698 1390 1714 1417 ,
1734 1342 2043 1407 adfertur
2059 1344 2534 1428 glossariolum
2546 1343 2704 1407 Plau·
2777 1339 2778 1348 ’

526 1443 737 1506 tinum
760 1466 800 1507 a
822 1444 1191 1507 Ritschelio
1217 1443 1469 1506 editum
1492 1464 1652 1506 vere
1674 1442 1874 1506 huius
1897 1443 2054 1505 anni
2076 1464 2465 1506 Mncccxmrr
2484 1489 2500 1518 ‚
2520 1443 2584 1504 in
2601 1463 2703 1525 quo
2777 1439 2778 1452 ¹

526 1564 785 1604 noenum
804 1564 887 1605 ex
904 1540 1248 1605 Aulularia
1267 1548 1335 1604 et
1354 1563 1438 1604 ex
1454 1540 1910 1605 Bacchidibus
1928 1547 2231 1603 notatum
2252 1551 2362 1603 est
2380 1588 2393 1601 .
2411 1540 2479 1603 in
2498 1539 2706 1602 nostris

529 1647 749 1702 autem
761 1639 1216 1704 Bacchidibus
1229 1653 1368 1702 n‘on
1379 1640 1642 1725 legitur,
1661 1660 2065 1725 quamquam
2080 1637 2216 1701 nori
2228 1637 2615 1702 incredibile
2628 1646 2705 1698 est

529 1744 683 1800 actu
708 1754 796 1812 w,
814 1739 872 1812 4,
891 1738 973 1801 84
1003 1736 1432 1802 scribendum
1465 1759 1613 1801 esse
1642 1738 1804 1817 Quia
1831 1738 1937 1801 tibi
1966 1760 2189 1800 aurum
2217 1737 2497 1814 reddidi,
2520 1746 2571 1797 et
2594 1734 2707 1820 quia
2777 1805 2778 1818 χ

525 1857 784 1898 noenum
802 1836 1305 1924 defraudaverint,
1320 1834 1437 1898 ubi
1452 1856 1631 1898 nunc
1650 1845 1754 1899 est
1767 1858 1889 1898 uon
1906 1883 1919 1899 .
1938 1855 2157 1918 neque
2176 1832 2612 1900 dubitandum
2628 1837 2706 1895 est

529 1933 689 2022 quin
720 1934 974 1998 Ennius
1004 1934 1354 2020 scripserit
1381 1935 1669 1998 Noenum
1698 1956 1972 1996 rumores
1987 1934 2257 2018 ponebat
2293 1945 2435 1997 ante
2459 1933 2704 2007 saltuem,

525 2031 593 2094 in
640 2053 773 2116 quo
817 2055 1019 2098 versu
1063 2032 1473 2117 exemplaria
1504 2032 1845 2095 Ciceronis
1885 2037 2282 2095 constanter
2312 2030 2564 2095 habent
2590 2027 2707 2091 Non

498 2125 687 2193 'enim
714 2156 988 2196 rumores
1016 2180 1030 2195 .
1081 2132 1314 2195 Cicero
1359 2151 1629 2215 quoque
1659 2130 1806 2214 ipse
1835 2177 1853 2208 ,
1900 2130 1957 2192 si
1986 2127 2298 2192 Mediceo
2332 2126 2547 2192 codici
2571 2123 2707 2188 fides

529 2235 633 2291 est
654 2278 671 2308 ,
701 2254 962 2295 noenum
1001 2232 1249 2310 rebatur
1290 2227 1378 2291 ad
1422 2228 1718 2292 Atticum
1747 2248 1866 2301 vn,
1884 2227 1941 2305 3,
1960 2227 2001 2291 8
2023 2275 2039 2302 ‚
2086 2226 2385 2290 fortasse
2425 2247 2558 2288 non
2592 2222 2705 2287 sine

525 2328 717 2391 ioco:
751 2351 900 2392 nam
938 2330 1009 2391 in
1047 2352 1124 2390 111
1170 2327 1256 2390 de
1299 2334 1572 2389 oratore
1608 2326 1723 2390 153
1763 2349 1885 2389 nou
1912 2327 2095 2389 rebar
2121 2327 2299 2389 inter
2332 2347 2413 2390 ea
2441 2327 2707 2388 recenset
2777 2373 2778 2384 ,

528 2427 773 2510 quibus
805 2426 1044 2513 positis
1073 2424 1395 2512 grandior
1419 2430 1625 2509 atque
1648 2423 1985 2509 antiquior
2010 2425 2227 2488 oratio
2254 2424 2472 2489 videri
2494 2421 2702 2486 soleat.

528 2525 741 2588 sedin
761 2526 1059 2590 Lucretii
1081 2547 1285 2589 versu
1304 2524 1461 2588 Itali
1481 2532 1749 2588 veteres
1771 2573 1788 2603 ,
1820 2545 1993 2608 quos
2024 2533 2350 2589 secuntur
2378 2523 2569 2609 primi
2593 2519 2703 2583 edi·
2777 2578 2778 2589 ,

527 2630 715 2687 tores
740 2631 808 2687 et
828 2624 1158 2687 Marullus
1176 2672 1192 2700 ‚
1219 2646 1367 2688 cum
1387 2622 1791 2687 vocabulum
1823 2622 2114 2686 anticum
2144 2624 2561 2708 ignorarent,
2582 2638 2699 2682 sen·
2777 2648 2778 2663 π

525 2723 804 2784 tentiam
826 2723 1152 2787 Lambino
1179 2723 1511 2787 curiosius
1536 2719 2007 2805 expenderunt
2029 2771 2042 2785 .
2072 2722 2233 2786 huic
2263 2725 2439 2788 enim
2453 2719 2608 2807 vsatis
2627 2715 2701 2778 vi-

528 2840 673 2881 sum
705 2826 810 2882 est
842 2868 860 2898 ‚
905 2821 961 2882 si
992 2842 1157 2883 aura
1182 2844 1473 2906 suspensa
1501 2820 1758 2905 levisque
1786 2818 2086 2905 lapidum
2114 2841 2431 2884 acervum
2460 2817 2701 2883 disicere

525 2938 782 2979 noenum
809 2937 1015 3000 posse
1044 2917 1423 2982 diceretur:
1453 2919 1583 2982 illis
1611 2918 1745 2982 hoc
1774 2918 2010 2981 mirum
2040 2941 2179 2982 non
2207 2918 2337 2984 fuit
2359 2969 2374 2995 ‚
2406 2916 2523 2983 sed
2552 2907 2702 2999 quod

525 3013 596 3076 id
628 3036 793 3078 aura
821 3016 1022 3080 Nulla
1050 3025 1286 3100 posset
1324 3063 1339 3090 ,
1388 3017 1521 3079 hoc
1566 3025 1669 3080 es‘t
1708 3038 1793 3079 ne
1823 3017 2411 3082 vehementissima
2439 3011 2696 3100 quidem:

525 3114 898 3178 rectissime
917 3163 932 3189 ,
956 3115 1083 3177 nisi
1114 3114 1301 3205 quod
1333 3135 1451 3178 eos
1482 3113 1886 3178 emendandi
1914 3115 2087 3178 ratio
2117 3114 2355 3180 fefellit
2372 3165 2386 3179 .
2410 3131 2599 3177 unum
2621 3115 2697 3170 ta-

525 3234 675 3275 men
704 3214 1066 3277 Lambinus
1095 3221 1283 3277 recte
1311 3212 1483 3276 vidit
1522 3261 1537 3287 ‚
1598 3213 1897 3297 lapidum
1941 3214 2320 3299 congeriem
2360 3233 2491 3277 non
2532 3223 2699 3294 posse

528 3313 852 3375 coniectum
876 3312 1009 3375 dici
1036 3361 1052 3387 ‚
1089 3311 1210 3376 sed
1235 3312 1465 3396 potius
1489 3335 1524 3376 c
1541 3334 1581 3376 o
1597 3335 1639 3374 N
1655 3334 1692 3373 L
1709 3335 1746 3373 E
1764 3334 1797 3375 c
1814 3336 1854 3374 r
1870 3334 1972 3375 um
1996 3333 2145 3375 cum
2165 3312 2436 3377 Mureto
2467 3357 2482 3384 ‚
2519 3322 2695 3388 neque

528 3432 726 3495 aquae
766 3412 1090 3473 coniectum
1130 3412 1200 3474 in
1229 3411 1403 3474 libro
1437 3410 1666 3485 1v‚414
1695 3457 1709 3483 ‚
1759 3409 1883 3474 sed
1914 3412 2279 3475 conlectum.
2327 3430 2487 3474 vera
2514 3411 2697 3469 autem

527 3507 672 3570 vitii
702 3507 901 3571 sedes
933 3515 1038 3577 est
1064 3510 1133 3571 in
1159 3512 1590 3597 spicarumque
1616 3558 1633 3587 ,
1663 3509 1943 3592 primum
2026 3509 2134 3571 uia
2161 3508 2328 3571 nihil
2358 3531 2398 3587 a
2427 3528 2497 3571 re
2523 3497 2695 3584 magis

527 3606 811 3669 alienum
845 3607 1213 3691 excogitari
1246 3614 1480 3692 potest
1502 3628 1701 3692 quam
1737 3612 1856 3669 aut
1883 3530 2021 3669 11οὲ
2041 3612 2158 3669 aut
2181 3606 2371 3689 quod
2390 3603 2694 3669 Veronen-

527 3705 619 3768 sis
664 3704 884 3768 editor
929 3712 998 3768 et
1038 3703 1418 3790 Naugerius
1464 3704 1801 3769 dederunt
1830 3752 1845 3779 ,
1886 3705 2377 3791 spiculommque
2414 3751 2429 3777 ,
2474 3723 2551 3764 ex
2588 3712 2693 3780 quo

526 3802 889 3866 Lambinus
916 3804 1362 3887 spielorumque
1391 3803 1531 3866 sive
1560 3805 1984 3888 spicarumque
2012 3800 2392 3865 faciendum
2419 3789 2694 3864 iudicavit

529 3899 786 3982 (neque
817 3900 989 3962 enim
1017 3899 1151 3963 hoc
1179 3899 1543 3963 Homerico
1572 3902 1666 3964 illi
1709 3901 1918 3965 simile
1961 3907 2067 3964 est
2096 3950 2110 3975 ,
2158 3899 2344 3984 quod
2386 3896 2607 3983 legitur
2641 3889 2697 3951 in

532 3994 884 4081 Odysseae
914 4019 975 4070 V,
998 3996 1121 4059 328
1141 4045 1158 4074 ‚
1180 3994 1305 4058 ‘Qc
1338 3997 1384 4058 A’
1409 3997 1495 4060 ὅτ’
1536 3996 1847 4084 ὀπωΡιΝόε
1882 3997 2105 4082 80ΡέΗο
2138 3997 2433 4084 φορέῌοικ
2463 3987 2692 4056 &naneae

514 4094 648 4156 ”Au
681 4094 898 4155 πεΔΙοΝ
925 4142 938 4166 ,
968 4094 1204 4165 nyma}
1238 4092 1310 4156 Δὲ
1342 4093 1499 4178 πρὸς
1531 4095 1863 4184 Exanimem
1897 4096 2220 4181 ἔχοκτὰι);
2252 4102 2390 4158 tum
2423 4091 2566 4178 quia
2587 4086 2693 4149 Lu·

529 4191 779 4256 cretius
811 4239 826 4266 ‚
859 4188 1188 4254 Graecam
1215 4189 1416 4255 Ennii
1444 4192 1813 4277 Luciliique
1842 4194 2174 4257 licentiam
2208 4241 2225 4268 ‚
2270 4213 2466 4277 quam
2491 4189 2694 4273 postea

530 4299 596 4354 et
626 4290 927 4354 Catullus
958 4296 1026 4353 et
1055 4286 1396 4372 Vergilius
1428 4289 1789 4354 artificiose
1819 4298 2261 4366 revocarunt,
2287 4308 2553 4358 exosus,
2573 4296 2694 4344 ver·

528 4387 714 4451 sibus
754 4386 822 4449 in
862 4395 1003 4451 tres
1046 4383 1389 4472 spondeos
1434 4388 1835 4452 exeuntibus
1863 4389 2147 4452 'omnino
2180 4387 2532 4454 abstinuit:
2569 4392 2692 4441 nam
