2840 5008
530 415 664 508 110
1573 414 1660 482 11

518 612 566 651 M
582 612 621 653 o
643 612 679 651 1,
697 612 735 650 L
754 611 773 650 1
792 611 832 651 n
851 611 871 650 1
892 636 905 650 .
932 586 1216 651 Ovidius
1234 587 1307 650 in
1328 587 1657 653 fastorum
1681 612 1768 664 iv,
1786 589 1906 653 217
1921 590 2150 676 feritas
2177 592 2409 654 mollita
2422 615 2537 676 per
2563 595 2742 655 illam

454 737 457 742 .
526 689 769 750 Die-itm·
785 713 805 750 .·
819 688 888 749 id
913 710 1102 750 curru
1131 688 1442 777 testificata
1470 700 1634 753 suost
1650 738 1662 751 .

683 784 821 849 613.
851 784 1013 847 PER
1042 805 1480 848 TERRARUM
1506 787 2740 854 onaEs.MarullusonnEm.atFor-

515 885 708 970 biger
735 883 846 946 hic
872 881 1281 966 perridicule
1303 882 1708 967 Epicureum
1741 883 1913 968 agit:
1939 885 2221 948 succinit
2246 886 2418 949 enim
2443 888 2739 972 gravit-er

517 1006 601 1046 ex
630 981 830 1045 huius
857 981 1015 1044 libri
1044 1000 1248 1043 versu
1281 981 1439 1045 1075
1475 981 1624 1044 Esse
1666 982 1820 1046 alios
1863 983 2002 1045 aliis
2040 994 2345 1046 terrarum
2374 986 2440 1047 in
2458 986 2741 1069 partibus

513 1082 678 1145 orbis
697 1129 709 1142 .
2525 1149 2532 1155 ,

588 1239 601 1244 -
680 1171 821 1242 615.
866 1178 1147 1240 MA’rnx
1223 1198 1315 1238 ET
1388 1198 1681 1239 1NGATI
1758 1191 2315 1242 onnironums
2388 1202 2738 1243 lnvssnn

514 1302 546 1341 s
567 1301 588 1340 1
609 1301 709 1340 ΝΤ
742 1327 755 1339 .
787 1276 1149 1339 Corrector
1194 1273 1510 1359 quadrati
1539 1282 1610 1338 et
1637 1275 1786 1339 Itali
1830 1297 2132 1350 urrais
2162 1324 2179 1339 .
2223 1285 2580 1340 corrector
2627 1280 2737 1342 obe-

513 1376 697 1460 longi
727 1382 795 1438 et
824 1375 974 1437 Itali
1005 1396 1028 1435 1
1046 1395 1353 1436 nonan
1386 1420 1400 1435 .
1448 1371 1571 1436 sed
1609 1373 1887 1459 insuper
1917 1371 2342 1437 scribendum
2378 1381 2486 1437 est
2509 1378 2738 1459 yenito-

512 1475 665 1537 ribu’
699 1496 768 1537 sl
786 1496 829 1534 N
845 1495 885 1534 ‘r
916 1494 938 1534 1
954 1494 998 1533 N
1013 1494 1059 1534 v
1077 1493 1167 1532 EN
1185 1493 1225 1532 ‘r
1240 1493 1261 1532 ι
1285 1518 1300 1544 ‚
1338 1472 1654 1554 quoniam
1676 1471 1788 1535 hic
1809 1477 2014 1555 poeta
2032 1471 2103 1533 in
2124 1470 2258 1534 hoc
2280 1493 2605 1536 versuum
2633 1494 2738 1558 ge·

512 1592 673 1635 nere
704 1577 821 1633 aut
849 1567 1310 1653 tetrasyllabis
1339 1590 1505 1633 usus
1536 1577 1641 1633 est
1671 1577 1788 1633 aut
1816 1577 1975 1654 post
2011 1569 2483 1655 monosyllaba
2513 1570 2738 1656 trisyl-

513 1669 683 1733 labis
707 1715 722 1741 ‚
751 1688 890 1729 non
935 1674 1207 1745 contra.
1253 1689 1427 1730 unus
1468 1673 1692 1731 tamen
1734 1675 1837 1731 est
1866 1688 2105 1732 versus
2144 1666 2343 1731 huius
2383 1668 2547 1733 libri
2587 1669 2708 1733 309
2724 1716 2737 1742 ‚

521 1768 743 1831 Omnia
773 1789 910 1828 oum
935 1788 1144 1828 rerum
1167 1766 1517 1849 primordia
1544 1768 1663 1829 sint
1687 1767 1752 1828 in
1781 1776 1944 1829 motu
1973 1814 1990 1844 ,
2028 1765 2099 1827 in
2143 1786 2277 1848 quo
2322 1772 2441 1829 aut
2479 1768 2552 1829 in
2580 1778 2739 1830 motu

512 1886 639 1949 pro
680 1886 817 1928 uno
845 1863 1180 1928 vocabulo
1223 1864 1436 1949 accipi
1482 1864 1690 1929 debet
1735 1872 1850 1928 aut
1880 1864 2116 1949 potius
2154 1863 2598 1929 scribendum
2644 1872 2740 1928 est

519 1962 743 2027 Omnia
772 1986 910 2026 cum
935 1964 1145 2026 sintin
1171 1972 1335 2025 motu
1352 1963 1705 2046 primordia
1733 1984 1942 2025 rerum
1962 2010 1974 2023 .

676 2059 816 2125 618.
847 2059 952 2124 ΤΥ
969 2083 1015 2122 Μ
1031 2083 1068 2122 P
1084 2083 1182 2122 AN
1200 2082 1244 2121 A
1283 2083 1324 2121 ’r
1338 2082 1433 2122 EN
1447 2081 1566 2122 TA.
1596 2059 1825 2123 Utitur
1857 2058 1993 2123 hoc
2009 2080 2209 2122 versu
2228 2057 2494 2122 Nonius
2511 2081 2582 2144 p.
2608 2061 2737 2134 181,

507 2160 633 2223 26.
668 2181 827 2222 mox
851 2158 1224 2243 quadratus
1245 2160 1513 2222 violentis
1545 2160 1721 2243 siqua
1737 2158 1986 2245 furoris
2022 2179 2146 2242 pro
2169 2159 2458 2237 violenti,
2497 2160 2608 2223 et
2590 2182 2662 2223 m
2680 2182 2734 2232 v,

515 2258 664 2321 1231
700 2259 939 2321 violenti
967 2257 1232 2319 turbine.

675 2347 813 2419 6²23
864 2355 1414 2419 CONTERRERE
1448 2375 1660 2416 ME‘ru
1692 2375 1842 2428 Qun
1872 2376 2222 2418 Possum·
2253 2377 2568 2417 nmium:
2613 2379 2734 2419 οι-

507 2478 680 2519 vin.
724 2453 812 2519 Ut
844 2449 989 2517 tela'
1013 2451 1360 2537 improbos
1387 2457 1571 2525 metu
1602 2458 2037 2516 conterreant
2058 2500 2073 2528 ‚
2104 2452 2271 2516 nihil
2299 2473 2474 2537 opus
2505 2461 2617 2518 est
2647 2456 2730 2517 di-

505 2579 616 2617 vae
658 2554 903 2616 numine
938 2601 951 2615 .
991 2551 1362 2615 rectissime
1407 2551 1656 2614 amicus
1697 2550 2153 2636 Havercampi
2190 2563 2351 2614 metu
2393 2553 2731 2616 nunnus

505 2654 682 2715 divae
700 2700 713 2714 .
739 2649 864 2714 sed
883 2675 915 2713 s
934 2650 1202 2713 litterae
1232 2650 1419 2713 elisio
1450 2648 1740 2712 librariis
1772 2648 2177 2732 displicebat
2193 2697 2208 2724 ‚
2232 2656 2309 2712 ut
2335 2650 2543 2734 paulo
2580 2658 2730 2714 ante

507 2770 709 2812 versu
740 2748 895 2811 615.

675 2847 812 2908 626.
847 2868 1268 2909 STERNUNT
1303 2867 1431 2906 1‘1'13
1467 2867 1733 2907 OMNIA
1766 2866 2023 2908 vntum
2051 2891 2063 2906 .
2091 2843 2241 2906 Itali
2271 2866 2492 2906 ITER.
2519 2866 2728 2908 cmm:

503 2964 818 3006 vmnum
839 2942 1375 3029 Turnebuquui
1404 2941 1501 3004 ita
1527 2936 1622 3004 'in
1654 2942 2105 3005 sanctioribus
2137 2941 2489 3026 exemplis’
2520 2944 2729 3026 scrip-

503 3050 646 3104 tum
675 3061 825 3103 esse
857 3039 1023 3103 dicit
1053 3039 1593 3103 adversariorum
1620 3039 1794 3102 libro
1824 3061 1885 3112 v,
1904 3038 1985 3102 26
2016 3087 2027 3100 .
2069 3038 2400 3125 intellegit
2425 3039 2537 3103 ille
2569 3039 2727 3104 Ber-

504 3125 828 3203 tinianum
859 3136 1156 3201 codicem
1177 3184 1192 3210 ‚
1218 3136 1330 3220 qui
1364 3143 1468 3199 est
1500 3136 1872 3220 quadratus
1902 3142 2170 3211 noster3
2193 3136 2264 3198 in.
2292 3157 2428 3219 quo
2461 3158 2611 3200 cum
2638 3138 2727 3200 vi-

506 3237 720 3300 disset
743 3238 948 3300 omm'a
966 3237 1164 3298 virum
1181 3282 1198 3313 ,
1219 3234 1557 3298 litterulas
1582 3234 1840 3319 aliquot
1864 3240 2305 3298 commutatas
2326 3254 2413 3296 ne
2445 3256 2725 3298 comme-

429 3389 432 3391 *
502 3355 769 3397 morare
817 3333 1088 3417 quidem
1129 3331 1345 3397 voluit
1383 3356 1397 3395 ε
1441 3332 1739 3396 habebat
1780 3338 2003 3394 autem
2048 3339 2203 3394 ante
2247 3332 2484 3414 oculos
2526 3333 2726 3395 mimia

501 3435 727 3495 mirum
750 3479 764 3505 ‚
798 3431 984 3515 quod
1014 3430 1302 3494 dederat
1333 3452 1418 3495 ex
1446 3431 1677 3515 primis
1709 3429 2115 3493 editionibus
2154 3451 2304 3493 cum
2333 3430 2630 3494 Avantio
2660 3436 2723 3493 et

501 3530 625 3594 Pio
668 3530 1032 3594 Ascensius
1071 3577 1086 3602 ‚
1136 3551 1282 3593 cum
1326 3529 1623 3594 Antonio
1666 3528 1866 3592 Marii
1910 3535 1977 3591 et
2018 3528 2309 3591 Marullo
2357 3529 2723 3612 placuisset

503 3631 706 3693 omnia
736 3630 967 3692 circum
986 3676 998 3688 .

669 3726 808 3790 628.
838 3748 1095 3787 MATRE
1112 3748 1158 3787 M
1191 3747 1225 3787 c
1243 3747 1344 3788 om
1361 3746 1381 3784 1
1401 3744 1611 3796 TUMQ
1631 3742 1723 3784 UE
1757 3744 1791 3784 c
1810 3721 2724 3806 ATERVA.Correct01·-qua-

503 3824 683 3887 drati
712 3835 1013 3887 catervam
1047 3872 1061 3886 .
1106 3825 1356 3886 rectius
1386 3820 1540 3883 Itali
1572 3843 1606 3883 c
1625 3841 1978 3882 A’rERVAs
2011 3843 2024 3881 z
2066 3820 2166 3882 sic
2196 3820 2371 3883 enim
2401 3822 2722 3906 scriptum

505 3929 693 3985 extat
720 3944 920 3984 versu
951 3921 1069 3985 611
1106 3930 1174 3984 et
1204 3922 1326 3984 630
1345 3967 1360 3983 .
2447 4000 2455 4005 ἣ

644 4019 805 4084 .630.
852 4043 1099 4083 INTER
1145 4041 1233 4082 SE
1264 4040 1529 4081 FORTE
1562 4038 1969 4081 CATERvAs
1998 4014 2345 4077 Lunum
2383 4061 2399 4088 ‚
2445 4038 2530 4076 IN
2581 4037 2720 4076 Nu·

500 4142 942 4194 manumque
972 4142 1068 4181 Ex
1086 4140 1177 4180 σι.
1195 4140 1395 4180 TANT
1428 4137 1579 4180 ΒΑΝ
1597 4136 1847 4178 omma
1882 4136 1967 4176 m,
1989 4137 2026 4176 E
2045 4137 2120 4176 TI
2143 4162 2157 4176 .
2190 4115 2471 4189 Catervas
2487 4112 2722 4176 oblon-

500 4239 625 4302 gus
657 4225 724 4280 et
756 4218 910 4280 olim
940 4217 1248 4297 impressi
1286 4239 1299 4277 :
1350 4213 1723 4300 quadratus
1755 4224 1996 4276 catenas
2024 4237 2048 4293 ,·
2088 4211 2276 4295 quod
2306 4210 2555 4274 doctos
2584 4211 2721 4273 sine

502 4335 705 4378 causa
738 4314 1074 4387 exercuit,
1101 4334 1248 4376 cum
1281 4313 1494 4376 errori
1522 4310 1778 4375 librarii
1803 4309 2324 4375 adscribendum
2350 4309 2439 4371 sit
2456 4357 2470 4370 .
2494 4329 2720 4372 verum

500 4432 583 4473 ne
611 4411 684 4474 id
715 4411 983 4494 quidem
1017 4411 1202 4494 quod
1241 4411 1500 4476 habent
1542 4408 1748 4474 ceteri
1773 4456 1787 4484 ‚
1820 4420 2091 4471 catervas
2113 4455 2127 4482 ‚
2161 4407 2519 4490 quicquam
2564 4406 2720 4470 boni
