2840 5008
399 333 534 403 186
1488 335 1556 403 V

390 517 530 573 tum
561 508 823 573 demum
852 510 1074 594 pueris
1105 530 1272 574 aevo
1298 510 1582 574 florente
1609 510 1917 588 iuventas

394 624 638 710 occipit
667 634 736 687 et
763 624 944 688 molli
971 624 1175 688 vestit
1202 617 1510 710 lanugine
1538 626 1781 701 malas3

248 756 346 803 890
390 759 476 802 ne
504 738 678 803 forte
710 761 795 802 ex
821 739 1088 803 homine
1119 747 1186 803 et
1214 740 1517 803 veterino
1550 741 1797 804 semine
1828 761 2147 825 equorum

393 854 663 918 confieri
694 853 931 918 credas
964 854 1334 919 Centauros
1364 876 1567 939 posse
1597 876 1815 940 neque
1845 877 2022 931 esse,

391 978 506 1034 aut
533 969 786 1062 rabidis
818 970 1090 1033 canibus
1121 970 1497 1034 succinctas
1525 971 1957 1034 semimarinis

392 1087 786 1170 corporibus
817 1086 1079 1173 Scyllas
1097 1135 1113 1160 ‚
1138 1094 1206 1148 et
1235 1093 1461 1149 cetera
1491 1084 1576 1148 de
1606 1106 1848 1171 genere
1877 1086 2147 1162 horum,

390 1201 562 1273 inter
591 1224 664 1265 se
695 1223 977 1287 quorum
1008 1200 1346 1265 discordia
1372 1202 1667 1264 membra
1696 1199 2027 1278 videmusr,

247 1333 344 1379 895
390 1339 560 1402 quae
589 1338 809 1402 neque
836 1315 1200 1380 florescunt
1227 1317 1479 1402 pariter
1506 1337 1631 1380 nec
1661 1317 1909 1379 robora
1936 1327 2204 1383 sumunt

349 1452 352 1457 ·
391 1433 787 1518 corporibus
817 1453 1034 1516 neque
1062 1433 1395 1519 proiciunt
1424 1439 1643 1495 aetate
1673 1440 1973 1506 senecta,

390 1569 514 1611 nec
544 1547 734 1611 simili
762 1547 1029 1610 Venere
1060 1547 1424 1611 ardescunt
1450 1568 1576 1610 nec
1604 1547 1899 1611 moribus
1926 1547 2074 1612 unis

391 1662 798 1727 conveniunt
815 1712 830 1738 ‚
850 1683 1068 1746 neque
1099 1670 1256 1726 sunt
1287 1661 1517 1726 eadem
1546 1660 1837 1725 iucunda
1864 1684 1987 1747 per
2016 1672 2232 1729 artus.

352 1829 356 1833 .
390 1778 638 1863 quippe
667 1776 895 1841 videre
924 1777 1082 1841 licet
1107 1778 1545 1863 pinguescere
1575 1798 1777 1864 saepe
1808 1778 2024 1843 cicuta

241 1909 341 1956 900
383 1892 772 1979 barbigeras
803 1892 1098 1978 pecudes
1117 1941 1132 1969 ,
1153 1892 1402 1957 homini
1433 1914 1607 1977 quae
1637 1900 1739 1956 est
1767 1914 1919 1956 acre
1949 1915 2275 1959 venenum
2295 1944 2311 1958 .

344 2086 355 2091 ·
390 2008 677 2094 denique
705 2007 965 2072 flamma
995 2007 1262 2094 quidem
1293 2029 1443 2072 cum
1473 2029 1763 2094 corpora
1790 2007 1973 2072 fulva
2000 2008 2269 2074 leonum

386 2131 522 2188 tam
551 2125 770 2188 soleat
795 2132 1055 2189 torrere
1087 2131 1290 2208 atque
1316 2144 1517 2186 urere
1550 2145 1745 2208 quam
1775 2143 1985 2208 genus
2016 2146 2209 2189 omne

384 2228 656 2304 visceris
683 2240 752 2303 in
780 2239 977 2303 terris
1008 2238 1190 2323 quod
1222 2260 1503 2324 cumque
1535 2246 1601 2302 et
1631 2239 1968 2324 sanguinis
2000 2247 2217 2316 extet,

389 2356 501 2440 qui
530 2355 671 2420 fieri
699 2354 950 2441 potuit,
972 2353 1215 2438 triplici
1246 2375 1395 2417 cum
1427 2375 1712 2439 corpore
1742 2362 1818 2418 ut
1845 2375 2009 2428 una,

240 2486 338 2534 905
383 2471 595 2557 prima
620 2470 728 2534 leo
748 2520 763 2546 ‚
785 2477 1127 2556 postrema
1158 2468 1363 2534 draco
1383 2519 1399 2546 ‚
1422 2468 1640 2534 media
1667 2470 1815 2556 ipsa
1834 2518 1848 2544 ‚
1874 2468 2221 2535 Chimaera

386 2608 502 2650 ore
530 2586 714 2651 foras
744 2608 963 2650 acrem
991 2585 1188 2650 flaret
1216 2584 1301 2649 de
1332 2606 1619 2672 corpore
1647 2585 2015 2650 flammam?

387 2723 594 2786 quare
624 2701 819 2766 etiam
847 2702 1084 2766 tellure
1113 2722 1291 2766 nova
1321 2701 1642 2785 caeloque
1668 2694 1922 2764 recenti

384 2804 545 2880 talia
572 2815 688 2900 qui
715 2815 907 2902 fingit
933 2817 1237 2902 potuisse
1268 2816 1571 2880 animalia
1600 2815 1807 2901 gigni,

385 2932 580 2995 nixus
607 2932 678 2994 in
703 2930 838 2994 hoc
865 2953 1001 2996 uno
1031 2931 1347 2996 novitatis
1371 2931 1642 2995 nomine
1671 2930 1881 3006 inani,

241 3063 339 3111 910
382 3040 591 3112 multa
615 3046 773 3110 licet
800 3037 989 3109 simili
1018 3046 1278 3110 ratione
1309 3045 1561 3110 effutiat
1591 3067 1707 3109 ore
1725 3095 1740 3121 ‚

385 3184 589 3227 aurea
613 3170 754 3227 tum
785 3154 967 3225 dicat
995 3181 1116 3247 per
1144 3167 1361 3224 terras
1389 3160 1659 3224 flumina
1685 3162 1888 3247 vulgo

386 3278 655 3343 fluxisse
673 3328 688 3354 ‚
712 3286 778 3341 et
806 3276 1078 3363 gemmis
1106 3275 1345 3341 florere
1376 3277 1654 3340 arbusta
1682 3284 1943 3352 messe,

386 3402 502 3459 aut
528 3393 859 3457 hominem
886 3384 1077 3456 tanto
1106 3393 1551 3455 membrorum
1585 3413 1731 3456 esse
1760 3393 2005 3478 impete
2034 3400 2263 3458 natum
2280 3441 2294 3468 ‚

383 3517 572 3574 trans
599 3508 806 3572 maria
835 3507 970 3571 alta
996 3505 1240 3591 pedum
1269 3506 1455 3570 nisus
1483 3513 1561 3570 ut
1588 3528 1840 3592 ponere
1869 3515 2104 3592 posset

239 3643 337 3690 915
384 3635 450 3690 et
477 3625 785 3688 manibus
812 3629 1025 3687 totum
1055 3622 1301 3685 circum
1331 3642 1404 3684 se
1434 3630 1696 3686 vertere
1728 3623 2009 3686 caelum.

384 3738 536 3805 nam
566 3738 753 3826 quod
779 3738 990 3802 multa
1015 3734 1203 3802 fuere
1231 3737 1301 3801 in
1328 3738 1527 3802 terris
1558 3737 1807 3802 semina
1834 3759 2053 3817 rerum

386 3863 686 3940 tempore
716 3876 849 3939 quo
879 3853 1160 3940 primum
1187 3854 1384 3918 tellus
1415 3853 1720 3918 animalia
1745 3852 1922 3918 fudit
1939 3902 1953 3921 ,

392 4179 490 4226 888
526 4173 715 4244 puerili
753 4172 773 4241 Η
809 4172 1035 4224 florenta
1068 4172 1088 4240 11
1127 4176 1224 4223 889
1265 4170 1449 4224 officit
1488 4171 1508 4240 ΙΙ
1544 4177 1640 4222 892
1679 4171 1880 4241 rapidis
1916 4169 1936 4239 ΙΙ
1988 4176 2085 4222 896
2124 4170 2407 4239 proficiunt
2471 4172 2492 4239 ΙΙ
2559 4179 2654 4224 901

391 4258 637 4327 Denique
671 4262 935 4310 omissum.
995 4254 1013 4325 ΙΙ
1052 4261 1166 4307 ’904
1204 4273 1384 4332 unam.
1442 4254 1461 4321 ΙΙ
1507 4260 1606 4307 906
1642 4254 1783 4308 feras
1813 4254 1842 4325 ΙΙ
1880 4255 2011 4306 flare
2047 4253 2068 4321 ΙΙ
2105 4259 2202 4304 913
2240 4252 2455 4304 homine
2496 4253 2517 4320 ΙΙ
2558 4261 2658 4306 914

393 4339 633 4409 pondere
