2840 5008
520 369 685 435 ·158
1635 369 1701 432 V

543 564 676 628 quo
706 542 914 626 magis
940 542 1052 605 hic
1080 542 1315 605 merito
1344 542 1542 605 nobis
1575 541 1742 606 deus
1775 563 1921 607 esse
1949 543 2220 608 videtur
2240 595 2254 621 ‚

416 674 480 718 20
542 678 625 719 ex
657 677 791 740 quo
824 677 998 718 nunc
1029 657 1223 727 etiam
1253 676 1374 739 per
1403 677 1678 740 magnas
1710 656 1922 721 didita
1949 659 2166 742 gentis

542 769 761 833 dulcia
789 770 1202 853 permulcent
1230 770 1486 832 animos
1517 770 1763 834 solacia
1789 772 2000 835 vitae.

538 884 845 948 Herculis
877 886 1195 949 antistare
1226 892 1445 947 autem
1475 885 1529 947 si
1560 884 1741 949 facta
1767 887 2066 972 putabis,

535 1000 799 1085 longius
831 1021 869 1063 a
898 1021 1059 1063 vera
1087 998 1293 1061 multo
1325 999 1585 1062 ratione
1614 999 1858 1064 ferere.

537 1113 700 1200 quid
727 1114 1099 1178 Nemeaeus
1131 1115 1300 1177 enim
1329 1115 1524 1178 nobis
1553 1129 1730 1177 nunc
1759 1136 2036 1200 magnus
2065 1116 2288 1180 hiatus

314 1241 321 1246 ’
413 1247 475 1291 25
534 1230 641 1293 ille
670 1229 880 1292 leonis
912 1231 1186 1292 obesset
1215 1237 1281 1292 et
1309 1229 1593 1292 horrens
1623 1228 1954 1301 Arcadius
1983 1231 2147 1293 sus?

535 1344 822 1429 denique
854 1343 1017 1427 quid
1048 1343 1284 1407 Cretae
1315 1351 1546 1407 taurus
1574 1343 2008 1429 Lernaeaque
2037 1347 2250 1429 pestis

533 1459 756 1546 hydra
784 1458 1135 1520 venenatis
1164 1465 1395 1541 posset
1425 1458 1669 1521 vallata
1699 1459 2035 1522 colubris?

534 1572 780 1658 quidve
807 1573 1175 1658 tripectora
1202 1582 1306 1633 ter
1334 1572 1573 1656 gemini
1601 1574 1703 1635 vis
1734 1573 2072 1659 Geryonai

537 1695 602 1750 et
629 1685 971 1751 Diomedis
1005 1686 1158 1769 equi
1187 1686 1519 1770 spirantes
1551 1688 1822 1778 naribus
1851 1689 2096 1772 ignem,

405 1821 464 1867 31
529 1802 862 1867 Thracam
889 1801 1356 1885 Bistoniasque
1389 1799 1620 1886 plagas
1650 1811 1853 1886 atque
1880 1803 2131 1865 Ismara
2157 1813 2468 1888 propter,

407 1935 472 1980 30
532 1925 724 1981 tanto
757 1938 959 2002 opere
992 1915 1367 1989 officerent,
1393 1925 1461 1977 et
1490 1937 1648 1979 aves
1680 1916 2077 2002 Stymphala
2105 1918 2451 1982 colentes?
2527 1947 2528 1950 ¹

407 2049 468 2093 32
530 2052 861 2115 aureaque
893 2028 1339 2114 Hesperidum
1369 2051 1644 2093 servans
1673 2030 1994 2114 fulgentia
2022 2032 2220 2109 mala,

529 2168 726 2233 asper
746 2195 760 2221 ‚
784 2145 1027 2208 acerba
1057 2152 1253 2208 tuens
1272 2192 1288 2217 ‚
1309 2144 1572 2206 immani
1603 2165 1888 2228 corpore
1917 2167 2194 2230 serpens

527 2262 785 2325 arboris
816 2260 1157 2343 amplexus
1189 2259 1462 2343 stirpem
1492 2257 1657 2341 quid
1686 2257 1974 2343 denique
2004 2262 2274 2336 obesset

406 2391 467 2436 35
527 2364 806 2462 propter
835 2374 1219 2437 Atlanteum
1248 2372 1400 2434 litus
1432 2371 1801 2456 pelageque
1831 2396 2110 2449 sonora,

524 2514 657 2577 quo
687 2511 907 2575 neque
936 2496 1168 2553 noster
1199 2484 1340 2549 adit
1371 2486 1721 2569 quisquam
1749 2510 1873 2552 nec
1903 2490 2230 2554 barbarus
2261 2489 2509 2556 audet}>

522 2613 746 2670 cetera
776 2605 859 2669 de
889 2625 1134 2690 genere
1162 2603 1295 2665 hoc
1326 2622 1498 2686 quae
1528 2610 1687 2665 sunt
1717 2611 2036 2687 portenta
2064 2616 2442 2692 perempta,

521 2723 617 2783 sei
644 2743 782 2783 non
811 2721 988 2784 victa
1015 2719 1240 2782 forent
1257 2766 1272 2792 ‚
1297 2716 1461 2801 quid
1490 2716 1763 2780 tandem
1798 2720 1947 2783 viva
1977 2721 2347 2783 nocerent?

523 2835 615 2897 nil
632 2884 647 2910 ‚
670 2842 743 2897 ut
773 2836 1044 2920 opinor:
1066 2835 1160 2896 ita
1189 2832 1278 2896 ad
1306 2833 1612 2897 satiatem
1639 2841 1823 2896 terra
1850 2833 2138 2898 ferarum

398 2967 460 3011 40
520 2971 696 3013 nunc
728 2934 923 3012 etiam
954 2950 1151 3012 scatit
1181 2955 1247 3010 et
1276 2947 1545 3032 trepido
1575 2956 1836 3011 terrore
1866 2950 2124 3035 repleta
2154 2960 2256 3013 est

517 3085 640 3150 per
668 3085 941 3127 nemora
969 3087 1047 3126 ac
1076 3070 1336 3126 montes
1366 3083 1646 3147 magnos
1677 3062 2015 3146 silvasque
2045 3063 2450 3148 profundas3

518 3200 689 3264 quae
716 3177 867 3241 loca
895 3176 1150 3242 vitandi
1179 3177 1571 3262 plerumque
1604 3186 1708 3240 est
1735 3185 1968 3240 nostra
1995 3185 2330 3262 potestas,

513 3302 584 3357 at
610 3293 736 3356 nisi
763 3300 1188 3378 purgatumst
1213 3301 1453 3376 pectus
1472 3341 1486 3367 ‚
1510 3313 1680 3377 quae
1710 3292 1964 3378 proelia
1992 3294 2186 3358 nobis

514 3416 716 3494 atque
745 3407 1041 3494 pericula
1066 3415 1274 3470 tumst
1300 3407 1576 3491 ingratis
1604 3405 2100 3470 insinuandum!

388 3541 450 3584 45
515 3531 803 3609 quantae
832 3531 973 3586 tum
1003 3521 1318 3585 scindunt
1346 3521 1679 3583 hominem
1711 3520 2102 3608 cuppedinis
2132 3542 2320 3589 acres

512 3639 861 3703 sollicitum
894 3658 1124 3709 curae,
1157 3636 1526 3720 quantique
1553 3636 1833 3721 perinde
1863 3637 2162 3700 timores!

510 3753 756 3838 quidve
786 3752 1099 3839 superbia
1127 3750 1447 3838 spurcitia
1476 3771 1562 3813 ac
1583 3752 1952 3835 petulantia
1968 3751 2000 3812 Ρ
2025 3758 2308 3835 quantas

510 3868 803 3932 efficiunt
834 3868 1088 3931 clades!
1117 3859 1280 3951 quid
1307 3867 1505 3929 luxus
1539 3863 2015 3951 desidiaeque?

505 3984 674 4047 haec
704 3983 903 4068 igitur
935 3983 1048 4066 qui
1078 3990 1321 4045 cuncta
1346 3980 1687 4064 subegerit
1718 4002 1802 4043 ex
1832 3981 2181 4064 animoque

509 4273 567 4316 31
613 4265 841 4317 Thracia
878 4265 896 4333 Η
937 4271 998 4315 30
1037 4265 1189 4315 nobis
1226 4262 1498 4332 tymphala
1533 4262 1552 4331 Η
1592 4268 1652 4313 33
1681 4263 1909 4314 acerban
1948 4262 1968 4330 ΙΙ
2004 4268 2066 4313 34
2094 4263 2291 4331 stirpes
2318 4263 2338 4331 Η
2367 4268 2430 4314 35
2459 4265 2704 4317 atianeum
2726 4255 2740 4320 ΙΙ

507 4341 788 4418 pelagique
823 4364 1034 4400 severa.
1072 4348 1089 4413 ΙΙ
1130 4353 1192 4398 38
1231 4346 1341 4397 Sed
1380 4348 1398 4413 Η
1437 4347 1610 4398 vincta
1647 4345 1667 4413 Η
1704 4353 1767 4397 44
1804 4352 1929 4398 sunt
1965 4345 1984 4410 ΙΙ
2020 4352 2082 4396 45
2123 4344 2452 4414 cuppedines
