2840 5008
1137 385 1265 452 1111
1431 333 1434 334 ἦ
2193 382 2325 449 133

78 569 135 625 et
160 561 353 648 cycni
384 559 588 623 tortis
617 559 1026 623 convallibus
1059 581 1141 622 ex
1170 545 1511 622 Heliconis

78 699 204 740 oum
233 673 564 760 liquidam
593 674 836 737 tollunt
863 675 1125 758 lugubri
1156 694 1321 736 voce
1353 672 1740 757 querellam.

145 790 367 853 Hasce
401 789 603 874 igitur
631 788 897 872 penitus
930 810 1132 852 voces
1165 809 1313 851 cum
1345 808 1630 872 corpore
1661 793 1897 849 nostro

79 904 493 989 exprimimus
523 912 846 987 rectoque
874 902 1059 966 foras
1091 902 1446 965 emittimus
1480 923 1626 974 ore,

75 1019 319 1083 mobilis
350 1018 664 1082 articulat
691 1019 1045 1080 verborum
1077 1015 1359 1079 daedala
1386 1015 1642 1100 lingua,

42 1167 43 1180 κ
76 1132 567 1216 formaturaque
595 1132 931 1196 labrorum
963 1153 1086 1216 pro
1117 1139 1308 1216 parte
1336 1130 1605 1215 figurat.

41 1268 45 1304 ι
78 1247 193 1309 hoc
220 1247 339 1310 ubi
367 1268 506 1309 non
537 1246 805 1330 longum
835 1246 1187 1331 spatiumst
1215 1244 1395 1307 unde
1426 1265 1559 1307 una
1591 1242 1894 1329 profecta

76 1360 406 1445 perveniat
432 1381 573 1423 vox
603 1381 905 1444 quaeque
925 1409 939 1435 ‚
963 1368 1308 1423 necessest
1334 1360 1542 1423 verba
1574 1380 1843 1445 quoque
1872 1359 2020 1443 ipsa

41 1509 46 1529 ·
77 1474 253 1558 plane
286 1472 589 1536 exaudiri
624 1472 1046 1559 discernique
1077 1474 1507 1537 articulatim:

75 1595 286 1651 servat
316 1588 490 1650 enim
518 1587 954 1651 formaturam
983 1598 1345 1673 servatque
1374 1588 1682 1673 figuram.

78 1708 137 1764 at
162 1702 211 1764 si
237 1702 415 1765 inter
444 1687 732 1786 positum
764 1704 1046 1788 spatium
1078 1703 1165 1766 sit
1192 1703 1454 1788 longius
1485 1724 1703 1787 aequo
1723 1753 1737 1778 ‚

78 1821 213 1878 aera
240 1838 363 1901 per
391 1816 671 1880 multum
702 1816 1018 1880 confundi
1049 1819 1256 1881 verba
1282 1828 1625 1881 necessest

82 1937 138 1992 et
165 1931 553 1995 conturbari
582 1953 816 1994 vocem
834 1981 849 2007 ,
876 1931 1032 1995 dum
1062 1933 1438 1997 transvolat
1467 1954 1693 1995 auraS.

41 2065 47 2100 ι
83 2064 223 2129 ergo
251 2044 358 2119 fit,
382 2045 675 2116 sonitum
703 2054 778 2110 ut
807 2048 1025 2133 possis
1057 2048 1302 2111 sentire
1323 2096 1337 2121 ‚
1362 2069 1583 2131 neque
1611 2048 1787 2110 illam

80 2157 518 2222 internoscere
539 2209 554 2235 ‚
577 2162 933 2224 verborum
964 2162 1296 2225 sententia
1328 2183 1499 2245 quae
1529 2162 1645 2224 sit:

80 2294 270 2357 usque
299 2272 469 2337 adeo
503 2273 779 2337 confusa
800 2276 994 2340 *venit
1022 2299 1160 2339 vox
1188 2277 1388 2360 inque
1420 2275 1682 2362 pedita.

79 2395 408 2469 praeterea
435 2389 715 2452 verbum
745 2412 944 2476 saepe
975 2412 1180 2453 unum
1210 2391 1465 2474 perciet
1494 2391 1670 2454 auris

82 2502 359 2566 omnibus
387 2503 475 2566 in.
486 2503 738 2591 populo
760 2555 774 2580 ‚
796 2506 1065 2568 missum
1096 2506 1445 2591 praeconis
1476 2507 1560 2568 ab
1592 2528 1740 2568 ore.

41 2630 49 2671 ι
79 2615 135 2676 in
161 2617 392 2681 multas
421 2618 623 2702 igitur
654 2640 854 2682 voces
885 2642 1021 2683 vox
1047 2641 1181 2683 una
1208 2628 1488 2704 repente

83 2727 311 2815 diffugit
336 2731 438 2806 ‚in
466 2732 693 2817 privas
726 2735 1038 2817 quoniam
1068 2756 1139 2796 se
1172 2733 1407 2797 dividit
1438 2735 1645 2809 auris,

83 2844 418 2929 obsignans
446 2844 729 2910 formam
758 2849 948 2911 verbi
979 2848 1359 2932 clarumque
1391 2870 1729 2912 sonorem.

84 2963 144 3019 at
169 2980 325 3042 quae
355 2982 516 3047 pars
548 2983 788 3024 vocum
816 2983 950 3025 non
981 2963 1159 3026 auris
1186 2962 1422 3026 incidit
1450 2964 1659 3049 ipsaS‚

84 3081 320 3156 praeter
350 3075 490 3138 lata
518 3076 692 3160 perit
720 3076 967 3140 frustra
999 3076 1235 3140 diffusa
1267 3099 1385 3162 per
1415 3100 1645 3142 auras:

41 3199 52 3243 J
86 3207 250 3270 pam,
272 3189 503 3253 solidis
534 3189 780 3266 adlisa,
802 3191 967 3254 locis
998 3193 1245 3255 reiecta
1273 3214 1583 3255 sonorem

85 3300 282 3367 reddit
310 3312 378 3367 et
405 3304 579 3395 inter
610 3304 769 3368 dum
796 3305 1154 3370 frustratur
1181 3308 1464 3392 imagine
1493 3311 1713 3373 verbi.

89 3435 230 3496 quae
258 3419 428 3481 bene
461 3441 609 3481 cum
637 3419 902 3497 videas,
925 3422 1251 3485 rationem
1278 3421 1567 3486 reddere
1599 3426 1820 3509 possis

87 3518 205 3592 tute
233 3534 349 3597 tibi
380 3541 585 3618 atque
615 3535 754 3623 aliis
775 3585 790 3611 ‚
817 3557 950 3621 quo
983 3545 1183 3621 pacto
1214 3559 1333 3622 per
1362 3538 1514 3600 loca
1544 3538 1688 3601 sola

89 3662 224 3708 saxa
247 3648 425 3731 paris
455 3647 705 3712 formas
734 3652 1090 3714 verborum
1122 3673 1207 3714 ex
1237 3651 1472 3716 ordine
1501 3652 1822 3727 reddant,

41 3769 53 3811 5
87 3757 339 3838 palantis
371 3761 649 3827 comites
681 3786 829 3827 com
858 3763 1100 3829 montis
1129 3766 1303 3828 inter
1335 3789 1586 3852 opacos

95 3876 433 3952 quaerimus
467 3884 533 3940 et
563 3899 801 3964 magna
831 3879 1174 3966 dispersos
1205 3902 1371 3943 voce
1404 3881 1677 3945 ciemus.

95 4005 192 4050 sex
218 3991 405 4054 etiam
435 3999 552 4055 aut
587 3999 842 4078 septem
871 3995 1020 4058 loca
1047 3994 1182 4059 vidi
1211 3993 1497 4058 reddere
1527 4017 1763 4072 voces,

101 4268 180 4314 545
211 4266 276 4321 Et
308 4270 491 4324 validis
528 4275 670 4326 necti
705 4276 861 4329 tortis
899 4294 963 4329 ex
1001 4278 1019 4347 ΙΙ
1060 4285 1157 4331 548
1195 4280 1448 4333 mittimus
1485 4284 1505 4351 Η
1545 4289 1641 4334 549
1679 4302 1962 4337 nervorum
2001 4285 2020 4351 ΙΙ
2061 4292 2156 4336 553
2184 4284 2271 4337 illa
2293 4284 2317 4353 11

103 4350 181 4398 567
217 4353 379 4431 verbis
416 4354 435 4423 ΙΙ
474 4363 572 4410 570
610 4357 749 4428 lopis
790 4359 808 4427 ΙΙ
849 4365 945 4413 576
984 4379 1200 4431 magnas
1239 4364 1258 4431 Η
1299 4371 1394 4416 577
1437 4365 1615 4417 videre
1652 4367 1819 4419 odore
1854 4369 2025 4420 vocis.
2078 4409 2081 4412 .
2145 4409 2149 4412 .
