2840 5008
514 415 654 483 198
854 466 857 469 -
1603 417 1671 484 V

506 589 809 654 horribili
837 589 1061 654 sonitu
1090 591 1291 655 silvas
1323 590 1649 655 exederat
1677 592 1830 655 altis

510 706 592 769 ab
622 703 958 769 radicibus
991 713 1055 770 et
1083 714 1329 771 terram
1357 715 1763 793 percoxerat
1789 707 1959 793 igni,

349 837 474 883 1255
505 821 821 911 manabat
847 822 1034 884 venis
1063 818 1478 887 ferventibus
1506 823 1575 885 in
1605 823 1756 886 loca
1782 830 2003 887 terrae

511 957 806 1001 concava
835 937 1238 1001 conveniens
1268 939 1525 1024 argenti
1553 938 1737 1002 rivus
1770 946 1837 1002 et
1865 941 2038 1015 auri,

512 1048 682 1114 aeris
710 1052 867 1116 item
899 1060 967 1116 et
995 1051 1277 1139 plumbi.
1309 1075 1480 1138 quae
1511 1075 1659 1116 cum
1689 1063 2008 1119 concreta
2035 1054 2358 1120 videbant

510 1167 845 1252 posterius
876 1167 1056 1230 claro
1084 1168 1153 1231 in
1182 1177 1364 1233 terra
1390 1167 1747 1253 splendere
1778 1170 2032 1246 colore,

511 1283 840 1347 tollebant
868 1282 1082 1347 nitido
1115 1283 1291 1370 capti
1320 1284 1584 1368 levique
1613 1284 1875 1371 lepore,

350 1414 479 1461 1260
512 1403 578 1461 et
609 1397 802 1462 simili
828 1397 1115 1462 formata
1143 1397 1463 1463 videbant
1493 1420 1640 1463 esse
1667 1399 1882 1484 figura

515 1520 720 1599 atque
747 1513 1135 1577 lacunarum
1162 1494 1431 1578 fuerant
1457 1515 1741 1600 vestigia
1770 1515 2008 1600 cuique
2026 1564 2039 1578 .

514 1637 654 1693 tum
681 1630 1081 1716 penetrabat
1111 1651 1225 1692 eos
1254 1651 1459 1715 posse
1488 1629 1657 1693 haec
1685 1630 2049 1715 liquefacta
2079 1632 2300 1695 calore

515 1766 713 1830 quam
739 1744 903 1808 libet
928 1746 996 1807 in
1025 1744 1303 1809 formam
1333 1752 1441 1809 est
1466 1745 1701 1809 faciem
1734 1744 2089 1809 decurrere
2119 1768 2372 1823 rerum,

516 1869 585 1925 et
611 1881 922 1946 prorsum
956 1861 1252 1945 quamvis
1280 1861 1347 1923 in
1379 1870 1577 1926 acuta
1605 1882 1683 1924 ac
1715 1851 1939 1924 tem‘ria
1965 1882 2169 1945 posse

355 1992 481 2039 1265
511 1996 901 2039 mucronum
932 1974 1086 2039 duci
1113 1976 1378 2062 fastigia
1404 1974 1880 2063 procudend0‚

513 2104 591 2156 ut
620 2091 745 2155 sibi
772 2092 907 2155 tela
937 2091 1177 2156 darent
1195 2141 1209 2167 ‚
1235 2092 1571 2176 silvasque
1600 2099 1677 2155 ut
1705 2089 1987 2154 caedere
2017 2102 2298 2177 possent

515 2207 989 2291 materiemque
1023 2206 1220 2271 domo
1242 2256 1256 2282 ‚
1278 2207 1503 2287 levare
1534 2228 1613 2271 ac
1640 2205 1881 2270 radere
1910 2207 2097 2292 tigna

519 2330 587 2386 et
613 2323 956 2386 terebrare
989 2324 1185 2386 etiam
1214 2344 1292 2386 ac
1321 2320 1732 2408 pertundere
1763 2342 2017 2408 perque
2045 2320 2270 2386 forare
2288 2372 2302 2385 .

515 2460 640 2502 nec
669 2439 886 2501 minus
917 2444 1195 2525 argento
1226 2436 1448 2501 facere
1478 2438 1646 2501 haec
1677 2458 1975 2524 auroque
2003 2438 2336 2524 parabant

358 2571 484 2618 1270
516 2576 714 2640 quam
742 2553 946 2619 validi
973 2555 1256 2640 primum
1285 2533 1597 2618 violentis
1624 2553 1877 2618 viribus
1908 2554 2076 2617 aeris
2094 2603 2109 2629 ‚
2339 2557 2342 2560 ’

519 2692 603 2733 ne
635 2670 950 2754 quiquam
969 2719 983 2745 ‚
1009 2671 1320 2755 quoniam
1352 2668 1638 2734 cedebat
1665 2670 1843 2733 victa
1871 2678 2175 2754 potestas

519 2807 643 2848 nec
672 2793 942 2871 poterat
968 2786 1221 2873 pariter
1253 2785 1489 2849 durum
1522 2784 1797 2848 sufferre
1825 2784 2151 2848 laborem.

519 2907 661 2964 tum
688 2899 816 2963 fuit
842 2876 911 2962 in
938 2902 1153 2986 pre-tio
1185 2902 1391 2987 magis
1424 2922 1538 2964 aes
1559 2948 1573 2975 ,
1598 2920 1962 2984 aurumque
1991 2899 2254 2963 iacebat

519 3022 800 3100 propter
827 3016 1246 3079 inutilitatem
1273 3016 1502 3080 hebeti
1529 3035 1846 3078 mucrone
1873 3022 2205 3078 retusum:

360 3147 487 3193 1275
517 3152 695 3195 nunc
724 3129 1040 3195 iacet‘aes
1060 3181 1075 3207 ‚
1098 3153 1330 3195 aurum
1356 3132 1425 3194 in
1456 3152 1778 3193 summum
1808 3128 2132 3194 successit
2158 3129 2496 3195 honorem
2514 3180 2528 3194 .
2578 3220 2583 3224 .

521 3246 616 3309 sic
644 3246 982 3310 volvenda
1011 3255 1196 3311 aetas
1228 3252 1591 3310 commutat
1617 3252 1923 3331 tempora
1949 3266 2198 3309 rerum.

521 3343 706 3448 quod
735 3361 862 3426 fuit
888 3362 957 3425 in
984 3362 1202 3447 pretio
1224 3411 1239 3436 ‚
1260 3362 1335 3425 fit
1362 3361 1545 3424 nullo
1580 3360 1867 3445 denique
1893 3359 2182 3423 honore:

519 3500 726 3564 porro
758 3477 921 3542 aliut
949 3475 1251 3540 succedit
1282 3484 1350 3539 et
1382 3498 1416 3538 e
1449 3476 1937 3563 contemptibus
1969 3475 2135 3550 exit,

518 3594 722 3678 inque
755 3593 896 3657 dies
926 3592 1134 3677 magis
1165 3591 1505 3679 adpetitur
1534 3591 1866 3676 floretque
1899 3597 2240 3677 repertum

362 3724 487 3772 1280
517 3708 826 3773 laudibus
860 3716 925 3772 et
950 3709 1116 3772 miro
1151 3715 1254 3771 est
1283 3707 1579 3771 mortalis
1606 3707 1780 3770 inter
1809 3706 2099 3769 honore.

603 3823 801 3887 Nunc
830 3824 949 3889 tibi
979 3846 1112 3909 quo
1141 3831 1343 3909 pacto
1375 3822 1536 3886 ferri
1566 3829 1805 3886 natura
1832 3829 2104 3909 reperta

525 3938 611 4001 sit
637 3936 1050 4025 facilest.ipsi
1079 3961 1201 4024 per
1232 3946 1298 4003 te
1330 3959 1740 4024 cognoscere
1759 3987 1774 4013 ‚
1796 3936 2091 4001 Memmi.

531 4260 657 4307 1253
698 4253 903 4306 sonitus
958 4254 977 4322 ΙΙ
1036 4260 1163 4305 1254
1206 4254 1253 4308 Α
1301 4254 1321 4323 ΙΙ
1384 4259 1510 4306 1255
1550 4254 1695 4305 venit
1732 4252 1753 4321 Η
1793 4258 1923 4304 1258
1958 4259 2131 4304 terras
2170 4251 2189 4320 ΙΙ
2232 4255 2361 4302 1259
2401 4251 2564 4320 capiti
2601 4251 2621 4324 ΙΙ
2663 4259 2776 4307 1260

527 4337 742 4391 videbat
795 4337 815 4405 ΙΙ
874 4341 1002 4389 1266
1040 4346 1230 4406 parent
1267 4336 1286 4407 ΙΙ
1329 4347 1380 4390 et
1417 4336 1438 4407 ΙΙ
1475 4338 1734 4406 possint„
1768 4334 1789 4406 ΙΙ
1834 4342 1959 4388 1267
2000 4334 2207 4388 dolaret
2241 4334 2420 4386 levare
2459 4334 2481 4402 ΙΙ
2527 4342 2653 4388 1272
2693 4355 2776 4409 po-

531 4430 707 4475 terant
743 4423 763 4490 Η
805 4427 932 4474 1273
959 4421 1098 4475 Nam
1123 4421 1198 4474 fui
1236 4423 1256 4493 ΙΙ
1292 4439 1383 4475 aes
1410 4429 1675 4476 omissum.
1716 4422 1736 4489 ΙΙ
1779 4427 1907 4473 1278
1936 4437 1963 4472 e
1988 4428 2253 4475 omissum.
2295 4417 2314 4488 ΙΙ
2345 4423 2475 4470 1280
2504 4418 2780 4475 Claudibus
