2840 5008
1191 332 1313 398 1111
2247 335 2328 399 14
2347 336 2373 400 l

75 527 81 567 t
116 515 440 570 nocturno
469 506 705 570 facere
733 512 809 567 ut
838 505 1098 588 possint
1124 505 1192 567 in
1221 513 1522 591 tempore
1549 503 1749 568 ludos
1769 555 1783 568 .

120 600 194 683 an
219 621 430 704 magis
458 618 634 683 illud
666 619 795 681 erit
819 639 1048 681 verum
1065 617 1096 679 P
1127 619 1283 702 quia
1311 626 1613 703 tempore
1642 619 1713 681 in
1741 640 1874 682 uno

75 753 82 796 ε
117 744 413 819 tempora
440 734 656 797 multa
685 733 898 795 latent
916 732 1123 806 ,ratio
1157 752 1326 816 quae
1357 733 1682 817 comperit
1713 752 1889 806 esse,

120 856 476 933 propterea
502 848 581 911 fit
607 848 709 910 uti
740 846 977 929 quovis
1006 845 1074 907 in
1103 853 1406 930 tempore
1439 867 1745 930 quaeque

117 971 339 1049 presto
368 964 507 1026 sint
536 960 888 1024 simulacra
915 959 1079 1022 locis
1109 959 1177 1021 in
1208 959 1490 1043 quisque
1520 971 1760 1043 parata
1779 1009 1792 1021 .

75 1094 84 1137 ε
122 1086 180 1139 et
206 1076 365 1160 quia
392 1075 623 1139 tenvia
651 1081 811 1137 sunt
831 1122 846 1147 ‚
868 1072 994 1134 nisi
1024 1092 1096 1134 se
1128 1071 1476 1135 contendit
1493 1120 1508 1147 ‚
1532 1082 1728 1136 acute

121 1211 386 1253 cernere
415 1210 556 1252 non
586 1189 765 1273 potis
797 1194 899 1250 est
928 1187 1217 1248 animus:
1240 1185 1523 1271 proinde
1555 1187 1773 1249 omnia
1805 1208 1976 1272 quae
2005 1171 2165 1253 sunt

120 1312 466 1389 praeterea
492 1311 780 1387 pereunt
799 1349 813 1376 ‚
835 1302 960 1364 nisi
988 1301 1045 1364 si
1075 1321 1245 1383 quae
1276 1299 1363 1363 ad
1393 1322 1466 1362 se
1495 1301 1638 1385 ipse
1666 1302 1956 1384 paravit.

75 1435 84 1477 ·›
119 1418 250 1503 ipse
280 1425 482 1502 parat
510 1437 658 1479 sese
689 1437 893 1501 porro
914 1463 930 1490 ‚
951 1421 1313 1499 speratque
1341 1414 1637 1478 futurum

124 1539 190 1594 ut
216 1530 448 1595 videat
478 1529 664 1615 quod
696 1529 1127 1613 consequitur
1157 1548 1295 1590 rem
1328 1548 1692 1612 quamque:
1715 1530 1790 1592 fit
1822 1551 2008 1615 ergo.

124 1667 338 1708 nonne
364 1644 558 1709 vides
592 1644 821 1706 oculos
854 1643 1047 1706 etiam
1067 1689 1082 1716 ‚
1107 1663 1255 1704 cum
1285 1642 1509 1705 tenvia
1539 1663 1710 1726 quae
1740 1653 1897 1707 sunt

75 1773 87 1817 ³
123 1779 383 1822 cernere
415 1766 781 1843 coeperunt
800 1806 814 1832 ‚
841 1755 1248 1819 contendere
1280 1777 1352 1818 se
1382 1764 1590 1839 atque
1618 1778 1886 1841 parare,

124 1894 236 1935 nec
266 1874 405 1936 sine
437 1895 515 1936 eo
544 1872 688 1935 fieri
716 1892 919 1957 posse
947 1879 1024 1932 ut
1054 1891 1400 1934 cernamus
1431 1871 1672 1932 acute?

127 1996 185 2049 et
210 1997 428 2050 tamen
456 1988 525 2051 in
551 1988 754 2051 rebus
787 2006 1056 2068 quoque
1086 1985 1336 2067 apertis
1365 1996 1646 2047 noscere
1673 1987 1896 2068 possis
1914 2035 1929 2060 ‚

128 2102 175 2162 si
201 2124 334 2165 non
362 2100 677 2164 advertas
708 2098 990 2161 animum
1010 2146 1025 2173 ,
1049 2079 1332 2183 proinde
1365 2119 1510 2160 esse
1542 2099 1733 2182 quasi
1764 2101 1939 2162 omni

128 2223 408 2299 tempore
439 2218 769 2278 semotum
794 2212 995 2275 fuerit
1021 2212 1356 2296 longeque
1385 2220 1713 2274 remotum
1729 2261 1742 2273 .

130 2348 235 2390 cur
260 2329 458 2414 igitur
485 2329 820 2401 mirumst,
851 2327 1106 2389 animus
1138 2327 1195 2389 si
1225 2334 1449 2389 cetera
1476 2325 1703 2410 perdit

75 2456 90 2498 5
126 2452 370 2526 praeter
401 2465 599 2529 quam
630 2442 868 2528 quibus
902 2449 1003 2503 est
1030 2441 1100 2502 in
1126 2442 1326 2506 rebus
1360 2439 1627 2503 deditus
1656 2440 1846 2525 ipse?

129 2555 350 2621 deinde
381 2557 819 2642 adopinamur
851 2556 935 2620 de
966 2557 1168 2641 signis
1199 2557 1482 2619 maxima
1511 2555 1735 2640 parvis
1750 2604 1769 2635 ,

128 2691 197 2733 ac
221 2693 337 2734 nos
365 2674 432 2736 in
459 2671 765 2735 fraudem
793 2670 1122 2734 induimus
1154 2670 1593 2735 frustraminis
1623 2669 1815 2754 ipsi.]

200 2784 299 2849 Fit
327 2808 595 2872 quoque
622 2793 700 2849 ut
728 2786 901 2847 inter
933 2784 1090 2848 dum
1118 2807 1255 2848 non
1287 2784 1752 2869 suppeditetur
1781 2785 1998 2869 imago

132 2898 399 2963 eiusdem
427 2900 690 2986 generis
712 2948 726 2975 ‚
748 2898 872 2962 sed
898 2899 1142 2961 femina
1172 2920 1341 2984 quae
1370 2898 1497 2962 fuit
1525 2907 1679 2962 ante
1698 2947 1712 2974 ‚

75 3025 95 3069 0
128 3011 184 3074 in
206 3016 497 3078 manibus
527 3015 627 3077 vir
656 3013 753 3076 uti
778 3013 996 3076 factus
1028 3011 1334 3075 videatur
1367 3013 1637 3087 adesse,

135 3135 230 3190 aut
257 3129 377 3192 alia
405 3151 488 3192 ex
518 3129 646 3192 alia
672 3127 874 3190 facies
907 3134 1223 3211 aetasque
1253 3137 1601 3210 sequatur.

77 3252 98 3296 6
134 3241 292 3323 quod
319 3264 401 3305 ne
429 3245 740 3306 miremur
769 3262 977 3325 sopor
1009 3247 1212 3325 atque
1243 3241 1486 3305 oblivia
1516 3251 1783 3306 curant.

78 3366 98 3409 2
199 3356 399 3439 [Illud
426 3358 494 3420 in
523 3357 628 3419 his
660 3355 887 3420 vitium
917 3364 1259 3420 vementer
1288 3355 1471 3418 rebu'
1499 3366 1843 3420 necessest

135 3467 387 3554 effugere
408 3521 422 3547 ‚
448 3492 743 3534 errorem
769 3471 1119 3554 vitareque
1147 3477 1685 3554 praemetuenter
1704 3521 1718 3547 ‚

131 3580 343 3648 lumina
370 3608 455 3648 ne
483 3585 690 3649 facias
723 3584 1069 3648 oculorum
1098 3585 1279 3648 clara
1308 3593 1561 3660 creata,

79 3708 97 3749 5
131 3701 485 3784 prospicere
514 3708 591 3763 ut
620 3719 967 3783 possemus
987 3747 1001 3773 ‚
1028 3707 1094 3763 et
1125 3707 1200 3762 ut
1228 3698 1535 3783 proferre
1568 3721 1888 3785 queamus

133 4046 215 4093 798
248 4045 323 4096 sin
360 4045 379 4115 ΙΙ
415 4046 566 4098 locos
606 4048 625 4115 Η
664 4051 1136 4098 799—801=774
1161 4050 1402 4098 771772.
1456 4047 1474 4114 Η
1513 4052 1607 4098 802
1646 4047 1746 4100 nisi
1785 4065 1885 4116 que
1924 4046 1943 4119 ΙΙ
1982 4053 2080 4099 804
2118 4048 2164 4099 si
2199 4056 2354 4102 omis-

128 4141 244 4176 sum.
280 4128 298 4198 ΙΙ
334 4146 397 4180 ex
434 4130 453 4198 ΙΙ
491 4135 587 4181 805
627 4127 883 4179 futuram.
924 4130 942 4197 Η
981 4135 1305 4181 8083804.
1359 4132 1377 4198 ΙΙ
1430 4136 1522 4181 811
1562 4148 1756 4182 nocere
1810 4130 1830 4200 ΙΙ
1871 4137 1965 4183 815
2008 4131 2296 4183 Praeterea
2330 4134 2350 4199 ΙΙ

131 4210 210 4258 818
241 4227 334 4261 nos
369 4210 389 4280 ΙΙ
426 4217 524 4263 820
562 4213 742 4263 virtuti
798 4213 815 4279 ΙΙ
873 4219 969 4262 822
1008 4213 1087 4265 his
1123 4214 1281 4264 rebus
1322 4214 1503 4264 vitium
1545 4214 1879 4267 vehementer
1917 4217 2121 4266 inesse.
2177 4213 2196 4283 Η
2252 4218 2349 4263 823

131 4287 369 4361 ultan-eque
404 4292 424 4362 ΙΙ
462 4302 558 4347 825
597 4296 866 4364 possimus
906 4298 925 4367 ΙΙ
965 4296 1073 4346 via.
1172 4288 1179 4295 ⁰
