2840 5008
1174 388 1279 459 VI·
1489 412 1496 419 ·
2189 394 2327 461 389

137 571 213 635 Et
237 560 770 634 coniunctionem
801 568 1201 653 aliquotiens
1236 567 1373 631 dixi
1404 576 1540 629 tam
1571 588 1726 629 raro
1756 568 1825 630 in
1851 566 1985 630 hoc
2020 575 2327 652 poemate

132 690 242 752 pro
272 671 450 732 etiam
478 667 677 752 poni,
722 674 798 729 ut
827 665 1140 730 videatur
1183 665 1471 728 librariis
1508 665 1735 749 potius
1767 686 1965 749 quam
2012 667 2328 750 scriptori
2375 714 2388 723 .

132 767 395 831 deberi.
439 786 659 850 neque
704 772 821 827 aut
862 763 1283 849 frequentior
1323 763 1436 827 hic
1465 785 1628 846 usus
1659 770 1764 825 est
1806 761 1988 846 apud
2017 763 2328 828 Plautum

130 872 234 928 aut
260 886 540 950 usquam
569 864 712 927 sine
741 863 935 925 metri
966 861 1427 926 sententiaeve
1461 860 1735 923 damno,
1783 867 1860 923 ut
1886 860 1958 922 in
1986 860 2196 924 Persa
2226 885 2325 936 ιν,

127 963 224 1035 3,7
254 963 379 1027 Sed
404 976 472 1027 nt
492 963 623 1047 [et]
647 984 752 1046 690
780 960 956 1024 hodie
978 960 1092 1045 fui
1119 961 1407 1044 beniynus
1430 959 1457 1022 l
1495 969 1563 1022 ut
1588 982 1694 1043 690
1723 959 1925 1022 multis
1954 959 2229 1022 credidi!
2256 960 2326 1021 in

128 1060 345 1125 Sticho
377 1084 474 1136 111,
495 1060 551 1134 2,
571 1060 652 1122 45
691 1059 903 1137 Quaen
926 1058 1059 1143 [et]
1092 1059 1228 1142 ipsa
1257 1060 1493 1121 deciens
1521 1059 1587 1119 in
1615 1058 1714 1121 die
1741 1067 1934 1119 mutat
1961 1058 2157 1121 locum
2186 1056 2216 1119 32
2254 1057 2326 1119 in

128 1157 408 1221 Poenulo
442 1158 565 1233 1‚l‚
597 1158 669 1220 14
694 1155 858 1240 [Et]
883 1154 1022 1240 Ε90
1049 1178 1212 1217 nunc
1240 1178 1448 1218 amore
1479 1177 1712 1239 pereo:
1751 1156 1881 1216 sine
1909 1165 1962 1217 te
1990 1156 2320 1218 verberem.

128 1258 187 1319 in
211 1257 626 1321 Mostellaria
655 1279 696 1329 1,
714 1254 770 1328 3,
797 1254 913 1317 138
943 1254 1091 1316 Mea
1120 1253 1552 1317 Philematium
1570 1264 1826 1336 ‚potare
1853 1263 2046 1315 tecum
2075 1254 2324 1316 conlibi-

128 1365 289 1418 tumst
310 1356 495 1419 mihi.
535 1353 793 1438 [Libet]
832 1352 919 1417 El
944 1353 1158 1437 edepol
1192 1352 1342 1414 mihi
1369 1363 1605 1416 tecum:
1646 1374 1791 1414 nam
1821 1353 1986 1436 qnod
2021 1351 2128 1413 tibi
2155 1353 2323 1429 libet,

127 1453 264 1515 idem
294 1452 442 1514 mihi
471 1452 650 1515 libet.
693 1450 761 1512 in
794 1449 1006 1512 Milite
1038 1471 1124 1522 iv,
1143 1449 1200 1522 8,
1215 1446 1291 1511 31
1345 1448 1521 1513 Bene
1550 1472 1771 1535 quaeso
1798 1450 1954 1512 inter
1982 1472 2081 1513 vos
2111 1438 2326 1513 dieatis

126 1561 173 1612 et
195 1574 284 1614 me
324 1551 576 1613 absentit
599 1560 837 1622 tamen,
880 1548 997 1612 ubi
1024 1546 1382 1632 legendum
1415 1554 1520 1611 est
1563 1549 1779 1611 dicatis
1808 1547 1966 1611 hanc
2008 1559 2064 1612 et
2089 1572 2185 1611 me
2215 1549 2322 1611 ab·

126 1650 285 1710 sentis
312 1660 508 1711 tamen
539 1695 553 1709 .
597 1646 825 1709 nescio
859 1667 977 1708 cur
1006 1644 1376 1708 Handius
1358 1668 1428 1709 m
1458 1644 1640 1708 hunc
1671 1666 1941 1708 censum
1985 1646 2325 1709 rettulerit

127 1745 226 1808 illa
254 1767 288 1809 e
318 1744 719 1810 Curculione
748 1767 836 1819 ιν,
852 1743 910 1819 2,
928 1745 985 1819 7,
1017 1744 1318 1809 Memento
1351 1746 1704 1829 promisisse
1732 1755 1785 1808 te
1819 1782 1889 1791 —-
1917 1793 1930 1806 .
1960 1747 2288 1808 meminero
2307 1771 2327 1806 .-

133 1844 195 1906 de
220 1846 356 1908 istoc
384 1846 622 1931 quietus
652 1854 770 1906 esto
793 1868 813 1904 .·
856 1841 947 1906 Et
969 1866 1132 1906 nunc
1159 1844 1320 1906 idem
1348 1844 1484 1906 dico
1508 1891 1521 1904 .
1566 1855 1651 1906 set
1693 1843 1842 1906 haec
1881 1845 2327 1907 eonmemz’nisse

131 1964 224 2024 690
244 1944 436 2006 volam
459 1954 513 2005 te
532 1991 546 2004 .
576 1942 673 2004 ita
698 1941 869 2004 enim
890 1939 1061 2003 haec
1086 1941 1290 2005 scribi
1316 1940 1603 2017 debent3
1634 1942 1702 2003 in
1728 1942 1971 2024 quibus
1993 1944 2324 2005 meminero

128 2050 176 2100 et
198 2040 347 2103 idem
374 2064 538 2103 nunc
568 2040 703 2102 dieo
730 2039 908 2102 inter
939 2060 1013 2101 se
1045 2039 1403 2101 coniuncta
1433 2048 1592 2102 sunt
1615 2088 1628 2102 .
1660 2060 1877 2123 neque
1907 2038 2325 2103 haerendum

122 2135 181 2196 in
206 2135 336 2210 his,
368 2159 547 2221 quae
577 2137 756 2200 idem
780 2135 1089 2199 Handius
1118 2136 1289 2199 male
1322 2135 1676 2222 distinguit
1694 2185 1709 2211 ‚
1738 2137 1807 2199 in
1830 2135 2325 2219 Amphitruone

123 2256 159 2307 1,
186 2234 230 2309 l,
256 2235 367 2300 109
391 2283 408 2311 ,
454 2235 549 2300 Et
574 2236 871 2298 enimvero
900 2282 917 2313 ,
960 2235 1249 2320 quoniam
1260 2233 1548 2319 formam
1574 2236 1705 2318 cepi
1744 2234 1991 2297 huiusce
2020 2235 2084 2296 in
2112 2257 2206 2296 me
2222 2281 2239 2312 ,
2272 2246 2327 2297 et

119 2342 313 2396 statum
354 2334 555 2398 Decet
596 2343 651 2395 et
675 2332 860 2417 facta
900 2354 1212 2417 moresque
1252 2330 1432 2394 huius
1473 2331 1692 2394 habere
1734 2355 1830 2394 me
1882 2333 2106 2395 similes
2148 2332 2319 2394 item.

122 2430 287 2514 quod
310 2440 537 2495 autem
570 2452 655 2495 ex
677 2428 1008 2493 Rudentis
1037 2429 1324 2515 prologo
1348 2428 1389 2492 8
1413 2429 1640 2492 attulit
1661 2429 1730 2492 in
1753 2429 2112 2494 Tursellini
2136 2440 2319 2492 tomo
2414 2434 2424 2443 '

121 2551 162 2590 11
188 2552 248 2614 p.
263 2531 416 2607 505,
464 2529 554 2593 ad
582 2530 758 2594 hanc
789 2551 927 2594 rem
969 2550 1108 2592 non
1138 2531 1347 2615 magis
1392 2529 1724 2614 pertinet:
1771 2551 1920 2592 nam
1955 2551 2105 2593 cum
2141 2530 2233 2594 ibi
2262 2530 2320 2593 is

117 2649 333 2694 versus
357 2629 480 2714 qui
504 2628 690 2691 illum
720 2627 1070 2712 praecedit
1092 2628 1365 2693 mutilus
1397 2629 1520 2703 sit,
1553 2627 1937 2692 addendum
1970 2637 2074 2692 est
2104 2641 2158 2693 et
2178 2652 2285 2713 690
2303 2678 2319 2706 ,

115 2725 175 2787 111
201 2726 370 2791 hunc
407 2724 689 2791 modum
721 2775 735 2801 ,
779 2728 985 2792 Noctu
1010 2750 1146 2790 sum
1183 2729 1251 2789 in
1295 2728 1462 2791 caelo
1506 2728 1710 2790 clamas
1738 2738 1919 2812 acque
1945 2728 2103 2790 inter
2142 2729 2282 2790 deos
2303 2753 2322 2789 .·

116 2823 268 2888 Inter
292 2826 571 2890 mortalis
599 2826 840 2888 ambulo
871 2836 927 2888 et
953 2847 1059 2908 690
1089 2826 1380 2888 interdius
1399 2874 1416 2904 ,
1466 2826 1553 2889 Et
1579 2827 1707 2889 alia
1733 2826 1910 2910 siyna
1940 2825 2014 2888 de
2043 2827 2209 2894 caelo
2242 2827 2327 2888 ad

115 2930 326 2987 terram
355 2923 677 2987 accidunt.
721 2929 1033 3007 superest
1061 2921 1132 2988 id
1162 2943 1373 3007 genus
1407 2923 1595 3008 quod
1639 2924 1890 2987 ibidem
1922 2945 2321 2987 commemo-

116 3029 214 3083 rat
229 3024 423 3100 „salve
444 3068 458 3081 .
482 3032 538 3084 et
556 3031 620 3083 tu
639 3022 859 3085 salveto
878 3069 893 3095 ‚
917 3022 1078 3084 item
1098 3022 1376 3085 brevius
1398 3024 1562 3086 salve
1578 3071 1594 3100 ‚
1630 3024 1687 3085 T
1674 3024 1912 3108 yndare
1923 3019 1945 3086 ⁸.
1970 3034 2026 3086 et
2043 3034 2106 3085 tu
2124 3049 2143 3083 .·
2175 3023 2317 3106 qui-

115 3118 229 3183 bus
249 3122 441 3205 paria
464 3128 623 3182 sunt
649 3120 777 3182 iam
796 3121 930 3182 vale
948 3168 961 3182 .
992 3130 1048 3183 et
1066 3130 1131 3183 tu
1153 3119 1296 3183 bene
1316 3122 1451 3184 vale
1466 3169 1484 3198 ,
1513 3120 1671 3183 item
1695 3121 1827 3183 vale
1845 3168 1858 3182 .
1891 3131 1946 3183 et
1965 3131 2027 3182 tu
2042 3168 2059 3198 ,
2074 3119 2286 3205 frater
2304 3168 2336 3202 ,Ἴ

116 3217 464 3282 multorum
507 3217 702 3280 huius
745 3214 931 3300 modi
974 3216 1433 3300 exemplorum
1476 3237 1790 3280 numeros
1836 3216 2125 3290 subieci,
2184 3238 2317 3300 quo

117 3315 489 3381 credibilius
511 3316 703 3379 fieret
721 3362 737 3390 ,
769 3314 953 3399 quod
978 3314 1289 3378 Handius
1316 3314 1544 3379 dicere
1568 3316 1865 3401 neglexit
1882 3363 1897 3391 ,
1928 3316 1997 3378 in
2021 3316 2116 3379 eis
2140 3317 2319 3379 etiam

114 3416 366 3479 omnino
397 3416 621 3478 locum
651 3435 790 3476 non
817 3415 1073 3477 habere
1093 3462 1106 3476 .
1138 3414 1497 3489 Poen.v‚‘2‚
1518 3413 1635 3478 116
1658 3414 1795 3478 Mil.
1815 3437 1903 3490 lv,
1916 3415 1973 3489 8,
1991 3416 2028 3479 5
2051 3413 2223 3477 Rud.
2251 3437 2319 3487 11,

116 3512 248 3591 4,3:
294 3512 642 3599 Capt.v,4,
667 3511 742 3575 12
776 3511 924 3577 Cae.
950 3537 1048 3589 111,
1067 3512 1125 3587 2,
1151 3513 1220 3576 ll
1270 3512 1476 3577 Poen.
1512 3536 1575 3589 v,
1594 3512 1651 3587 2,
1671 3514 1751 3576 79
1797 3512 2034 3577 Sticho
2068 3537 2110 3584 1,
2129 3514 2185 3585 2,
2206 3512 2317 3574 33:

112 3608 348 3675 Bacch.
372 3635 462 3686 ιν,
479 3610 537 3686 2,
556 3610 635 3674 23
666 3609 803 3674 Mil.
828 3634 921 3686 ιν,
939 3611 997 3685 8,
1016 3612 1096 3674 42
1130 3611 1205 3673 51
1239 3610 1640 3685 Poen.‚111‚6‚
1664 3610 1734 3671 13
1764 3632 1827 3687 v,
1845 3609 1993 3685 6,21
2021 3632 2034 3669 :
2081 3608 2227 3670 Aul.
2249 3632 2316 3680 11,

116 3708 162 3781 1,
180 3711 258 3773 54
284 3712 498 3775 Persa
528 3734 614 3784 ιν,
632 3710 689 3784 6,
708 3710 788 3772 27
817 3710 990 3773 Eun.
1016 3734 1057 3782 1,
1077 3709 1133 3782 2,
1159 3710 1270 3772 111
1304 3709 1581 3794 Hecyra
1603 3731 1643 3781 1,
1663 3707 1810 3780 28.
1841 3705 2117 3769 multum
2146 3705 2316 3767 enim

110 3808 187 3870 ab
227 3810 334 3873 his
379 3808 605 3872 differt
647 3811 826 3872 etiam
867 3831 1029 3870 nunc
1070 3809 1240 3886 vale,
1287 3806 1472 3891 quod
1507 3812 1611 3869 est
1653 3806 1721 3867 in
1765 3804 1979 3867 Milite
2020 3826 2107 3878 lv,
2125 3804 2185 3879 8,
2203 3804 2315 3867 63.

109 3905 223 3968 sed
253 3906 596 3982 HandiuS‚
640 3915 717 3968 ut
758 3907 826 3968 in
855 3905 960 3968 his
992 3916 1048 3968 et
1072 3905 1215 3967 -alio
1252 3926 1451 3988 quam
1483 3903 1739 3988 vulgari
1781 3903 1985 3966 modo
2031 3902 2162 3966 dici
2202 3903 2315 3967 de·

106 4013 514 4070 monstraret
536 4052 551 4078 ‚
589 4026 723 4068 uno
758 4003 1063 4087 exemplo
1093 4025 1256 4067 usus
1290 4011 1394 4066 est
1424 4023 1585 4065 sane
1616 4001 1894 4066 mirabili
1926 4024 2009 4064 ex
2039 4002 2317 4066 Mostel-

109 4099 270 4165 laria
294 4127 392 4177 111,
416 4104 467 4177 1,
489 4103 567 4165 42
589 4150 604 4176 ‚
635 4103 747 4164 ubi
775 4110 880 4164 est
900 4102 1169 4164 inverso
1193 4100 1677 4164 vocabulorum
1704 4100 1943 4164 ordine
1963 4103 2126 4164 salve
2148 4112 2203 4163 et
2221 4111 2314 4162 tn.

109 4200 287 4280 quod
334 4202 393 4264 si
420 4202 555 4264 hoc
595 4223 797 4278 unum
828 4201 897 4263 in
940 4200 1076 4262 hoc
1106 4221 1353 4284 genere
1396 4220 1546 4263 esse
1576 4220 1796 4284 neque
1837 4220 2120 4282 usquam
2160 4198 2317 4261 huic

109 4294 475 4383 simile'legi
507 4292 1094 4371 animadvertisset
1116 4346 1130 4372 ,
1174 4296 1408 4361 videre
1454 4305 1728 4382 poterat
1767 4299 1861 4362 ita
1890 4295 2316 4359 scribendum

109 4412 254 4458 esse
279 4443 293 4469 ,
339 4395 591 4460 Salvere
634 4398 806 4462 iubeo
850 4409 902 4462 te
923 4446 940 4477 ,
988 4397 1435 4484 Mearyyrides
1457 4446 1473 4476 ‚
1518 4397 1699 4460 bene.
1748 4399 2018 4462 SalvetO.
2062 4396 2214 4480 quid
2246 4396 2319 4459 de
