2840 5008
1162 349 1264 417 Vl

94 521 381 609 pondere
413 523 590 586 enim
618 522 830 586 fretae
858 522 1100 606 partim
1130 529 1346 600 stant3
1371 522 1558 607 quod
1586 544 1796 609 genus
1825 546 2086 590 aurum:

96 646 151 701 et
175 637 418 722 partim
445 658 602 701 raro
636 636 794 720 quia
822 643 981 699 sunt
1010 657 1158 699 cum
1189 657 1476 722 corpore
1494 685 1510 713 ,
1533 645 1607 701 ut
1636 638 1863 702 aestus

59 770 71 815 J
94 750 387 837 pervolet
412 751 707 815 intactus
726 798 742 826 ,
766 758 1110 835 nequeunt
1136 749 1438 835 inpellier
1467 772 1780 837 usquam3

92 866 295 949 lignea
326 865 634 928 materies
663 865 729 927 in
761 885 894 949 quo
924 885 1170 949 genere
1201 885 1348 927 esse
1377 863 1674 929 videtur.

93 980 547 1063 interutraque
574 979 775 1063 igitur
802 978 963 1042 ferri
990 986 1235 1042 natura
1261 979 1485 1041 locata

94 1092 253 1155 aeris
283 1093 396 1156 ubi
426 1092 686 1176 accepit
716 1091 1043 1177 quaedam
1074 1091 1508 1176 corpuscula,
1528 1098 1670 1155 tum
1698 1093 1806 1168 fit,

92 1205 401 1291 inpellant
428 1213 504 1270 ut
535 1227 676 1270 eam
704 1205 1053 1291 Magnesia
1079 1205 1345 1269 flumine
1376 1226 1571 1269 saxa.

57 1336 204 1382 finec
231 1327 456 1384 tamen
485 1320 654 1383 haec
680 1320 776 1384 ita
805 1327 959 1383 sunt
988 1320 1263 1383 aliarum
1291 1340 1514 1383 rerum
1544 1319 1786 1395 aliena,

98 1442 162 1496 ut
187 1434 343 1497 mihi
370 1433 578 1497 multa
604 1455 839 1518 parum
868 1455 1112 1520 genere
1145 1456 1227 1497 ex
1256 1433 1390 1497 hoc
1422 1432 1970 1518 suppeditentur,

101 1567 259 1630 quae
288 1567 654 1611 memorare
686 1568 922 1631 queam
949 1548 1123 1612 inter
1155 1548 1581 1633 singillariter
1609 1556 1796 1632 apta.

102 1681 252 1724 saxa
278 1660 466 1726 vides
496 1660 779 1747 primum
808 1661 955 1725 sola
984 1663 1319 1725 colescere
1351 1662 1532 1724 calce
1550 1709 1565 1724 .

105 1774 334 1857 glutine
364 1775 676 1839 materies
703 1775 965 1839 taurino
994 1776 1288 1861 iungitur
1316 1796 1451 1838 uno
1473 1825 1488 1850 ‚

61 1896 167 1952 out
191 1891 348 1954 vitio
377 1910 589 1954 venae
619 1890 994 1955 tabularum
1024 1889 1289 1974 saepius
1318 1888 1583 1952 hiscant

109 2023 291 2085 quam
316 2005 546 2067 laxare
578 2010 830 2088 queant
859 2022 1214 2088 compages
1244 2009 1478 2065 taurea
1505 2002 1750 2066 vincla.

107 2117 357 2202 vitigeni
386 2118 620 2181 latices
650 2118 849 2202 aqiiai
876 2116 1172 2180 fontibus
1203 2115 1455 2179 audent

107 2231 381 2306 misceri,
403 2253 554 2295 cum
582 2232 699 2317 pix
726 2237 1019 2316 nequeat
1047 2230 1271 2315 gravis
1303 2235 1370 2292 et
1399 2228 1549 2292 leve
1580 2227 1856 2290 olivom.

109 2365 600 2431 purpureusque
632 2345 816 2410 colos
848 2344 1159 2430 conchyli
1187 2343 1483 2428 iungitur
1510 2363 1646 2404 uno

55 2470 88 2515 '5
113 2478 376 2545 corpore
407 2482 557 2524 cum
584 2460 775 2524 lanae
794 2508 809 2535 ,
842 2458 1054 2522 dirimi
1086 2458 1200 2543 qui
1226 2478 1365 2521 non
1397 2463 1600 2541 queat
1624 2475 1939 2540 usquam3

113 2594 232 2637 non
261 2576 312 2638 si
339 2575 635 2660 Neptuni
664 2574 872 2638 fluctu
899 2593 1227 2637 renovare
1259 2592 1534 2657 operam
1564 2569 1724 2646 des3

116 2707 266 2762 non,
287 2711 464 2752 mare
496 2689 552 2752 si
582 2695 795 2752 totum
826 2688 988 2751 velit
1018 2686 1236 2749 eluere
1268 2685 1574 2748 omnibus
1603 2683 1832 2747 undis,

117 2790 548 2887 deniquenon
578 2823 742 2866 auro
773 2824 883 2867 res
916 2822 1150 2864 aurum
1181 2799 1453 2884 copulat
1480 2819 1643 2873 una,

117 2916 365 3000 aerique
396 2939 511 2981 aes
540 2917 811 3003 plumbo
841 2917 918 2980 fit
944 2915 1044 2978 uti
1072 2915 1382 2998 iungatur
1412 2914 1495 2976 ab
1527 2913 1679 2975 albo
1697 2911 1729 2973 P

53 3037 95 3086 80
119 3038 322 3093 cetera
347 3032 475 3095 iam
506 3052 704 3116 quam
732 3031 939 3094 multa
968 3029 1122 3092 licet
1149 3027 1477 3111 reperire!
1503 3023 1667 3110 quid
1698 3045 1858 3109 ergo
1875 3025 1906 3086 P

119 3164 227 3206 nec
255 3145 368 3208 tibi
395 3153 531 3209 tam
558 3144 774 3230 longis
806 3165 975 3230 opus
1008 3150 1110 3226 est
1140 3141 1529 3225 ambagibus
1557 3160 1869 3223 usquam,

118 3277 227 3319 nec
253 3280 350 3321 me
380 3266 516 3323 tam
544 3258 818 3321 multam
844 3257 954 3320 hic
986 3276 1259 3343 operam
1290 3273 1683 3317 consumere
1710 3273 1836 3337 par
1866 3260 2001 3324 est,

119 3370 226 3433 sed
252 3373 538 3436 breviter
569 3371 799 3456 paucis
829 3379 1129 3458 praestat
1154 3365 1637 3454 comprendere
1668 3365 1903 3429 multa.

122 3503 378 3566 quorum
404 3486 501 3550 ita
530 3493 838 3549 texturae
871 3483 1258 3548 ceciderunt
1285 3487 1517 3543 mutua
1546 3484 1785 3541 contra
1802 3525 1817 3552 ‚

56 3601 96 3649 85
119 3603 185 3658 ut
211 3619 363 3663 cava
391 3599 797 3663 conveniant
824 3599 1039 3683 plenis
1068 3597 1235 3659 haec
1263 3595 1436 3658 illius
1465 3592 1578 3656 illa

122 3706 425 3798 huiusque
453 3714 631 3776 inter
660 3734 733 3775 se
752 3761 767 3788 ,
789 3712 1098 3775 iunctura
1125 3710 1293 3772 haec
1324 3707 1575 3792 optima
1605 3711 1899 3767 constat.

128 3830 212 3886 est
238 3825 420 3889 etiam
441 3875 456 3902 ,
482 3825 673 3909 quasi
700 3833 778 3889 ut
807 3824 1037 3888 anellis
1066 3823 1412 3906 hamisque
1444 3820 1692 3905 plicata

2198 354 2337 425 241

134 4136 242 4183 1059
276 4135 350 4186 At
386 4134 407 4202 ΙΙ
449 4141 577 4187 1062
615 4135 764 4188 Inter
801 4143 1053 4204 utrasque
1090 4136 1109 4204 Η
1146 4134 1313 4185 loata.
1364 4133 1385 4200 ΙΙ
1445 4137 1573 4184 1064
1613 4149 1729 4183 eum
1769 4127 1789 4199 ΙΙ
1827 4128 2041 4180 flumina
2077 4129 2096 4195 ΙΙ
2139 4131 2265 4177 1067
2305 4140 2363 4175 se

129 4212 441 4283 singulariter
477 4223 679 4286 aptam.
719 4217 739 4284 ΙΙ
782 4222 911 4269 1068
948 4215 1070 4268 vide
1107 4217 1126 4284 ΙΙ
1163 4214 1472 4267 coolescere
1508 4215 1528 4281 Η
1571 4220 1700 4266 1069
1733 4230 1867 4265 una.
1905 4212 1927 4277 ΙΙ
1966 4215 2091 4260 1071
2122 4206 2312 4257 vincia.
2341 4205 2360 4270 ΙΙ

58 4373 63 4377 .
133 4300 244 4349 1076
277 4315 544 4353 nenovara
579 4299 605 4367 ss
643 4305 770 4351 1077
813 4300 988 4352 cinere
1028 4299 1048 4369 ΙΙ
1084 4303 1219 4366 1078
1256 4312 1343 4348 res
1381 4312 1510 4347 auro
1551 4295 1570 4363 ΙΙ
1614 4302 1741 4348 1079
1779 4296 2027 4360 Aeraque
2061 4288 2277 4357 plumbo

1885 4390 1959 4451 16
