2840 5008
1175 405 1274 471 IV
2187 404 2327 470 217

35 605 260 647 manu
296 605 312 645 z
366 602 620 665 neque
662 580 856 644 aliter
895 578 1222 642 Marullus
1247 576 1262 653 ς
1309 598 1507 661 quem
1538 596 1768 641 omnes
1800 585 2119 642 secuntur
2151 628 2163 640 .
2207 578 2332 642 sed

36 705 187 746 non
214 681 426 746 solet
453 687 605 744 tam
635 678 1069 763 neglegenter
1091 678 1388 740 membra
1412 675 1738 739 orationis
1769 677 2174 761 coniungere
2196 677 2331 739 Lu-

39 781 322 844 cretius
342 826 360 854 ‚
392 778 535 863 qui
556 777 742 841 haud
761 777 964 841 dubie
988 776 1341 861 scripsisse
1361 774 1741 838 censendus
1765 781 1868 838 est
1889 782 1946 838 et
1964 795 2063 849 ou
2077 795 2120 837 A
2134 797 2173 836 E
2197 787 2336 838 sunt

36 878 267 961 prima
291 876 550 962 fronte
587 877 784 939 locata
807 923 820 936 .
865 895 1087 957 neque
1119 875 1294 937 enim
1332 871 1840 956 praepositione
1870 892 2042 956 opus
2074 879 2180 935 est
2201 921 2215 934 .
2258 874 2328 936 in

44 998 86 1048 1,
104 975 247 1038 978
276 974 564 1062 finique
604 973 756 1035 locet
788 995 850 1035 se
882 1020 894 1033 .
937 972 1100 1034 item
1147 970 1305 1034 1022
1360 969 1591 1034 Ordine
1621 992 1684 1032 se
1711 993 1821 1033 suo
1849 992 2122 1055 quaeque
2166 972 2328 1034 loca-

46 1084 233 1135 runt.
267 1073 350 1134 in
385 1093 493 1144 ιν,
516 1068 639 1133 204
669 1072 798 1132 iam
814 1071 1030 1154 prima
1056 1069 1269 1155 fronte
1284 1078 1553 1153 parata.

225 1168 344 1231 72.
412 1166 618 1230 ΝΛΜ
664 1188 920 1229 cna-1:13
967 1188 1264 1229 IAGERE
1320 1186 1753 1227 Acmssonu
1797 1187 2064 1228 MULTA
2096 1188 2329 1231 vum-

53 1288 210 1329 Mus
246 1312 262 1328 .
316 1263 705 1349 Oblongus
734 1266 1004 1329 iaceo-ere
1033 1266 1323 1349 acieryiri
1347 1313 1360 1326 .
1398 1264 1470 1326 in
1502 1262 1837 1347 quadrato
1868 1265 2332 1348 antiquissima

53 1385 315 1429 manus
368 1372 554 1450 post
594 1367 795 1428 iacere
836 1388 878 1427 α
919 1363 1285 1450 adscripsit
1327 1365 1447 1427 ain
1475 1411 1491 1443 ,
1538 1384 1623 1427 ex
1661 1365 1717 1426 oi
1757 1359 1922 1426 fecit
1947 1387 1990 1426 u
2010 1412 2028 1442 ‚
2071 1365 2132 1425 ri
2173 1364 2330 1427 sub-

65 1461 313 1536 duxit3
363 1484 524 1547 quo
557 1459 842 1525 efficitur
872 1464 1178 1525 iacere‘ac
1207 1463 1476 1546 inverqi.
1508 1460 1643 1524 hoc
1671 1461 1887 1544 ipsum
1912 1460 2296 1524 Gronovius
2314 1509 2331 1536 ‚

62 1581 221 1622 cum
249 1558 745 1623 emendatoris
768 1581 1036 1623 manum
1058 1581 1196 1623 non
1217 1580 1503 1644 prorsus
1527 1559 2043 1643 adsequeretur,
2069 1559 2331 1623 coniec-

66 1664 228 1720 tura
266 1648 652 1719 inventum
694 1657 925 1740 posuit
967 1657 1038 1719 in
1068 1658 1660 1723 observationibus
1689 1679 1755 1741 p.
1785 1655 1909 1720 259
1937 1680 1952 1733 3
1999 1678 2134 1742 quo
2164 1657 2333 1721 nihil

63 1753 425 1817 infelicius
462 1761 587 1817 aut
618 1762 757 1818 tam
787 1754 1059 1839 egregio
1084 1755 1232 1817 viro
1264 1755 1484 1818 minus
1506 1754 1780 1839 dignum
1810 1756 2180 1841 excogitari
2210 1778 2331 1842 po-

74 1852 205 1914 tuit
237 1900 250 1914 .
303 1859 588 1937 quanto
617 1852 854 1915 melius
883 1850 1036 1915 Itali
1067 1860 1137 1916 et
1163 1851 1495 1916 Marullus
1524 1855 1726 1916 iacere
1755 1876 1831 1916 ac
1858 1855 2167 1918 iaculari!
2208 1854 2334 1918 sed

70 1970 316 2013 verum
354 1958 475 2013 est
506 1952 712 2014 iacere
740 1973 816 2013 ac
841 1973 879 2011 L
896 1972 939 2012 A
955 1973 1089 2014 neu
1105 1974 1183 2013 m
1214 1953 1407 2014 multa
1432 1952 1733 2014 videmus.

248 2047 357 2111 75.
408 2069 842 2122 nusSAQnE
886 2069 1096 2110 VELA
1128 2095 1142 2110 .
1188 2047 1301 2111 Sic
1333 2047 1747 2132 quadratus:
1792 2049 2124 2136 oblongus
2153 2075 2332 2114 rusa-

78 2156 195 2229 que‘
213 2193 227 2206 .
262 2145 615 2209 Heinsius
645 2146 715 2208 in
736 2145 1090 2210 Prudentii
1112 2136 1259 2230 peri
1281 2146 1504 2229 steph.
1529 2169 1593 2219 X,
1606 2145 1729 2210 908
1760 2170 1930 2210 russo
1952 2146 2145 2211 dedit
2160 2197 2175 2223 ‚
2205 2151 2331 2212 ita-

85 2263 218 2324 que
239 2251 502 2310 vetera
533 2245 942 2328 exemplaria
962 2244 1296 2308 Martialis
1319 2266 1455 2318 x1v,
1491 2243 1608 2306 176
1626 2290 1641 2318 ,
1673 2244 1943 2308 codices
1968 2244 2210 2309 Catulli
2232 2248 2330 2321 39,

90 2339 165 2401 19
194 2365 420 2405 rusam
437 2391 458 2421 ,
505 2355 746 2406 russata
772 2343 843 2406 in
866 2342 1099 2407 Orellii
1128 2342 1685 2426 inscriptionibus
1720 2340 2134 2408 2593-2599
2153 2394 2166 2407 .
2195 2331 2330 2408 rus*-

89 2461 221 2501 ·s-um
252 2437 635 2503 dicendum
670 2461 852 2521 esse,
880 2463 1020 2506 non
1046 2464 1320 2506 rus-sewu
1337 2490 1355 2521 ,
1389 2439 1734 2504 Charisius
1765 2440 1970 2506 docet
1996 2465 2062 2529 p.
2086 2443 2197 2508 55.

257 2538 362 2601 77.
390 2560 881 2604 TREMENTIA
912 2563 1304 2604 Frucrus.
1327 2540 1434 2603 Ita
1452 2539 2333 2630 quadratuS‚fluctw;quod

95 2632 628 2721 Havercampus
667 2659 805 2700 non
847 2640 1071 2722 potuit
1099 2639 1359 2724 legere:
1407 2639 1740 2723 oblongus
1770 2660 2004 2703 vocem
2050 2643 2329 2706 omittit.

94 2740 281 2797 recte
300 2723 678 2798 Turnebus
708 2757 1074 2798 FLUTANT
1107 2785 1119 2797 .
1160 2736 1259 2798 ita
1288 2759 1385 2811 111,
1415 2736 1533 2800 189
1568 2737 1801 2800 tantillo
1835 2740 2092 2802 momine
2112 2739 2303 2828 flutat
2320 2791 2332 2804 .

104 2831 263 2912 quid
294 2835 481 2896 enim
517 2854 760 2896 causae
783 2833 872 2896 sit
905 2855 1024 2896 eur
1036 2833 1271 2922 flectar-e
1291 2833 1639 2908 reiciatur,
1667 2845 1885 2898 nutare
1914 2836 1999 2899 ab
2025 2838 2332 2903 omnibus

100 2931 436 3009 probetur
456 2930 494 2996 2
511 2929 732 2996 Varro
749 2933 974 3022 flutbnt
992 2954 1079 2996 an
1082 2931 1383 3020 flutenmr
1405 2931 1655 2995 dixerit
1673 2932 1998 2997 incertum
2021 2944 2301 3019 putatur
2319 2987 2334 3011 ‚

107 3027 259 3109 quia
285 3050 498 3094 nemo
530 3029 755 3093 adhuc
786 3028 1025 3114 vetera
1047 3030 1377 3093 Macrobii
1408 3028 1818 3114 exemplaria
1847 3034 2176 3109 excussit,
2220 3036 2334 3119 qui

106 3122 442 3191 Varronis
474 3129 690 3193 verba
721 3128 1023 3192 exhibuit
1052 3129 1121 3191 in
1150 3151 1199 3192 11
1233 3128 1689 3192 Saturnalium
1723 3129 1793 3191 11
1820 3178 1832 3191 .

272 3225 496 3289 ‘Iam
521 3226 1203 3291 OMNEMSCAENAL
1241 3250 1587 3290 srscn-:M
1616 3229 2333 3292 rA'rnunfMArRum-

112 3340 254 3392 Qun
300 3347 398 3386 DE
417 3348 460 3388 o
480 3347 640 3388 RuM
682 3324 859 3388 INm
877 3347 911 3387 c
930 3348 1065 3388 nm
1083 3348 1159 3388 Τ.
1209 3323 1573 3392 Corrector
1617 3324 1893 3409 oblongi
1937 3325 2297 3390 Scaenalem
2316 3353 2335 3390 .-

115 3420 496 3499 quadratus
521 3423 812 3487 Scaenali
837 3425 1094 3509 speciem
1123 3430 1290 3507 (non
1315 3425 1653 3508 specimen:
1683 3423 2192 3509 Havercampus
2212 3472 2228 3499 ‚
2257 3435 2334 3489 ut

113 3515 285 3580 solet
301 3565 317 3593 ‚
348 3518 569 3605 fallit)
593 3520 930 3585 subducta
949 3545 1010 3584 m
1031 3522 1258 3586 littera
1276 3569 1291 3597 ,
1325 3521 1519 3607 quasi
1543 3520 1831 3585 delenda
1850 3570 1865 3596 ,
1891 3523 2115 3585 omnia
2133 3544 2333 3585 manu

116 3613 329 3693 prima
351 3626 475 3681 aut
500 3624 683 3682 certe
708 3620 986 3704 antiqua
1003 3642 1196 3685 ‚vere
1212 3622 1577 3685 Lambinus
1598 3620 1645 3683 S
1664 3643 1698 3683 c
1714 3642 1755 3682 A
1771 3643 1809 3682 E
1827 3644 1871 3683 N
1886 3641 1930 3681 A
1945 3644 1967 3681 1
1988 3668 2002 3693 ‚
2027 3621 2168 3683 sive
2188 3622 2332 3684 Sce-

117 3712 221 3772 nai
237 3738 258 3774 .·
289 3735 442 3778 nam
467 3716 537 3779 in
561 3716 759 3779 huius
781 3717 966 3780 modi
987 3719 1191 3783 rebus
1216 3720 1329 3803 qui
1353 3717 1801 3781 constantiam
1823 3717 2173 3799 postulant
2190 3765 2205 3793 ‚
2235 3718 2333 3781 in-

125 3815 272 3889 epte
302 3812 556 3876 curiosi
584 3821 776 3890 sunt,
821 3815 1012 3879 obliti
1042 3816 1158 3879 vix
1188 3836 1584 3900 quemquam
1618 3835 1767 3877 esse
1792 3815 1906 3898 qui
1937 3837 2020 3879 ex
2051 3816 2336 3881 diversis

125 3903 517 3974 alterutrum
549 3918 736 3975 certo
762 3913 1043 3977 consilio
1075 3922 1401 3999 sequatur
1433 3935 1513 3977 ac
1533 3935 1671 3976 non
1700 3913 1927 3996 potius
1960 3936 2039 3978 eo
2067 3915 2253 4000 quod
2277 3916 2338 3979 ei
2399 3947 2402 3950 “

129 4003 232 4065 vel
257 4005 322 4068 in
359 4031 439 4073 os
472 4009 580 4072 vel
610 4011 734 4074 sub
767 4011 1093 4074 calamum
1114 4013 1342 4075 veniat
1373 4019 1636 4076 utatur.
1668 4033 1756 4074 an
1787 4010 2175 4076 Ciceronem
2199 4033 2336 4075 uno

131 4109 309 4166 certo
339 4108 667 4192 temporis
695 4118 1034 4173 momento
1065 4112 1321 4195 pulcros
1355 4112 1597 4195 Ceteyos
1626 4112 1917 4194 triumpos
1955 4114 2339 4196 Cartayinem

136 4193 350 4264 dicere
380 4204 663 4269 desiisse
694 4208 1267 4273 existimabimus?
1308 4209 1541 4292 itaque
1571 4208 1927 4273 Lucretius
1958 4210 2028 4272 in
2056 4209 2189 4271 hoc
2218 4229 2337 4270 vo-

136 4296 365 4361 cabulo
396 4322 588 4366 usum
620 4303 784 4368 alias
803 4352 819 4379 ‚
863 4305 1026 4369 alias
1055 4306 1385 4369 rationem
1415 4307 1606 4389 sequi
1638 4306 1893 4390 potuit.
1937 4327 2089 4368 nam
2118 4328 2339 4368 scaena

143 4409 252 4453 cur
277 4407 630 4483 argenteae
652 4403 1070 4487 potissimum
1097 4404 1305 4468 aetati
1325 4402 1754 4468 adscribatur
1776 4425 1911 4466 non
1931 4402 2131 4467 video
2151 4450 2166 4478 ‚
2191 4423 2341 4466 cum
