2840 5008
1163 411 1194 479 I
2203 413 2293 479 65

85 593 223 654 duas
262 590 554 652 ulciscere
579 587 756 674 facto
785 609 922 666 xw,
941 586 1056 659 363
1084 586 1264 673 facto
1308 586 1696 649 damnandus
1735 586 1802 647 in
1843 608 1964 649 uno
2004 607 2119 665 vn,
2138 584 2294 662 4023

84 690 334 754 Αῐιενίιιε
359 687 526 772 facti
563 687 744 771 culpa
782 686 954 750 trist.
996 709 1065 760 11,
1085 685 1210 750 208
1251 735 1262 747 .
1314 685 1381 746 in
1412 684 1705 748 Lucretii
1748 705 1946 747 versu
1990 693 2297 768 apertum

85 794 175 850 est
194 784 391 849 scribi
420 790 737 869 oportere
761 784 871 846 tabi
893 806 930 845 P
944 805 987 844 A
1003 806 1038 846 o
1056 807 1096 846 ‘r
1110 804 1150 846 o
1175 793 1451 846 recreata
1472 783 1734 845 valescat
1751 831 1764 845 .
1789 783 1885 846 sie
1900 782 2076 845 idem
2095 804 2297 868 saepe

84 886 180 948 Ιιοε
194 894 378 968 pacto
410 932 443 964 ,Ι
468 884 592 945 alio
617 892 803 966 pacto
836 929 853 959 ‚
892 882 1095 945 eodem
1130 892 1315 965 pacto
1346 928 1364 959 ‚
1404 881 1573 944 nullo
1602 881 1711 944 vel
1738 880 1909 944 haud
1933 882 2057 944 ullo
2077 893 2260 965 pacto
2279 930 2295 954 ,

83 985 218 1047 item
250 983 360 1046 tali
389 983 623 1045 ratione
639 1028 657 1059 ‚
688 981 798 1043 tali
824 991 1050 1043 natura
1065 1028 1083 1059 ‚
1108 992 1371 1065 tempore
1399 980 1511 1070 tali
1525 1026 1543 1058 ,
1567 981 1634 1042 in
1662 980 1772 1042 tali
1800 991 2063 1064 tempore
2078 1027 2095 1058 ,
2119 965 2296 1064 opere

86 1084 141 1144 in
165 1082 270 1144 tali
287 1129 301 1143 .
1172 1133 1179 1144 .

234 1179 372 1243 943.
405 1198 892 1252 PLERUMQUE
923 1198 1170 1240 vrnE‘r
1204 1225 1216 1239 .
1251 1173 1544 1261 Oblongi
1574 1183 1923 1240 corrector
1951 1175 2135 1240 Saxo
2165 1198 2293 1238 νι-

88 1300 360 1351 omme,
390 1271 565 1339 utin
596 1298 686 1350 xv,
711 1274 819 1338 18.

235 1371 552 1438 954.Nnc
585 1370 2175 1455 s1‘r,1·:vox,vAmus.LambinusoptimeNecNE
2204 1372 2296 1434 sit.

233 1471 369 1535 957.
416 1493 525 1533 AN
568 1491 933 1533 rmnnsnm
970 1517 983 1531 .
1032 1469 1135 1532 Ita
1192 1468 1301 1534 hie
1359 1469 1560 1533 semel
1618 1469 1947 1554 oblongus
2006 1478 2073 1533 et
2131 1490 2295 1554 qua-

92 1570 306 1633 dratus
324 1619 338 1633 .
980 1632 985 1636 .

233 1667 369 1732 966.
403 1691 486 1730 m
520 1688 783 1730 omnus
803 1714 817 1728 .
841 1665 990 1729 Itali
1022 1675 1093 1730 et
1118 1667 1426 1751 impressi
1454 1667 1520 1728 in
1551 1686 1800 1728 omms
1822 1713 1836 1727 .
1887 1725 1890 1728 ,

237 1759 374 1829 971.
402 1764 847 1829 INVALIDIS
881 1787 1082 1828 u‘rmJ
1102 1787 1147 1827 Μ
1170 1813 1182 1827 .
1208 1764 1571 1827 Lambinus
1601 1764 1691 1826 In
1721 1764 1971 1828 validis.

238 1864 374 1928 981.
406 1885 731 1940 QUERAM
776 1884 967 1938 Qun)
1000 1883 1200 1924 ‘rano
1232 1884 1597 1936 vernoun
1627 1883 1814 1922 mm?
1851 1907 1865 1921 .
1906 1859 2056 1923 Itali
2087 1867 2154 1924 et
2181 1860 2297 1923 im-

96 1962 285 2044 pressi
313 1984 501 2024 rrA'r
523 2009 537 2024 .
567 1981 764 2023 versu
797 1960 1103 2043 proximo
1136 1959 1511 2043 quadratus
1545 1957 1688 2019 Fiat
1713 1957 1804 2018 uti
1822 2003 1834 2017 .

242 2059 375 2124 984.
409 2061 893 2123 PRAETEREA
925 2077 1276 2120 seli-rrum
1308 2074 1583 2117 suMMA
1613 2072 1909 2114 To‘rms
1944 2100 1957 2115 .
1991 2051 2297 2131 Quadra·

99 2165 189 2221 tus
216 2160 432 2221 catium
449 2205 465 2233 ‚
490 2163 837 2221 corrector
867 2152 1139 2234 oblongi
1170 2172 1368 2213 SPAT
1384 2171 1526 2212 mm
1544 2197 1559 2211 .
2211 2167 2215 2172 ’

241 2255 374 2320 985.
404 2279 477 2320 81
509 2274 938 2319 merosus.
968 2248 1116 2312 Itali
1147 2255 1217 2313 et
1243 2248 1547 2332 impressi
1578 2269 2024 2312 mon-Usum.

240 2354 880 2416 987.cor11÷·1,uxrr
912 2337 1013 2409 Ab
1047 2368 1282 2410 mnu.
1308 2345 1638 2409 Marullus
1673 2368 2190 2412 conrnuxss’r.

240 2451 373 2516 993.
406 2451 939 2514 Coaromnus
979 2464 1296 2508 NULLAs
1332 2492 1346 2507 .
1382 2444 1715 2508 Antonius
1746 2444 1940 2508 Marii
1986 2453 2053 2509 et
2078 2443 2298 2509 Brixi-

103 2549 255 2612 ensis
297 2548 521 2613 editor
561 2545 735 2607 malla
780 2554 899 2617 εει,
929 2543 1180 2606 rectius
1222 2542 1641 2607 Veronensis
1682 2565 2054 2606 NULLAST
2091 2592 2104 2606 .
2145 2565 2297 2608 nam

103 2667 289 2730 neque
318 2641 744 2710 Wakefieldo
778 2647 847 2704 et
873 2640 1272 2704 Eiehstadio
1305 2639 1674 2725 parendum
1705 2648 1810 2704 est
1841 2689 1855 2714 ‚
1897 2640 2008 2725 qui
2050 2662 2197 2704 eum
2228 2642 2297 2705 in

104 2742 223 2806 aliis
261 2743 602 2827 antiquam
645 2737 987 2803 scribendi
1028 2738 1355 2802 rationem
1396 2737 1873 2824 nimisseupide
1919 2736 2265 2804 sectentur
2282 2788 2299 2814 ‚

104 2847 296 2903 tamen
348 2841 415 2903 in
470 2839 608 2901 hae
649 2859 724 2900 re
768 2844 1020 2900 temere
1065 2842 1299 2920 spreta
1342 2845 1645 2899 veterum
1691 2834 1996 2898 codicum
2040 2835 2172 2900 fide
2217 2850 2323 2902 εει·

104 2957 333 3022 semper
377 2936 688 3001 omnibus
730 2933 972 2998 litteris
1016 2933 1434 3018 scripserunt
1467 2981 1482 3009 ,
1529 2954 1750 3018 neque
1792 2933 1873 2997 iis
1918 2933 2297 3000 adsentien-

105 3032 237 3096 dum
267 3082 282 3110 ,
319 3036 431 3120 qui
458 3033 659 3098 nimis
699 3030 1438 3102 euriosejnterstitium
1480 3030 1738 3095 faciunt
1774 3078 1790 3106 ‚
1835 3033 1956 3094 nisi
1990 3033 2297 3097 molestum

102 3141 171 3209 ει,
195 3153 318 3216 quo
363 3142 432 3196 et
476 3130 813 3196 silentium
856 3129 1189 3214 imperant
1233 3135 1303 3192 et
1344 3149 1690 3193 numerum
1731 3128 2140 3215 syllabarum
2183 3152 2298 3194 au-

106 3238 240 3311 gent
260 3279 273 3293 .
302 3239 602 3295 ceterum
629 3230 699 3292 in
728 3227 858 3290 hae
886 3248 961 3290 re
985 3225 1293 3290 codicum
1317 3228 2084 3291 auctoritatemseeutus
2115 3249 2262 3291 sum
2279 3276 2298 3308 ‚

106 3325 225 3390 sive
249 3330 598 3412 utriusque
626 3326 768 3390 sive
799 3323 1189 3388 alterutrius
1214 3372 1229 3399 ‚
1275 3324 1726 3388 constantiam
1756 3334 1823 3389 et
1853 3334 2106 3390 certam
2136 3327 2298 3390 seri-

106 3420 283 3488 bendi
306 3447 608 3491 normam
631 3446 769 3489 non
793 3424 1124 3509 quaesivi.
1153 3424 1220 3487 in
1242 3423 1530 3507 publicis
1550 3424 1820 3508 quidem
1852 3426 2300 3490 monumentis

107 3540 293 3605 usque
334 3524 424 3589 ad
463 3524 756 3610 Augusti
799 3523 1218 3609 principatus
1261 3521 1462 3586 finem
1503 3534 1590 3587 εει
1628 3545 1892 3608 semper
1921 3524 2191 3607 plenum
2232 3531 2302 3586 et

107 3616 398 3686 intactum
424 3623 694 3687 invenio
725 3669 742 3696 ‚
774 3622 1069 3706 scriptum
1096 3631 1180 3684 εει
1203 3669 1222 3700 ,
1263 3633 1504 3706 captum
1532 3633 1619 3685 εει
1641 3670 1659 3701 ,
1702 3633 1945 3686 cautum
1971 3632 2056 3685 εει
2079 3668 2096 3699 ,
2137 3622 2300 3683 cavi-

109 3724 273 3782 tumve
300 3733 383 3784 εει
407 3769 425 3800 ,
462 3723 531 3784 in
556 3720 782 3807 Africa
811 3731 896 3783 εει
923 3767 941 3799 ,
974 3720 1040 3782 in
1073 3718 1323 3782 Pisano
1352 3720 1685 3782 institutum
1713 3730 1798 3783 εει
1826 3767 1844 3798 ,
1886 3742 2078 3804 supra
2104 3718 2300 3801 serip-

111 3820 214 3875 wm
239 3828 355 3896 εει,
387 3819 459 3882 in
487 3819 850 3904 Aneyrano
880 3819 1285 3903 supplicatum
1314 3829 1401 3882 εει
1429 3866 1446 3897 ,
1483 3818 1783 3881 inclusum
1812 3828 1896 3880 εει
1921 3864 1940 3896 ,
1973 3839 2129 3902 quae
2146 3835 2302 3901 po-

111 3910 256 3975 oeima
282 3926 363 3991 εει
388 3942 411 3998 ,·
444 3937 847 4002 quamquam
874 3918 1020 3979 situs
1048 3937 1174 4000 pro
1203 3918 1373 3979 εἰιαει
1387 3965 1404 3995 ,
1431 3916 1495 3980 Is
1522 3916 1619 3979 hic
1646 3916 1793 3978 situs
1822 3915 1961 4000 quei
1988 3937 2306 4000 nunquam

112 4007 269 4072 victus
296 4024 377 4076 εει
402 4016 639 4078 virtutei
653 4064 671 4094 ,
698 4021 802 4078 est
829 4015 897 4077 in
930 4014 1272 4099 epitaphio
1304 4015 1376 4078 L.
1404 4013 1692 4078 Cornelii
1720 4010 1835 4076 Cn.
1864 4010 1908 4075 f.
1942 4009 2138 4075 Cn.n.
2159 4014 2304 4077 Soi-

114 4101 305 4183 pionis
323 4156 338 4184 ‚
355 4111 423 4173 in
442 4133 493 4173 s,
514 4134 568 4176 e.
589 4111 675 4177 de
695 4110 1117 4198 Genuatibus
1140 4112 1212 4174 17
1232 4113 1374 4197 quei
1391 4114 1732 4176 υοσὶιαιιιει.
1760 4111 2165 4197 epigramma
2188 4133 2305 4174 an-

110 4197 289 4267 ticum
306 4253 321 4280 ,
344 4210 528 4292 quod
555 4208 826 4295 Capuae
852 4217 1083 4274 extare
1102 4257 1119 4285 ‚
1144 4209 1416 4274 saeculo
1439 4211 1625 4275 urbis
1651 4209 1992 4273 Romanae
2017 4210 2302 4292 septimo

113 4298 409 4386 seriptum
426 4351 442 4380 ,
466 4327 506 4370 a
528 4307 900 4371 Theodoro
923 4308 1365 4373 Mommsenio
1392 4306 1599 4371 didici
1628 4310 1650 4391 (
1673 4314 1778 4370 est
1800 4308 1869 4369 in
1894 4304 2127 4370 Orellii
2149 4304 2301 4388 Syl·

112 4387 243 4478 loge
268 4400 543 4487 n.2277)
579 4453 594 4479 ‚
637 4406 784 4472 Non
814 4429 955 4471 aevo
986 4417 1223 4471 εευεαοιο
1250 4407 1398 4470 vitai
1427 4430 1488 4470 es
1516 4406 1980 4557 tradam-mgni
2011 4427 2035 4482 ‚·
2066 4402 2135 4463 in
2167 4422 2301 4484 quo
