2840 5008
1153 364 1279 432 IIII

77 560 280 623 usque
306 538 489 601 adeo
523 537 750 622 magni
777 537 985 600 refert
1013 536 1305 600 studium
1335 545 1538 622 atque
1568 538 1881 623 voluptas
1899 588 1913 614 ‚

27 672 39 714 s
78 663 136 716 et
163 653 409 736 quibus
435 654 509 714 in
541 652 747 715 rebus
781 652 1163 713 consuerint
1194 672 1339 714 esse
1372 654 1630 735 operati

75 788 201 830 non
229 766 544 829 homines
573 765 788 827 solum
819 763 942 826 sed
970 787 1131 828 vero
1164 766 1468 829 animalia
1496 775 1764 830 cuncta.

78 880 319 964 quippe
349 879 618 943 videbis
651 900 860 963 equos
891 878 1083 941 fortis
1104 928 1119 953 ,
1143 900 1290 941 cum
1318 881 1615 944 membra
1643 882 1986 957 iacebunt,

75 994 136 1055 in
163 994 417 1056 somnis
449 993 703 1056 sudare
733 1003 954 1056 tamen
983 994 1374 1079 spirareque
1406 1015 1670 1079 semper

79 1116 140 1169 et
166 1108 362 1190 quasi
394 1106 480 1169 de
510 1108 733 1191 palma
762 1128 1047 1171 summas
1079 1106 1490 1194 contendere
1519 1108 1679 1171 viris

27 1237 41 1282 )
79 1229 183 1282 aut
212 1222 413 1304 quasi
444 1222 825 1284 carceribus
854 1219 1206 1305 patefactis
1253 1270 1754 1285 .........

27 1351 39 1395 ³
77 1344 571 1420 venantumque
604 1357 804 1399 canes
832 1336 899 1413 in
927 1335 1109 1398 molli
1139 1357 1341 1420 saepe
1371 1337 1594 1420 quiete

27 1466 38 1509 1
76 1449 322 1511 iactant
355 1471 552 1512 crura
582 1457 805 1512 tamen
835 1449 1055 1513 subito
1085 1471 1425 1535 vocesque
1454 1459 1732 1537 repente

78 1563 340 1626 mittunt
371 1571 437 1625 et
467 1563 708 1627 crebro
739 1562 1118 1626 redducunt
1144 1565 1418 1627 naribus
1450 1587 1675 1640 auraS‚

79 1686 149 1739 ut
174 1678 457 1761 vestigia
486 1678 543 1739 si
573 1686 847 1740 teneant
873 1678 1147 1741 inventa
1174 1678 1495 1753 ferarum,

82 1790 659 1877 expergefactique
693 1800 1010 1855 secuntur
1036 1793 1258 1856 inania
1289 1815 1491 1878 saepe

27 1921 44 1963 5
81 1926 423 1968 cervorum
454 1905 840 1979 simulacra,
862 1905 1061 1990 fugae
1092 1908 1283 1990 quasi
1314 1907 1547 1971 dedita
1576 1920 1887 1986 cernant,

85 2018 291 2081 donec
325 2018 647 2082 discussis
676 2020 957 2082 redeant
987 2023 1325 2084 erroribus
1357 2022 1446 2084 ad
1476 2044 1582 2085 se.

83 2140 144 2195 at
172 2142 497 2197 consueta
529 2133 712 2197 domi
741 2135 1114 2197 catulorum
1143 2134 1393 2198 blanda
1420 2157 1728 2222 propago

84 2246 403 2311 discutere
437 2257 503 2311 et
534 2270 778 2333 corpus
809 2247 893 2311 de
923 2258 1107 2312 terra
1134 2233 1471 2335 corripere
1500 2252 1753 2314 instant

27 2378 59 2421 ³4
83 2362 353 2446 proinde
385 2364 579 2447 quasi
609 2364 872 2447 ignotas
903 2363 1110 2426 facies
1142 2373 1346 2449 atque
1379 2386 1499 2427 ora
1529 2372 1831 2429 tuantur.

87 2485 145 2539 et
171 2499 304 2562 quo
335 2498 645 2563 quaeque
676 2478 887 2563 magis
920 2487 1079 2542 sunt
1110 2500 1351 2563 aspera
1380 2480 1801 2545 seminiorum
1820 2530 1833 2556 ‚

84 2600 208 2655 tam
235 2595 441 2679 magis
469 2594 540 2656 in
569 2595 817 2656 somnis
848 2592 1083 2656 eadem
1113 2595 1372 2657 saevire
1402 2604 1778 2657 necessust:

85 2716 147 2768 at
171 2709 389 2770 variae
419 2708 686 2793 fugiunt
714 2708 1023 2772 volucres
1052 2709 1407 2793 pinnisque
1437 2694 1714 2793 repente

86 2821 427 2886 sollicitant
458 2822 684 2886 divom
713 2831 1045 2886 nocturno
1078 2833 1378 2909 tempore
1407 2824 1597 2887 lucos
1620 2873 1634 2898 ,

88 2938 420 3021 accipitres
453 2959 688 3001 somno
719 2937 786 2999 in
816 2937 947 2999 leni
979 2938 1035 3000 si
1064 2939 1319 3027 proelia
1345 2959 1611 3024 pugnas

27 3061 60 3107 ιο
87 3049 266 3114 edere
298 3062 459 3116 sunt
485 3060 946 3138 persectantes
977 3053 1295 3137 visaeque
1324 3054 1660 3119 volantes,

88 3187 271 3248 porro
300 3167 641 3230 hominum
671 3175 928 3231 mentes
948 3216 962 3241 ‚
992 3169 1248 3253 magnis
1282 3169 1395 3252 qui
1423 3170 1758 3244 mentib'us
1791 3169 1999 3235 edunt

87 3301 305 3366 magna
323 3330 337 3356 ‚
359 3280 590 3345 itidem
619 3303 818 3366 saepe
847 3283 916 3344 in
948 3283 1194 3355 somnis
1224 3282 1611 3368 faciuntque
1639 3294 2047 3371 geruntque‚

87 3415 259 3479 reges
291 3405 682 3482 expugnant
699 3445 713 3471 ‚
739 3396 1091 3481 capiuntur
1110 3447 1124 3471 ‚
1145 3398 1400 3482 proelia
1428 3399 1734 3475 miscent,

87 3509 309 3574 tollunt
339 3512 699 3574 clamorem
717 3561 731 3587 ,
756 3512 946 3596 quasi
977 3512 1033 3574 si
1061 3513 1442 3597 iugulentur
1470 3513 1715 3576 ibidem
1734 3564 1747 3576 .

27 3633 62 3677 15
86 3624 250 3688 multi
281 3624 677 3710 depugnant
707 3627 1124 3710 gemitusque
1155 3625 1501 3690 doloribus
1535 3628 1774 3702 edunt,

89 3744 144 3799 et
171 3741 352 3822 quasi
380 3739 753 3826 pantherae
783 3762 1012 3804 morsu
1042 3741 1308 3804 saevive
1340 3741 1552 3805 leonis

85 3853 464 3918 mandantur
491 3856 750 3938 magnis
782 3855 1180 3917 clamoribus
1213 3857 1433 3919 omnia
1463 3858 1800 3941 complent
1824 3906 1839 3924 ,

102 4053 215 4061 ffl——n
247 4058 355 4063 *vm-

2207 373 2339 440 147

94 4166 174 4215 984
209 4168 480 4221 voluntas.
538 4170 557 4236 ΙΙ
592 4175 710 4225 ,989
754 4168 958 4238 palmas
1014 4172 1032 4237 Η
1091 4175 1188 4221 990
1226 4186 1386 4239 saepe
1423 4170 1620 4238 quiete.
1680 4171 1698 4239 ΙΙ
1747 4175 1841 4221 991
1883 4170 2135 4240 vocisque
2172 4171 2191 4239 ΙΙ
2230 4175 2327 4221 995

90 4244 197 4316 fuga
239 4250 257 4321 ΙΙ
293 4251 440 4305 ‚ddita
498 4254 516 4323 ΙΙ
571 4257 671 4304 996
707 4252 1003 4305 terroribus
1059 4252 1078 4320 Η
1138 4257 1927 4304 1000-1003Ξ991-994,
1982 4255 2002 4321 ΙΙ
2061 4259 2185 4305 1011
2226 4267 2329 4320 que

91 4332 332 4386 montibus
370 4336 390 4402 ΙΙ
434 4341 562 4387 1013
605 4336 935 4404 exipugnant

1805 4434 1921 4495 10’
