2840 5008
1170 408 1315 498 1x
2205 404 2292 471 61

233 585 375 650 912.
407 585 442 649 I
461 606 660 649 orzi-:s
691 607 729 647 E
761 606 838 647 LI
856 605 1075 647 sumu
1096 628 1111 646 .
1144 581 1311 645 Cum
1338 575 1491 645 Itali
1518 581 1746 665 inepte
1774 578 2098 644 fecissent
2123 580 2305 665 anes

83 714 110 751 e
134 688 355 771 ῖιζᾳηὶε,
392 681 859 748 Wakefieldus
900 681 1094 766 quasi
1122 701 1247 765 per
1274 680 1588 743 nebulam
1617 678 2001 763 suspicatus
2028 676 2103 741 id
2132 677 2306 742 vidit
2333 698 2341 704 ’

83 783 254 870 quod
283 780 715 845 manifestum
748 788 884 855 est,
908 802 947 842 Ε
965 803 1005 842 τι·
1036 781 1303 930 liquam.
1324 776 1597 842 viderat
1621 774 1756 839 hoc
1785 783 1943 840 ante
1972 797 2120 840 eum
2150 797 2301 839 cor-

83 888 298 946 rector
329 878 690 966 quadrati.

236 978 380 1042 918.
423 977 661 1041 HAEC
723 996 1098 1039 uili-mm:
1140 1023 1153 1037 .
1217 971 1581 1037 Corrector
1625 972 1939 1057 quadrati
1982 980 2052 1037 et
2095 972 2305 1036 ceteri

86 1076 142 1139 H
160 1099 200 1139 A
218 1099 287 1140 c.

237 1172 377 1237 919.
409 1172 616 1237 Fm‘r
648 1193 924 1236 unius
956 1191 1054 1233 υτ
1085 1191 1414 1233 AEMULo
1441 1218 1455 1232 .
1488 1166 1840 1254 Oblongus
1862 1168 2079 1253 prima
2099 1189 2303 1232 manu

90 1283 149 1334 ut
189 1274 383 1336 emula
425 1319 440 1334 .
486 1269 643 1334 Itali
689 1277 758 1334 et
798 1268 1111 1353 impressi
1149 1268 1240 1331 uti
1265 1268 1398 1331 risu
1428 1287 1804 1330 rnnmuno
1847 1314 1861 1329 .
1906 1266 1979 1330 in
2007 1289 2077 1342 11,
2095 1267 2219 1331 976
2249 1276 2307 1331 et

87 1372 203 1433 risu
229 1371 491 1433 tremulo
512 1418 525 1432 .

240 1467 381 1533 922.
425 1466 590 1532 Nnc
635 1489 735 1529 ME
779 1488 1032 1529 Anum
1075 1486 1373 1528 FALm'r
1604 1463 1744 1528 927.
1773 1463 2026 1528 Tm'rA
2074 1484 2303 1528 sono.

92 1566 221 1631 Hos
249 1589 492 1631 versus
523 1565 915 1632 Macrobius
954 1564 1025 1629 in
1052 1587 1124 1627 v1
1156 1563 1426 1628 Saturn.
1469 1584 1613 1647 cap.
1644 1562 1683 1627 2
1712 1561 1978 1646 profert
2018 1583 2105 1626 ex
2128 1562 2304 1627 libro

96 1666 291 1749 primo
321 1665 627 1730 Lucretii
665 1713 681 1741 ‚
728 1664 1014 1728 collatos
1059 1684 1207 1726 cum
1237 1660 1647 1747 Vergilianis
1687 1659 1795 1725 his
1828 1682 1913 1724 ex
1940 1660 2308 1747 georgicon

98 1785 181 1837 111,
196 1762 313 1827 289
329 1811 348 1842 ,
372 1765 518 1827 IVec
545 1786 680 1826 sum
708 1764 902 1826 animi
930 1763 1146 1827 dubim
1159 1809 1177 1840 ‚
1199 1762 1394 1824 verbis
1422 1784 1496 1824 ea
1521 1761 1761 1823 vincere
1786 1782 2076 1844 maynum
2107 1760 2307 1839 Quam

99 1863 165 1926 sit
186 1874 237 1925 et
261 1864 537 1947 anqustiis
563 1861 723 1925 hanc
752 1861 977 1925 addere
1015 1860 1195 1924 rebus
1221 1859 1511 1922 honorem
1543 1883 1566 1920 .·
1603 1857 1731 1921 Sed
1768 1879 1864 1920 me
1894 1857 2162 1922 Parnasi
2203 1859 2307 1922 de-

100 1970 243 2023 serta
258 1983 380 2045 per
407 1961 637 2024 ardua·
659 1960 853 2024 dulcis
890 1960 1130 2044 Rapiat
1168 1979 1343 2021 amor
1380 2004 1396 2020 .
1442 1958 1612 2020 iuvat
1646 1956 1740 2019 ire
1774 1956 1935 2040 iuyis
1974 1979 2099 2042 qua
2135 1957 2311 2020 nulla

94 2059 352 2141 priorum
386 2059 725 2123 Castaliam
750 2059 920 2122 molli
948 2057 1271 2122 devertitur
1307 2056 1502 2119 orbita
1542 2055 1693 2118 clivo
1727 2102 1740 2117 .
1781 2074 2065 2137 quorum
2106 2056 2308 2121 abso-

102 2153 226 2218 luta
257 2155 826 2240 interpretatione
857 2155 1134 2220 Servius
1175 2152 1542 2236 adscripsit
1582 2151 1708 2215 Hic
1734 2163 1936 2215 autem
1964 2162 2115 2216 tolus
2142 2154 2309 2217 locus

107 2253 169 2315 de
192 2253 469 2319 Lucretio
501 2255 833 2318 translatus
857 2264 944 2318 est
974 2278 994 2316 .·
1030 2272 1156 2316 nec
1183 2257 1416 2336 potest
1447 2248 1743 2314 dubitari
1774 2249 1936 2333 quin
1964 2248 2306 2336 Vergilius

106 2349 216 2414 hos
243 2374 479 2417 versus
511 2353 585 2416 in
612 2352 785 2418 libro
816 2351 1034 2438 primo
1065 2349 1361 2435 scriptos
1390 2348 1633 2435 legerit
1672 2395 1688 2412 .
1727 2346 1936 2412 nihilo
1977 2349 2193 2413 minus
2238 2356 2309 2414 et

109 2445 319 2514 horum
348 2459 657 2517 extrema
687 2457 756 2515 et
786 2470 963 2536 quae¹
990 2455 1308 2514 secuntur
1337 2446 1602 2512 Nonius
1641 2465 1720 2515 ‘se
1762 2445 1832 2511 in
1859 2446 2032 2512 libro
2064 2454 2315 2533 quarto·

108 2545 323 2632 legisse
362 2557 661 2615 testatur
698 2548 921 2635 p.319‚
944 2550 1019 2615 15
1049 2546 1249 2624 252,ss
1278 2546 1419 2623 413,
1446 2546 1523 2609 16
1558 2545 1695 2622 190,
1712 2545 1795 2610 24
1824 2545 2061 2621 24Ῑ,31
2100 2595 2113 2609 .
2153 2568 2310 2614 auc-

113 2647 324 2712 toritas
351 2649 721 2733 utrobique
749 2667 966 2733 paene
994 2667 1121 2732 par
1162 2651 1269 2710 est
1301 2694 1318 2720 ,
1357 2644 1651 2708 carmina
1687 2644 1838 2728 ipsa
1874 2643 2049 2710 libro
2093 2646 2308 2730 primo

114 2746 783 2811 accommodatissima
799 2792 815 2820 ‚
839 2765 977 2815 non
1008 2743 1232 2829 quarti
1259 2741 1659 2827 prohoemio
1678 2788 1694 2817 ,
1719 2743 1826 2808 cui
1853 2742 2065 2806 multo
2092 2744 2311 2810 minus

115 2845 495 2909 conveniunt
523 2844 640 2908 illa
662 2893 677 2920 ‚
709 2846 1100 2929 Religionum
1127 2844 1401 2906 animum
1427 2842 1604 2906 nodis
1631 2843 1930 2907 exsolvere
1946 2864 2142 2928 peryo
2172 2845 2311 2930 (sie

116 2941 264 3002 enim
289 2944 654 3028 utrobique
675 2943 1101 3006 membranae
1131 2989 1147 3016 ‚
1181 2960 1318 3003 non
1350 2939 1618 3024 animo-s)
1640 2988 1656 3015 ‚
1682 2961 1883 3024 quam
1912 2941 1970 3005 si
1996 2962 2312 3025 praeces-

116 3037 257 3100 serit
281 3046 357 3103 ut
390 3041 461 3104 in
502 3041 720 3126 primo
754 3041 944 3104 Nunc
972 3062 1085 3125 aye
1120 3087 1141 3119 ,
1180 3039 1345 3125 quod
1367 3061 1552 3123 super
1580 3049 1664 3101 est
1691 3059 1976 3122 cayno-sce
2003 3042 2313 3106 et‘clarius

117 3137 244 3198 audi
272 3186 301 3216 r
331 3160 416 3202 ex
455 3159 594 3226 quo
635 3137 1080 3225 intellegimus
1108 3143 1382 3222 poetam
1409 3135 1485 3199 id
1513 3156 1715 3222 agere
1745 3144 1822 3201 ut
1848 3137 2143 3202 Memmii
2170 3140 2311 3203 ani-

116 3251 269 3296 mum
294 3236 731 3322 religionibus
760 3236 982 3301 solvat
999 3285 1014 3299 .
1037 3235 1162 3300 sed
1192 3235 1321 3299 etsi
1349 3232 1800 3299 concedamus
1821 3235 1992 3300 haec
2013 3236 2100 3299 ab
2122 3244 2314 3302 utro-

120 3347 230 3411 que
257 3332 404 3398 loco
436 3357 577 3399 non
605 3336 824 3400 aliena
853 3354 1001 3399 esse
1019 3381 1035 3409 ,
1058 3340 1285 3397 tamen
1315 3332 1562 3417 quibus
1588 3334 1895 3398 versibus
1918 3333 2159 3419 aliquis
2180 3336 2315 3405 iam

118 3445 258 3492 usus
285 3432 368 3496 sit
398 3441 564 3520 apto
594 3432 746 3498 loco
766 3481 782 3508 ‚
808 3432 1081 3497 eosdem
1108 3431 1574 3496 inrevocatum
1600 3432 1851 3497 iterare
1878 3433 1948 3496 in
1971 3432 2139 3498 alius
2160 3434 2314 3499 libri

118 3526 485 3606 prohoemio
520 3538 588 3596 et
613 3531 933 3618 pauperis
960 3531 1209 3616 ingenii
1240 3537 1345 3594 est
1374 3537 1445 3594 et
1472 3529 1717 3594 nullius
1737 3524 1966 3596 iudicii
1988 3580 2001 3594 .
2027 3553 2318 3616 quorum

123 3623 258 3704 quia
275 3635 586 3693 neutrum
604 3631 677 3694 in
694 3629 1081 3693 Lucretium
1105 3626 1287 3691 cadit
1304 3674 1322 3704 ,
1343 3627 1673 3713 Forbiger
1690 3675 1705 3703 ,
1728 3635 1807 3692 ut
1831 3636 1935 3693 est
1954 3628 2312 3694 infeliciter

122 3737 309 3805 sagax
339 3773 354 3800 ‚
390 3728 462 3790 in
501 3727 677 3794 libro
717 3727 934 3812 primo
958 3724 1400 3800 Δωοκεγαοτὴω
1449 3724 1778 3789 odoratur
1813 3748 1827 3787 ε
1865 3724 2046 3788 hunc
2091 3726 2313 3811 θγρεο-

121 3821 296 3892 ΠλῦΓᾱ
323 3822 531 3890 fuisse
555 3826 813 3890 mavult
828 3873 844 3901 ‚
866 3825 1253 3889 Lucretium
1281 3845 1420 3889 non
1446 3823 1664 3888 credit
1679 3871 1696 3898 ‚
1718 3844 1937 3908 neque
1957 3822 2140 3889 hunc
2160 3825 2322 3891 illos

126 3909 363 3985 divinos
390 3945 629 3988 versus
657 3923 947 3989 fudisse:
970 3923 1376 4010 Vergilium,
1401 3922 1559 4008 quia
1589 3921 1785 3986 simul
1813 3921 1995 3986 aliud
2017 3923 2320 3991 Lucretii

127 4028 366 4081 carmen
405 4021 475 4084 in
517 4045 711 4087 usum
754 4045 945 4087 suum
989 4023 1381 4097 convertit,
1428 4021 1614 4107 quod
1670 4028 1778 4086 est
1825 4022 1894 4085 in
1936 4022 2110 4088 libro
2152 4047 2215 4099 v,
2233 4024 2313 4088 97

127 4107 245 4174 Nec
280 4138 371 4180 me
412 4123 606 4184 animi
628 4122 910 4209 fallit—
945 4144 1134 4208 quam
1162 4121 1413 4210 difficile
1440 4123 1512 4185 id
1534 4120 1687 4184 mihi
1712 4122 1791 4185 sit
1803 4125 2159 4206 pervincere
2187 4123 2312 4186 die-

126 4204 216 4284 tis,
240 4230 319 4273 ex
344 4214 515 4281 libro
545 4219 760 4302 primo
789 4219 957 4284 nihil
978 4219 1343 4304 sumpsisse
1367 4218 1712 4294 adfirmat,
1736 4241 1885 4283 cum
1907 4226 2134 4284 tamen
2158 4218 2263 4281 et
2245 4240 2316 4281 111

127 4311 578 4379 sententiarum
609 4317 1078 4381 coniunctione
1124 4324 1193 4382 et
1232 4318 1302 4380 in
1343 4316 1458 4380 illo
1504 4318 1670 4385 dulci
1711 4339 1919 4390 amore
1960 4312 2314 4380 manifesta
2372 4320 2375 4323 ’

129 4397 246 4464 sint
258 4403 638 4480 imitationis
650 4415 936 4501 vestigia
953 4461 968 4489 ,
985 4413 1297 4500 idemque
1313 4413 1656 4499 Vergilius
1672 4435 1755 4500 ex
1772 4413 1878 4477 his
1893 4414 2008 4478 illa
2023 4410 2315 4495 petierit,
