2840 5008
443 368 534 435 92
1521 367 1617 434 111

442 540 556 626 qui
583 539 781 602 nimia
808 537 1079 603 levitate
1109 538 1359 603 cadunt
1387 541 1777 625 plerumque
1807 542 2159 626 gravatim,

439 675 565 717 nec
594 654 890 740 repentis
917 653 1080 716 itum
1112 654 1399 718 cuiusvis
1431 677 1713 740 cumque
1743 656 2091 720 animantis

440 769 760 833 sentimus
779 817 794 842 ‚
815 789 940 832 nec
969 768 1160 853 priva
1187 768 1433 854 pedum
1462 770 1741 855 vestigia
1770 792 2105 855 quaeque,

295 901 394 947 390
439 904 722 969 corpore
756 905 925 968 quae
954 884 1022 946 in
1050 891 1288 948 nostro
1319 884 1564 948 culices
1596 892 1665 948 et
1694 891 1918 948 cetera
1945 895 2235 971 ponunt.

436 1020 651 1083 usque
681 998 852 1063 adeo
881 998 1064 1084 prius
1097 997 1296 1061 estin
1323 998 1520 1063 nobis
1549 1000 1758 1062 multa
1787 998 2093 1063 ciendum

295 1132 391 1177 393
437 1114 687 1177 semina
717 1113 1115 1199 corporibus
1144 1113 1399 1177 nostris
1428 1113 1704 1177 inmixta
1731 1135 1854 1198 per
1882 1121 2097 1188 artuS‚

298 1245 394 1292 392
441 1250 638 1314 quam
667 1227 1033 1314 primordia
1061 1228 1430 1292 sentiscant
1459 1249 1787 1292 concussa
1815 1229 2051 1291 animai

296 1360 393 1407 394
439 1351 508 1408 et
537 1365 735 1429 quam
760 1344 830 1407 in
858 1343 963 1406 his
991 1342 1356 1407 intervallis
1387 1342 1750 1408 tuditantia
1778 1343 2042 1427 possint

438 1479 839 1531 concursare
870 1458 1048 1521 coire
1081 1465 1148 1521 et
1179 1456 1534 1521 dissultare
1564 1457 1917 1543 vicissim.]

518 1572 611 1636 Et
636 1573 845 1657 magis
876 1580 980 1635 est
1008 1572 1263 1635 animus
1292 1573 1453 1637 vitai
1484 1573 1776 1637 claustra
1804 1579 2119 1637 coercens

437 1694 505 1750 et
536 1686 983 1751 dominantior
1014 1685 1100 1750 ad
1129 1687 1334 1764 vitam
1365 1709 1562 1773 quam
1592 1688 1692 1751 vis
1722 1688 1987 1751 animai.

433 1823 586 1864 nam
617 1802 758 1865 sine
788 1809 1006 1866 mente
1037 1803 1387 1887 animoque
1414 1803 1647 1886 nequit
1673 1802 1970 1866 residere
1999 1824 2119 1888 per
2148 1809 2333 1866 artus

433 1917 755 2001 temporis
786 1918 1088 2002 exiguam
1118 1925 1375 2003 partem
1405 1937 1566 2002 pars
1596 1917 1731 1981 ulla
1759 1918 2023 1993 animai,

291 2009 413 2093 400¹
436 2029 559 2093 sed
589 2052 812 2096 comes
841 2033 1214 2116 insequitur
1242 2031 1435 2095 facile
1466 2040 1534 2095 et
1565 2031 1852 2096 discedit
1879 2033 1947 2095 in
1976 2053 2170 2095 auras

437 2154 505 2209 et
532 2145 790 2230 gelidos
821 2155 1003 2210 artus
1033 2146 1101 2209 in
1130 2147 1245 2210 leti
1271 2147 1519 2232 frigore
1548 2147 1788 2232 linquit
1807 2196 1820 2209 .

435 2267 507 2324 at
533 2267 757 2324 manet
783 2261 851 2324 in
878 2260 1020 2324 vita
1049 2261 1152 2323 cui
1179 2282 1365 2325 mens
1395 2262 1785 2346 animusque
1813 2262 2158 2325 remansit.

434 2375 737 2461 quamvis
770 2382 872 2439 est
902 2376 1143 2438 circum
1176 2376 1386 2439 caesis
1416 2377 1596 2440 lacer
1623 2376 1919 2461 undique
1947 2376 2253 2440 membris

431 2499 710 2556 truncus
730 2541 745 2568 ,
768 2490 1080 2578 adempta
1109 2490 1325 2554 anima
1354 2492 1597 2556 circum
1622 2491 2064 2577 membrisque
2093 2497 2348 2554 remota

289 2623 385 2668 405
427 2608 593 2672 vivit
622 2615 691 2672 et
718 2608 931 2671 aerias
960 2607 1177 2671 vitalis
1208 2606 1486 2693 suscipit
1514 2627 1740 2670 auras:

437 2722 493 2785 si
521 2743 655 2784 non
687 2721 1082 2785 omnimodis
1102 2770 1117 2797 ,
1141 2731 1211 2786 at
1238 2743 1479 2807 magna
1507 2729 1698 2808 parte
1727 2720 1964 2783 animai

434 2836 738 2920 privatus
758 2882 773 2910 ‚
794 2842 1014 2899 tamen
1043 2837 1111 2899 in
1139 2837 1279 2899 vita
1308 2844 1662 2899 cunctatur
1694 2842 1761 2899 et
1787 2834 2049 2908 haeret3

433 2958 508 3012 ut
527 2998 541 3024 ‚
562 2949 859 3013 lacerato
893 2951 1086 3013 oculo
1119 2951 1363 3013 circum
1395 2951 1450 3013 si
1479 2950 1732 3035 pupula
1757 2949 1998 3013 mansit

431 3064 774 3127 incolumis
795 3114 811 3140 ,
834 3072 972 3128 stat
1002 3064 1324 3128 cernundi
1355 3066 1582 3130 vivata
1609 3072 1942 3148 potestaS,

289 3196 385 3242 410
432 3178 588 3241 dum
617 3178 817 3243 modo
848 3201 933 3242 ne
961 3186 1177 3243 totum
1209 3201 1601 3264 corrumpas
1628 3180 1888 3255 luminis
1919 3180 2145 3243 orbem
2164 3228 2177 3251 ‚

432 3301 498 3356 et
529 3295 773 3358 circum
803 3294 1044 3359 caedas
1074 3295 1278 3359 aciem
1309 3295 1653 3379 solamque
1681 3295 2046 3378 relinquas:

289 3428 384 3473 413
432 3418 503 3474 at
531 3412 587 3475 si
616 3411 875 3475 tantula
901 3431 1062 3495 pars
1093 3410 1266 3472 oculi
1292 3408 1514 3473 media
1538 3409 1650 3473 illa
1675 3429 1916 3494 peresa
1948 3416 2079 3487 est,

434 3524 680 3590 occidit
709 3524 1042 3610 extemplo
1070 3524 1289 3587 lumen
1318 3525 1769 3608 tenebraeque
1799 3530 2142 3597 secuntur.

288 3657 386 3705 416
428 3639 560 3704 hoc
590 3640 807 3703 anima
836 3647 1038 3723 atque
1070 3638 1323 3702 animus
1352 3639 1555 3702 vincti
1587 3647 1744 3702 sunt
1771 3637 2047 3702 foedere
2078 3659 2367 3723 semper.

514 3754 708 3819 Nunc
739 3775 896 3838 age,
918 3753 1185 3818 nativos
1215 3753 1655 3818 animantibus
1685 3760 1753 3816 et
1779 3752 2077 3817 mortalis

437 4104 527 4149 391
572 4096 782 4150 ciendo.
838 4098 857 4165 ΙΙ
912 4103 1009 4149 394
1047 4097 1120 4150 Et
1156 4100 1364 4167 quantis
1417 4099 1438 4167 ΙΙ
1494 4104 1592 4151 399
1632 4099 1854 4168 exigiam
1909 4098 1930 4166 ΙΙ
1985 4103 2083 4150 400
2122 4080 2172 4148 e⁴
2203 4097 2223 4166 ΙΙ
2277 4103 2374 4149 403
2416 4067 2629 4152 cretum
2679 4101 2701 4169 u

435 4187 536 4234 404
573 4189 765 4233 remot.
806 4180 826 4249 ΙΙ
863 4187 961 4233 405
1000 4181 1260 4233 aetherias
1309 4179 1330 4248 ΙΙ
1376 4188 1475 4233 412
1514 4180 1577 4232 Id
1613 4198 1824 4251 quoque
1860 4182 1997 4233 enim
2033 4181 2149 4232 sine
2180 4180 2419 4250 pernicie
2455 4199 2572 4234 non
2611 4184 2705 4236 fiet

436 4281 646 4317 eorum.
699 4263 718 4331 ΙΙ
772 4269 869 4315 415
908 4262 1196 4317 Incolumis
1233 4266 1472 4332 quamvis
1517 4264 1711 4334 alioqui
1758 4263 2068 4335 splendidus
2106 4263 2274 4316 orbis.
2330 4264 2352 4329 ΙΙ
2406 4269 2510 4318 417
2553 4284 2704 4320 mor-

435 4347 628 4401 talibus
641 4385 653 4398 .
