2840 5008
1024 412 1442 458 EMENnArro
2256 390 2341 457 15

128 569 439 636 Nardium
453 616 470 645 ,
487 564 939 631 Michahelem
953 563 1207 652 Fayum
1224 611 1240 639 ‚
1260 565 1497 628 volens
1514 564 2049 649 praetermittam
2062 610 2078 638 ‚
2097 584 2186 649 op
2193 585 2346 629 erae

128 668 399 754 pretium
431 673 542 730 est
571 671 810 728 notare
841 663 1158 727 stolidam
1186 671 1577 727 nostrorum
1605 660 2000 748 patientiam
2018 708 2034 738 ,
2067 683 2200 747 qua
2224 685 2347 749 per

128 774 220 831 tot
258 786 474 829 annos
500 812 518 838 ,
562 762 695 826 hoc
734 769 839 827 est
866 761 1025 825 inde
1055 783 1096 825 a
1132 762 1285 826 1801
1320 769 1388 825 et
1422 760 1585 825 1828
1607 808 1623 835 ,
1666 759 2162 844 exemplaribus
2194 783 2344 825 cor-

128 863 519 949 ruptissimis
544 909 560 936 ‚
602 881 888 945 quorum
924 880 1168 946 magna
1197 881 1359 945 pars
1388 881 1611 944 neque
1639 858 1938 944 intellegi
1967 868 2202 943 posset
2229 882 2345 925 ne-

130 985 244 1049 que
282 964 367 1026 ab
407 961 584 1046 ipsis
625 958 1018 1023 auctoribus
1056 957 1404 1022 intellecta
1439 965 1659 1032 esset,
1700 965 2044 1042 tamquam
2076 959 2345 1042 optimis

128 1062 218 1125 usi
255 1061 389 1125 sint
427 1067 640 1143 atque
668 1056 1154 1141 integerrimis.
1198 1057 1269 1121 in
1299 1078 1435 1142 quo
1467 1057 1524 1120 si
1555 1078 1729 1141 quos
1757 1053 1937 1118 forte
1965 1054 2347 1121 Eichstadii

128 1159 392 1222 nominis
415 1157 642 1244 gloria
666 1154 999 1240 quaedam
1024 1155 1327 1242 decepit,
1353 1162 1539 1220 certe
1560 1155 2090 1219 mercennariam
2106 1155 2346 1221 Forbi·

129 1257 255 1340 geri
280 1275 594 1341 operam,
624 1255 695 1317 in
726 1273 863 1337 qua
889 1274 1113 1337 neque
1142 1252 1318 1317 ratio
1348 1254 1489 1318 ulla
1517 1262 1698 1317 esset
1719 1274 1941 1337 neque
1965 1252 2343 1339 diligentia,

131 1362 543 1419 contemnere
588 1350 973 1416 debebant.
1016 1351 1247 1435 itaque
1290 1349 1476 1414 volui
1506 1350 1983 1414 documentum
2014 1358 2345 1422 statuere,

129 1454 345 1537 nequis
385 1451 541 1536 pari
581 1449 972 1533 arrogantia
1013 1470 1125 1513 res
1160 1470 1439 1536 magnas
1470 1456 1676 1534 atque
1709 1448 2015 1514 difficiles
2040 1499 2055 1524 ,
2099 1451 2345 1534 quibus

131 1572 194 1615 se
214 1552 534 1635 imparem
567 1550 804 1623 sciret,
837 1550 1185 1633 suscipere
1214 1549 1499 1614 auderet
1523 1599 1536 1613 .
1575 1549 1702 1616 sed
1730 1549 1973 1613 horum
2005 1551 2375 1634 pravitate·

130 1650 354 1713 omissa
391 1649 558 1712 licet
602 1647 767 1710 mihi
809 1647 879 1711 in
921 1668 1044 1733 spe
1083 1648 1263 1712 laeta
1300 1654 1626 1733 certaque
1665 1647 1864 1713 finem
1893 1647 2119 1713 facere
2148 1664 2343 1735 prae-

130 1747 326 1823 fandi,
350 1768 490 1832 qua
512 1745 762 1810 ductus
783 1745 1086 1811 futurum
1110 1767 1407 1832 auguror
1428 1756 1507 1811 ut
1521 1746 1823 1811 Lucretii
1846 1768 2116 1811 carmen
2136 1748 2343 1811 inter-

130 1847 488 1928 pretatione
522 1843 832 1908 doctiore
862 1843 1268 1920 illustretur,
1302 1845 1491 1909 cuius
1523 1866 1674 1908 cum
1700 1846 1771 1908 in
1798 1843 2090 1908 hominis
2122 1846 2342 1912 cuius-

133 1942 267 2006 dam
301 1941 563 2029 egregii
591 1940 832 2004 studiis
862 1940 1234 2004 iandudum
1263 1943 1553 2006 maxima
1582 1949 1895 2006 versatur
1926 1945 2308 2028 expectatio
2326 1991 2341 2019 ,

131 2048 251 2104 tum
276 2062 491 2127 nuper
521 2040 864 2124 specimen
897 2059 1060 2102 sane
1089 2038 1506 2103 luculentum
1535 2039 1870 2123 Iosephus
1891 2039 2343 2106 Reisackerus

133 2137 302 2202 dedit
324 2140 391 2202 in
418 2138 853 2202 Lucretianis
885 2138 1397 2222 quaestionibus
1426 2136 1713 2211 Bonnae
1736 2157 1964 2201 mense
1985 2137 2344 2204 Decembri

135 2237 271 2299 anni
293 2237 441 2300 1847
467 2236 675 2300 editis
698 2285 711 2298 .
752 2235 1017 2298 interim
1061 2256 1190 2299 nos
1218 2242 1297 2298 ut
1324 2235 1698 2318 poterimus
1727 2235 2180 2320 perpoliemus
2206 2236 2342 2302 hoc

136 2353 373 2398 carmen
390 2383 405 2408 ,

275 2455 325 2507 1,
359 2433 421 2496 1.
463 2434 930 2496 AENEADUM
975 2453 1398 2494 GENETRIX
1444 2432 1549 2494 ubi
1579 2433 1831 2518 prima,
1870 2439 1946 2496 ut
1988 2433 2153 2497 dicit
2181 2433 2357 2500 Ovi-.

133 2528 263 2595 dius
296 2531 365 2594 in
402 2531 715 2606 tristium,
746 2529 921 2596 libro
963 2553 1045 2605 11,
1077 2530 1196 2593 261
1224 2567 1241 2594 ,π
1280 2532 1352 2593 in
1393 2551 1530 2615 quo
1559 2531 1712 2615 ipso
1745 2531 2109 2619 principi0,
2155 2535 2341 2618 quod

130 2629 439 2693 Ausonius
484 2628 777 2693 inseruit
824 2630 1288 2715 epigrammati
1333 2629 1413 2693 33
1438 2676 1454 2704 ‚
1498 2630 1558 2692 is
1604 2630 1720 2714 qui
1763 2632 2340 2697 se-recensionem

131 2726 408 2793 Bentleio
422 2727 1062 2792 -Wakefieldianam
1105 2728 1298 2813 sequi
1325 2728 1687 2813 profitetur
1712 2776 1729 2805 ,
1772 2728 2018 2794 horum
2045 2738 2340 2818 utroque

133 2834 336 2910 spreto
387 2827 669 2910 scripsit
717 2825 983 2892 naviter
1027 2827 1387 2891 Aeneadum
1426 2827 1695 2911 qenitrioe
1722 2877 1736 2890 .
1786 2828 1912 2892 sed
1955 2828 2225 2896 Probus
2269 2833 2340 2896 in

134 2932 258 2990 arte
281 2927 544 2990 minore
566 2949 629 3011 p.
646 2924 770 2989 249
790 2925 966 3001 Mai,
997 2926 1195 3011 quasi
1221 2924 1399 2989 hanc
1422 2926 1738 2992 vocabuli
1765 2927 2052 2993 formam
2073 2951 2160 2993 ne
2182 2952 2339 2995 nos-

133 3029 223 3086 set
255 3025 531 3109 quidem
552 3071 567 3098 ‚
614 3024 950 3109 quaesivit
989 3045 1125 3109 qua
1157 3024 1242 3088 de
1274 3045 1481 3088 causa
1503 3026 1740 3110 qenitor
1766 3049 1891 3112 per
1917 3029 1943 3090 i
1973 3036 2041 3092 et
2064 3033 2343 3114 qenetriae

132 3142 237 3205 per
263 3149 290 3187 e
313 3124 616 3189 litteram
658 3124 1074 3189 scriberetur
1096 3171 1113 3188 .
1156 3123 1393 3188 eadem
1436 3125 1745 3210 quaestio
1781 3124 2004 3190 locum
2031 3125 2243 3192 habet
2268 3129 2339 3191 in

130 3224 366 3302 qmetivo
405 3232 476 3288 et
510 3223 765 3309 qenitali
792 3222 903 3286 vel
925 3223 1209 3307 qenitura
1234 3271 1248 3285 .
1286 3244 1443 3286 nam
1466 3225 1772 3307 qenetalia
1802 3221 2145 3289 Charisius
2174 3249 2237 3312 p.
2255 3225 2341 3291 28

133 3337 436 3401 quaenam
475 3340 678 3384 sacra
718 3319 903 3384 dicat
935 3320 1168 3384 nescio
1191 3366 1209 3397 ,
1249 3321 1380 3384 nisi
1407 3319 1588 3385 forte
1611 3323 1896 3405 qenealia
1923 3325 2131 3409 τγχαῖα
2163 3345 2338 3410 quae

133 3418 537 3502 appellantur
562 3418 634 3481 in
650 3417 1172 3483 Vindobonensi
1199 3419 1788 3503 grammaticorum
1818 3420 2077 3508 sylloge
2106 3444 2170 3507 p.
2192 3423 2340 3498 100,

128 3516 370 3595 qmu‘alia
419 3517 497 3581 τὰ
546 3538 718 3603 τγχω
764 3517 836 3580 in
878 3516 1211 3602 glossario
1257 3517 1617 3582 Philoxeni
1645 3566 1661 3593 ‚
1717 3540 1889 3603 quae
1936 3520 2026 3584 ad
2070 3521 2336 3605 genium

131 3609 245 3675 loci
270 3623 584 3698 spectant
611 3637 628 3678 z
662 3617 969 3699 qmzetivus
997 3632 1174 3680 casus
1202 3637 1323 3701 per
1353 3641 1386 3680 e
1417 3617 1561 3681 sine
1592 3618 1986 3703 exceptione
2017 3615 2339 3682 scribitur

130 3705 191 3770 in
224 3709 401 3777 libris
443 3714 698 3779 saeculi
738 3715 915 3778 sexti
947 3723 1016 3779 et
1040 3716 1503 3800 proximorum
1522 3762 1538 3790 ‚
1582 3736 1803 3799 neque
1835 3714 2027 3779 aliter
2051 3717 2337 3800 qenetivis

129 3810 262 3872 notis
308 3812 716 3896 exemplaria
765 3812 1044 3877 meliora
1088 3813 1395 3878 Suetonii
1420 3862 1437 3888 ,
1485 3813 1958 3877 Memmianum
2004 3821 2074 3878 et
2115 3814 2336 3881 Medi-

134 3923 298 3970 ceum
315 3957 330 3984 ,
357 3910 428 3973 in
452 3908 831 3974 Octaviano
851 3911 967 3987 8ος
997 3919 1075 3974 ut
1090 3910 1178 3975 N.
1192 3912 1476 3976 Heinsio
1495 3959 1511 3986 ‚
1544 3911 1659 3996 qui
1675 3910 1780 3996 ⁴ad.
1804 3909 2031 3977 Ovidii
2057 3921 2336 3990 metam.

131 4004 354 4077 111‚331
401 4015 471 4071 et
513 4030 597 4072 ex
623 4008 848 4072 Ponto
880 4030 989 4083 111,
1019 4006 1087 4082 2,
1124 4008 1242 4071 107
1275 4008 1366 4072 ad
1398 4010 1729 4094 qenitivam
1765 4010 2094 4095 imayinem
2136 4020 2206 4076 et
2244 4013 2335 4077 ad

131 4104 365 4179 yenitiva
402 4109 654 4171 nomina
700 4127 737 4170 e
777 4106 966 4171 libris
1010 4107 1306 4192 antiquis
1346 4107 1515 4171 nihil
1548 4109 1620 4171 in
1648 4108 1940 4173 schedas
1967 4109 2336 4184 rettulerit,

135 4213 250 4261 11011
282 4223 524 4290 magna
563 4205 747 4289 apud
775 4227 881 4269 me
910 4205 1081 4271 fides
1110 4207 1199 4272 sit
1217 4255 1233 4281 ,
1271 4227 1495 4291 neque
1524 4207 1830 4294 vulgaria
1857 4209 2189 4274 Macrobii
2218 4229 2333 4271 ex-

134 4298 431 4382 emplaria
467 4325 691 4368 curem
714 4352 730 4379 ‚
774 4305 845 4368 in
887 4306 1131 4390 quibus
1175 4305 1637 4370 Saturnalium
1677 4330 1756 4370 111
1777 4355 1791 4382 ‚
1823 4307 1862 4369 6
1910 4308 2056 4371 Cato
2096 4306 2333 4389 (immo

142 4390 318 4468 Varro
344 4402 412 4462 in
448 4403 626 4481 Cato)
665 4401 751 4466 de
780 4403 1010 4468 liberis
1042 4404 1415 4469 educandis
1444 4406 1749 4491 Apollinis
1772 4406 2024 4489 qenitivi
2049 4402 2332 4466 mentio-
