2840 5008
1106 392 1213 503 ,Ι
2104 393 2303 460 ’27

115 596 321 638 summu
348 593 511 634 come
533 571 684 654 quai
713 616 731 647 ,
764 590 869 631 ma
907 588 1015 630 son
1054 567 1277 651 sospiri
1306 613 1318 625 .
1353 562 1554 628 video
1595 571 1820 628 tamen
1863 564 2188 650 quosdam
2218 565 2316 628 ita

116 672 377 736 scribere
419 689 542 752 per
586 665 1081 753 diphthongum
1103 712 1119 739 ‚
1150 663 1346 728 Pistoi
1366 711 1384 742 ,
1422 663 1552 749 9ίοί
1571 711 1590 742 ,
1634 664 1739 727 noi
1756 711 1775 742 ,
1818 665 2057 748 miyliai
2075 689 2100 745 ,-
2128 661 2315 748 quod
2387 694 2394 700 ·

118 790 240 831 cum
268 773 519 830 certum
548 765 635 828 sit
664 785 783 827 eos
827 762 1132 827 codicum
1162 760 1590 846 antiquorum
1621 761 2025 825 auctoritate
2051 761 2279 831 facere
2299 809 2315 828 .
2389 814 2392 817 -

118 867 204 930 his
232 864 432 929 simile
462 862 676 926 videri
705 868 936 946 potest
964 860 1228 924 cui’oui'
1255 859 1425 922 modi
1452 855 1581 942 pr'o
1626 880 1705 921 eo
1737 858 1925 943 quod
1957 869 2102 924 erat
2129 863 2318 924 0οἱαὲ-

118 966 249 1027 ouiu’
273 963 437 1026 modi
462 1010 480 1041 ,
518 959 883 1045 eidemque·
906 958 1151 1042 rationi
1193 957 1597 1021 convenient
1644 959 1772 1021 cuis
1801 959 1888 1022 eis
1918 958 2054 1021 huis
2080 959 2315 1022 mono·
2357 962 2360 966 ’

119 1061 353 1146 syllaba
384 1109 398 1122 .
434 1059 612 1122 huius
640 1069 709 1122 et
737 1061 865 1122 eius
895 1056 1230 1142 disyllaba
1268 1056 1498 1140 priore
1528 1064 1844 1139 correpta
1872 1057 2192 1143 attingam
2223 1057 2315 1123 ad

118 1159 327 1222 librum
361 1180 441 1221 111
459 1206 475 1233 ‚
492 1157 615 1220 374
633 1204 649 1232 ‚
675 1177 848 1241 quae
894 1163 1142 1221 sonant
1171 1163 1289 1218 aut
1315 1155 1467 1218 Imus
1496 1165 1599 1218 &us
1626 1155 1737 1218 illa
1765 1155 1990 1239 priore
2019 1154 2282 1219 ratione
2300 1206 2318 1231 ‚

123 1263 221 1320 aut
244 1257 373 1319 hu'is
403 1264 488 1319 e'is
517 1303 535 1334 ,
574 1266 772 1340 quem
813 1252 1173 1338 admodum
1202 1252 1409 1316 Italos
1440 1250 1641 1316 video
1673 1251 1922 1316 dixisse
1946 1255 2076 1339 9ἰοῖ
2106 1302 2125 1333 ,
2164 1255 2317 1318 Non

120 1365 284 1417 mente
322 1378 361 1416 a
399 1353 588 1440 quelli
629 1352 734 1415 che
770 1374 881 1415 son
920 1352 1055 1414 suoi
1085 1399 1104 1430 ,
1141 1351 1306 1415 Anzi
1351 1351 1398 1413 li
1440 1350 1600 1414 dona
1623 1352 1751 1437 yioi
1778 1350 2029 1435 (Poesie
2066 1353 2319 1416 italiam

121 1453 310 1515 inedita
335 1450 596 1514 raccolte
624 1450 706 1513 da
735 1448 1081 1513 Francesco
1120 1447 1382 1512 Trucchi
1396 1496 1415 1527 ,
1441 1448 1632 1512 Prato
1667 1447 1826 1512 1846
1844 1496 1859 1521 ,
1880 1449 2014 1512 vol.
2033 1472 2058 1511 1
2075 1449 2240 1534 p.³‚35
2258 1450 2281 1533 )
2300 1495 2317 1513 .

265 1547 1055 1621 158.P131zsr1c113n1us‚
1077 1568 1175 1609 UT
1203 1568 1426 1609 unns
1459 1566 1723 1620 QUEAT
1744 1593 1758 1608 .
1784 1543 2075 1631 Egregia
2098 1562 2336 1610 emen-‘

125 1644 361 1709 datione
402 1644 734 1709 Marullus
773 1645 844 1707 in
884 1643 1019 1706 hoc
1060 1664 1264 1707 versu
1308 1643 1583 1726 scripsit
1623 1665 1719 1706 Εἰ·
1761 1645 1921 1706 unde
1949 1692 1968 1723 ,
2006 1643 2318 1730 idemque

124 1764 356 1807 versum
388 1742 504 1807 155
550 1743 708 1805 huic
751 1742 1098 1807 subiunxit
1136 1788 1150 1804 .
1187 1741 1369 1804 huno
1409 1740 1791 1824 postaPium
1836 1763 2065 1805 omnes
2108 1744 2319 1808 secuti

127 1849 288 1916 sunt,
308 1840 610 1904 laudavit
637 1861 831 1903 nemo
850 1888 864 1903 .

267 1939 394 2002 159.
421 1937 609 2002 ΝΛΜ
654 1960 728 2001 s1
758 1961 855 2001 DE
901 1959 1099 2003 runo
1146 1960 1503 2001 summm·
1738 1939 1872 2003 160.
1916 1963 2151 2004 mnu,
2195 1965 2321 2005 sn-

128 2058 299 2098 mus
325 2059 635 2100 EGERET
665 2084 679 2097 .
718 2036 796 2098 In
824 2036 930 2099 his
959 2036 1267 2099 versibus
1290 2083 1306 2110 ‚
1339 2056 1512 2120 quos
1540 2034 1937 2100 Lactantius
1968 2036 2054 2100 de
2082 2039 2184 2102 ira
2212 2038 2321 2103 dei

132 2133 306 2208 10‚16
332 2140 573 2219 poetae
605 2133 810 2198 obicit
841 2181 857 2208 ‚
901 2133 1232 2218 oblongus
1273 2134 1347 2196 de
1386 2133 1575 2196 nihilo
1607 2139 1676 2194 et
1703 2132 1863 2196 nihil
1884 2182 1903 2213 ,
1945 2134 2320 2219 quadratus

131 2230 194 2292 de
227 2233 335 2295 nilo
373 2240 441 2296 et
478 2234 549 2294 ni
591 2233 684 2295 nil
722 2231 858 2316 (sic
885 2231 956 2293 in
983 2253 1047 2305 v,
1064 2229 1182 2294 871
1215 2231 1286 2293 ni
1312 2228 1424 2292 vel
1450 2232 1516 2292 in
1544 2251 1672 2314 pro
1702 2232 1797 2295 nil
1823 2231 1887 2316 ):
1933 2231 2019 2296 de
2049 2234 2320 2300 schedis

128 2325 239 2390 hoc
278 2336 526 2392 tantum
569 2336 879 2409 notatum
923 2338 1023 2395 est
1057 2377 1072 2403 ‚
1113 2330 1182 2392 in
1223 2350 1428 2392 versu
1482 2329 1696 2392 altero
1743 2352 1892 2394 esse
1934 2333 2158 2397 amihil
2191 2381 2206 2397 .
2251 2335 2322 2398 in
2405 2342 2411 2347 '

130 2445 299 2488 versu
336 2427 532 2491 huius
577 2426 726 2490 libri
776 2427 891 2491 185
933 2435 1222 2513 uterque
1250 2426 1632 2491 Vossianus
1660 2430 1715 2491 si
1741 2452 1774 2492 e
1799 2431 1926 2494 nilo
1942 2478 1960 2510 ,
1982 2431 2052 2493 in
2079 2428 2179 2506 Ἦ,
2198 2431 2323 2496 679

131 2530 380 2609 uterque
407 2527 531 2591 Nil
563 2573 577 2587 .
621 2526 996 2611 quadratus
1026 2528 1151 2590 nilo
1185 2548 1239 2600 1,
1264 2525 1382 2591 180
1411 2524 1536 2589 266
1567 2549 1649 2601 11,
1669 2526 1790 2591 287
1825 2552 1841 2604 3
1884 2530 2123 2612 quibus
2152 2529 2323 2596 locis

128 2622 427 2709 oblongus
456 2625 670 2688 habet
695 2625 887 2688 nihilo
919 2672 937 2703 ,
978 2631 1182 2709 atque
1222 2623 1357 2687 hoc
1401 2621 1606 2686 modo
1649 2625 1808 2688 nihil
1838 2626 2027 2690 nihilo
2065 2628 2325 2693 nihilum

135 2722 374 2797 ceteriS‚
393 2730 671 2808 praeter
702 2744 819 2785 eos
851 2743 1024 2807 quos
1056 2722 1227 2796 dixi,
1253 2722 1559 2787 omnibus
1587 2728 1874 2807 uterque
1904 2774 1919 2789 .
1953 2724 2039 2789 de
2067 2726 2175 2791 his
2202 2750 2324 2792 vo-

136 2818 354 2883 cabulis
394 2822 685 2905 primum
726 2820 860 2883 hoc
905 2819 1130 2884 dicere
1172 2841 1450 2904 possum
1486 2867 1502 2894 ‚
1550 2821 1951 2886 abstinuisse
1996 2825 2090 2888 eis
2133 2826 2202 2889 in
2247 2850 2327 2892 ea

138 2935 280 2998 quae
306 2917 392 2981 ad
419 2940 546 2982 nos
579 2918 888 3003 pervenit
917 2917 1281 2982 carminum
1308 2929 1507 3002 parte
1536 2918 1925 2985 Ciceronem
1944 2970 1960 2997 ,
1986 2922 2289 2989 Gratium
2307 2975 2324 3003 ,

137 3013 496 3098 scriptorem
527 3015 804 3090 Culicis,
830 3014 1258 3078 Columellam
1289 3063 1303 3077 .
1346 3014 1591 3080 deinde
1618 3018 1796 3082 inter
1827 3042 2056 3086 omnes
2084 3030 2325 3107 poetas

137 3129 304 3172 unum
331 3114 489 3176 novi
519 3113 636 3197 qui
663 3115 1181 3200 monosyllabon
1214 3115 1528 3200 ignorare
1554 3116 1868 3183 videatur
1899 3167 1915 3195 ‚
1946 3120 2325 3197 Manilium,
2410 3126 2430 3138 “

139 3206 234 3294 qui
256 3209 623 3274 terdeciens
655 3210 904 3275 dixerit
934 3211 1022 3275 ad
1049 3211 1232 3275 hunc
1259 3212 1534 3276 modum
1560 3260 1579 3289 ‚
1610 3216 1883 3305 Deficiat
1906 3219 2065 3282 nihil
2088 3230 2145 3283 et
2167 3268 2186 3299 ,
2220 3242 2325 3285 se-

138 3302 242 3365 mel
264 3305 352 3368 ita
368 3355 383 3382 ‚
407 3308 523 3371 Est
543 3310 797 3394 aequale
824 3310 982 3373 nihil
1007 3320 1272 3374 terrenos
1287 3358 1305 3389 ,
1326 3311 1399 3373 in
1424 3334 1513 3386 ιν,
1531 3312 1656 3376 416
1674 3361 1689 3376 .
1712 3313 1963 3380 Iliados
1992 3317 2327 3404 interpres

138 3407 328 3465 utrum
351 3405 631 3498 bibreve
658 3406 949 3471 voluerit
976 3429 1063 3470 an
1095 3408 1614 3495 monosyllabon
1652 3433 1790 3475 non
1830 3422 2100 3479 constat
2125 3453 2144 3492 -‚
2179 3440 2326 3484 cum

141 3498 451 3582 scripserit
479 3503 689 3567 semel
716 3503 838 3568 262
868 3552 883 3579 ‚
920 3527 1049 3570 nec
1077 3506 1345 3591 saepius
1375 3555 1391 3582 ‚
1428 3508 1585 3572 nihil
1609 3510 1888 3576 adiuvat.
1919 3516 2328 3600 monosylla-

138 3592 256 3657 bon
293 3607 660 3665 ceterorum
702 3603 928 3673 nullus
970 3604 1354 3690 repudiavit
1376 3654 1392 3681 ‚
1424 3627 1639 3691 eoque
1681 3630 1817 3671 uno
1862 3610 2329 3676 Germanicum

140 3711 303 3757 usum
324 3718 467 3761 esse
488 3706 745 3763 certum
760 3707 902 3792 gest,
918 3701 1160 3785 phaen.
1180 3701 1302 3765 665
1321 3702 1440 3766 681
1458 3750 1473 3777 ,
1490 3724 1729 3788 progn.
1746 3703 1814 3779 2,
1832 3706 1912 3771 55
1930 3753 1946 3780 ,
1969 3707 2199 3792 itaque
2222 3731 2328 3772 se·-
2381 3701 2384 3704 “

141 3790 249 3853 mel
287 3794 393 3877 qui
432 3796 770 3862 Moretum
815 3799 1088 3884 scripsit
1108 3798 1191 3862 64
1221 3848 1237 3875 ,
1289 3800 1492 3863 semel
1539 3801 1649 3885 qui
1693 3802 1894 3866 Diras
1937 3804 2018 3868 66
2048 3852 2064 3881 ,
2107 3827 2329 3892 nequo

141 3884 254 3950 ulla
288 3912 485 3957 causa
528 3903 632 3959 est
677 3917 797 3959 cur
825 3895 1148 3960 Lucilium
1177 3897 1563 3962 Lucretium
1601 3898 1907 3965 Persium
1950 3902 2330 3990 disyllabon

143 3988 437 4064 probasse
481 3992 779 4057 dicamus
813 4042 827 4056 .
873 4016 1020 4057 cum
1062 3994 1167 4058 his
1205 3994 1369 4059 facit
1400 3996 1567 4060 Ciris
1597 3997 1709 4063 261
1747 4000 1872 4064 404
1902 3999 2027 4065 234
2055 4003 2179 4069 338
2210 4052 2225 4079 ,
2265 4014 2334 4071 et

142 4076 543 4168 Priapeorum
572 4098 818 4175 poetae
849 4094 888 4157 3
918 4092 998 4155 32
1028 4093 1110 4157 70
1139 4093 1220 4157 34
1254 4142 1269 4169 ,
1314 4092 1585 4160 Tibullo
1630 4107 1915 4183 excepto
1951 4148 1967 4175 ‚
2014 4102 2126 4187 qui
2154 4104 2330 4168 binis

148 4177 392 4260 syllabis
419 4190 882 4271 pronuntiavit
908 4191 979 4254 in
1007 4191 1115 4265 83,
1137 4192 1213 4256 15
1244 4199 1312 4255 et
1342 4193 1423 4256 35
1462 4241 1477 4256 .
1525 4216 1560 4257 e
1593 4195 1853 4262 duabus
1885 4198 2160 4263 alteram
2194 4200 2330 4284 syl·
2450 4187 2470 4204 “

145 4270 336 4343 labam
368 4330 383 4357 ‚
426 4285 513 4348 ad
552 4283 1041 4352 similitudinem
1071 4291 1182 4354 hili
1213 4339 1231 4370 ,
1267 4289 1549 4357 Plautus
1581 4301 1648 4356 et
1679 4293 1960 4359 Ovidius
1988 4293 2330 4378 produxe-

145 4383 282 4438 runt
318 4425 330 4440 .
373 4382 541 4446 alter
567 4385 637 4448 in
664 4386 964 4451 Poenulo
997 4411 1072 4452 111
1088 4435 1104 4463 ‚
1122 4389 1190 4463 2,
1213 4389 1289 4453 10
1328 4388 1530 4467 Qua'm
1555 4403 1695 4455 srmt
1720 4392 1785 4455 hi
1811 4441 1825 4468 ‚
1856 4395 1963 4478 qui
1987 4393 2040 4454 si
2066 4391 2226 4455 nihil
2249 4406 2335 4458 est
