2840 5008
1179 409 1212 475 I

104 596 208 652 tuto
235 608 341 651 res
370 593 646 650 teneras
679 582 871 647 effert
896 582 966 644 in
992 582 1250 645 luminis
1282 603 1439 646 oras
1457 583 1489 643 Ρ

55 720 69 766 w
96 702 239 785 quod
265 700 436 765 side
467 698 607 762 nilo
637 698 909 773 fierent,
933 698 1149 761 subito
1182 703 1621 787 exorerentur

94 818 308 880 incerto
340 814 569 899 spatio
601 820 809 897 atque
839 812 1066 876 alienis
1095 812 1402 897 partibus
1433 810 1616 886 annj3

92 931 299 1016 quippe
326 929 441 992 ubi
471 927 657 991 nulla
684 926 910 991 forent
935 925 1300 1012 primordia
1318 975 1332 1001 ‚
1359 947 1531 1010 quae
1559 926 1829 1010 genitali

95 1044 330 1107 concilio
357 1049 647 1127 possent
677 1042 890 1104 arceri
920 1048 1219 1125 tempore
1246 1041 1475 1124 iniquo
1492 1090 1506 1104 .

95 1178 191 1220 ncc
213 1178 407 1241 porro
438 1154 769 1242 augendis
796 1156 1000 1245 rebus
1030 1155 1247 1241 spatio
1276 1154 1459 1219 foret
1485 1177 1649 1218 usus
1667 1203 1682 1228 ‚

55 1287 63 1331 s
95 1271 324 1333 seminis
354 1269 440 1333 ad
469 1270 722 1333 coitum
742 1318 757 1345 ‚
780 1270 835 1355 si
858 1291 902 1332 ‘e
932 1269 1067 1333 nilo
1099 1290 1404 1333 crescere
1436 1277 1749 1365 possent:

93 1406 219 1447 nam
243 1383 465 1447 fierent
491 1385 778 1448 iuvenes
810 1384 1031 1447 subito
1065 1404 1150 1447 ex
1175 1383 1524 1449 infantibu’
1549 1385 1774 1469 parvis
1789 1434 1805 1460 ‚

95 1519 121 1559 e
145 1506 428 1582 terraque
461 1508 704 1563 exorta
730 1506 1010 1584 repente
1040 1500 1317 1564 arbusta
1347 1499 1650 1563 salirent.

102 1633 334 1694 quorum
359 1613 453 1676 nil
478 1612 627 1676 fieri
655 1611 1075 1677 manifestum
1105 1620 1239 1685 est,
1265 1614 1485 1677 omnia
1513 1612 1785 1698 quando

103 1725 364 1808 paulatim
393 1733 715 1790 crescunt
733 1775 747 1801 ,
769 1734 846 1790 ut
871 1748 997 1811 par
1028 1735 1131 1791 est
1160 1728 1408 1791 semine
1439 1734 1623 1826 certo

55 1853 74 1898 ο
105 1859 351 1903 crescere
369 1890 383 1916 ,
403 1862 657 1926 resque
687 1861 899 1925 genus
931 1849 1239 1919 servant3
1261 1820 1339 1906 ut
1364 1862 1647 1906 noscere
1676 1845 1897 1928 possis

104 1954 338 2039 quicque
365 1977 485 2019 sua
515 1955 607 2019 de
633 1948 913 2019 materia
939 1936 1386 2041 grandescere
1416 1956 1663 2042 alique.

102 2065 203 2130 huc
229 2069 471 2133 accedit
498 2070 603 2133 uti
633 2071 778 2133 sine
808 2071 1009 2134 certis
1037 2070 1356 2136 imbribus
1387 2072 1542 2134 anni

102 2181 700 2268 lactificosnequeat
724 2184 903 2248 fetus
935 2185 1322 2249 submittere
1350 2186 1551 2249 tellus
1568 2235 1583 2260 ‚

104 2316 198 2358 nec
221 2319 412 2383 porro
442 2306 707 2362 secreta
737 2299 884 2398 cibo
914 2306 1158 2363 natura
1186 2299 1591 2364 animantum

56 2422 76 2465 5
107 2431 429 2496 propagare
456 2434 678 2498 genus
708 2414 926 2500 possit
952 2413 1290 2498 vitamque
1318 2416 1523 2493 tueri3

107 2530 163 2586 ut
186 2526 385 2609 potius
404 2530 632 2595 multis
664 2530 1036 2593 eommunia
1065 2550 1353 2613 corpora
1381 2531 1585 2594 rebus

111 2638 269 2702 multa
293 2649 476 2726 putes
510 2665 704 2718 esse,
728 2651 805 2708 ut
832 2645 1051 2709 verbis
1085 2645 1410 2708 elementa
1437 2642 1776 2751 videmus,

112 2771 266 2832 quam
290 2756 418 2820 sine
445 2758 799 2845 principiis
829 2758 1027 2821 ullam
1053 2758 1512 2865 rem-‚existere
1541 2748 1772 2867 posse.

66 2860 343 2953 denique
369 2894 484 2935 cur
512 2874 828 2937 homines
857 2879 1103 2936 tantos
1117 2842 1358 2936 natura
1386 2894 1628 2959 parare

56 2989 78 3036 ἰ)
108 2999 220 3041 non
241 2988 467 3066 potuit,
487 2986 787 3075 pedibus
820 2988 930 3071 qui
959 2993 1241 3072 pontum
1271 3010 1392 3074 per
1424 2988 1600 3051 vada
1630 2998 1911 3074 possent

112 3098 342 3162 transire
372 3110 436 3165 et
462 3123 752 3187 magnos
782 3103 1083 3165 manibus
1114 3099 1434 3176 divellere
1464 3104 1710 3170 montis

56 3243 61 3258 ›
109 3208 389 3296 multaque
417 3215 719 3281 vivendo
750 3216 977 3280 vitalia
1004 3216 1269 3280 vincere
1300 3218 1552 3293 saecla,

112 3320 152 3381 si
172 3343 314 3400 non,
334 3330 649 3394 materies
682 3329 838 3414 quia
864 3332 1068 3395 rebus
1096 3330 1368 3395 reddita
1397 3339 1652 3397 certast

55 3425 65 3532 i
107 3433 407 3519 gignundis
425 3492 439 3518 ‚
466 3464 678 3528 etqua
707 3453 972 3516 constat
1003 3444 1164 3529 quid
1194 3446 1414 3529 possit
1444 3433 1648 3510 oriri?

56 3555 76 3612 5
106 3548 174 3610 nil
194 3552 370 3637 igitur
396 3557 542 3620 fieri
575 3557 664 3621 de
693 3560 828 3622 nilo
858 3581 1062 3644 posse
1088 3558 1532 3635 fatendumst,

56 3657 61 3736 }
109 3665 304 3730 semine
334 3670 610 3753 quando
644 3694 816 3758 opus
847 3681 952 3737 est
979 3675 1180 3752 rebus
1199 3723 1213 3749 ‚
1239 3696 1372 3759 quo
1406 3696 1713 3759 quaeque
1745 3681 2005 3738 creatae

108 3778 237 3841 aeris
261 3781 324 3843 in
352 3791 627 3848 teneras
658 3788 920 3870 possint
947 3788 1309 3872 proferrier
1339 3810 1535 3852 auras
1554 3835 1567 3848 .

106 3900 395 3968 postremo
428 3900 749 3983 quoniam
774 3901 1040 3966 incultis
1069 3910 1417 3987 praestare
1448 3901 1750 3965 videmus

107 4003 243 4068 culta
268 4009 414 4074 loca
443 4019 513 4076 et
540 4013 847 4077 manibus
875 4016 1162 4082 melioris
1189 4016 1479 4080 reddere
1507 4015 1686 4080 fetus
1705 4065 1719 4089 ‚

55 4117 82 4165 ¹⁰
109 4132 219 4182 esse
245 4123 554 4191 videlicet
581 4127 654 4190 in
683 4129 878 4192 terris
906 4131 1268 4214 primordia
1296 4151 1546 4205 rerum,

113 4365 181 4415 190
212 4366 631 4443 Crescentesque
670 4372 690 4440 Η
729 4378 822 4426 207
859 4385 1079 4443 possent
