2840 5008
454 336 500 402 8
1394 358 1750 406 nscnnsm·

451 508 729 575 librario
760 557 776 585 ,
819 509 949 574 nisi
992 510 1253 595 species
1284 508 1491 586 fallit,
1538 511 1877 576 Germano
1904 559 1920 586 ‚
1964 511 2237 577 schedis
2265 534 2546 578 numero
2577 514 2670 579 69
2691 563 2713 590 ,

452 609 716 694 paginis
733 608 1071 694 bipertitis
1087 608 1185 671 ita
1202 617 1280 672 ut
1294 610 1364 672 in
1381 609 1660 696 singulis
1676 609 2021 674 laterculis
2039 610 2174 675 sint
2184 633 2425 676 versus
2438 635 2673 676 xxvnr
2692 636 2714 676 .’

452 706 653 770 huius
696 731 733 771 c
755 729 794 771 o
818 731 859 771 R
878 731 920 771 R
936 731 975 770 E
995 730 1030 771 c
1051 731 1090 770 'r
1111 729 1151 771 o
1171 731 1213 771 R
1231 730 1270 770 E
1291 731 1324 771 s
1375 707 1650 774 fuerunt
1695 708 2075 793 complures
2100 757 2115 785 ‚
2160 730 2393 774 omnes
2440 710 2713 775 saeculi

458 806 671 890 quinti
693 805 932 870 decimi
951 831 966 883 3
1000 827 1284 891 quorum
1306 814 1536 871 tamen
1557 807 1778 881 nullus
1803 807 1936 870 alio
1961 808 2329 891 exemplari
2348 830 2517 873 usus
2545 830 2708 872 esse

453 902 724 967 videtur
754 952 770 979 ‚
809 905 940 969 nisi
981 904 1167 989 quod
1207 928 1381 969 unus
1429 907 1673 971 ceteris
1716 907 2057 970 recentior
2082 905 2246 990 post
2274 907 2433 972 libri
2476 908 2709 992 quinti

453 998 720 1065 versum
743 1001 865 1065 927
888 1002 1060 1066 haec
1083 1002 1449 1087 adscripsit
1464 1050 1480 1077 ‚
1502 998 1799 1067 ‘Desunt
1818 1025 2055 1067 versus
2079 1003 2159 1067 62
2179 1053 2195 1068 .
2216 1004 2368 1068 Nisi
2391 1007 2664 1069 traiecti
2689 1055 2705 1068 .

456 1097 594 1163 Sed
628 1098 841 1164 habes
863 1100 1026 1163 folio
1048 1099 1417 1184 penultimo
1434 1100 1479 1177 ’3
1514 1101 1630 1184 qui
1649 1121 1734 1162 ne
1763 1099 2006 1163 falsum
2038 1101 2310 1185 quidem
2339 1124 2706 1167 numerum

456 1197 653 1281 (sunt
681 1197 854 1260 enim
880 1218 1121 1261 versus
1149 1197 1284 1280 Lu)
1317 1195 1543 1260 dicere
1573 1198 1799 1281 potuit
1828 1198 1972 1262 sine
1998 1197 2126 1261 alio
2149 1198 2326 1263 libro
2349 1250 2362 1263 .
2396 1208 2707 1264 ceterum

453 1294 638 1358 hunc
679 1295 965 1359 eundem
999 1294 1244 1361 librum
1276 1294 1683 1379 quadratum
1712 1342 1729 1369 ‚
1773 1302 1930 1359 ante
1973 1317 2172 1381 quam
2203 1295 2551 1362 Gerhardi
2588 1299 2708 1362 Io-

455 1394 702 1458 hannis
730 1393 962 1458 Vossii
1001 1395 1196 1457 fieret
1225 1441 1240 1470 ,
1288 1414 1324 1456 e
1369 1394 1700 1457 coenobio
1724 1391 1984 1458 'Sancti
2020 1394 2313 1471 Bertini,
2357 1395 2549 1480 quod
2585 1404 2711 1460 est

457 1513 675 1577 prope
697 1488 1019 1576 oppidum
1051 1492 1284 1557 Sancti
1308 1490 1678 1555 Audomari
1695 1539 1712 1566 ‚
1733 1492 2071 1557 Lutetiam
2100 1493 2376 1557 missum
2399 1492 2709 1557 Hadria-

459 1613 586 1653 nus
611 1590 971 1656 Turnebus
1003 1613 1219 1676 usque
1249 1591 1338 1653 ad
1366 1590 1611 1655 librum
1635 1599 1899 1654 sextum
1924 1591 2089 1654 satis
2108 1640 2123 1666 ‚
2154 1598 2230 1654 ut
2249 1591 2528 1656 videtur
2546 1639 2562 1666 ‚
2595 1591 2712 1655 di-

460 1689 745 1775 ligenter
776 1690 1072 1754 excussit
1104 1698 1172 1753 et
1203 1697 1528 1773 excerpta
1565 1711 1686 1753 sua
1714 1689 2043 1776 Dionysio
2075 1690 2405 1754 Lambino
2438 1691 2712 1756 utenda.

462 1788 829 1852 concessit.
856 1788 1133 1852 alterius
1160 1788 1413 1853 codicis
1439 1811 1471 1851 s
1492 1811 1527 1852 c
1546 1811 1592 1850 Η
1611 1811 1649 1850 Ε
1669 1811 1711 1850 n
1730 1809 1775 1849 A
1792 1811 1831 1850 E
1856 1795 2012 1851 octo
2032 1787 2338 1852 Hauniae
2355 1789 2428 1851 iu
2443 1790 2706 1855 biblio-
2740 1796 2744 1799 “

462 1887 664 1951 theca
703 1888 891 1973 regia
934 1887 1387 1952 adservantur
1415 1936 1431 1962 ‚
1479 1886 1712 1951 decem
1742 1885 2196 1952 Vindobonae
2225 1887 2294 1949 in
2326 1886 2668 1953 Caesarea
2690 1914 2712 1953 .-

461 1985 886 2050 Haunienses
910 1985 1064 2050 olim
1081 2008 1271 2066 ‚tcum
1292 1984 1639 2071 Gottorpii
1660 1993 1892 2049 essent
1908 2032 1923 2061 ,
1946 1985 2407 2070 Marquardus
2428 1984 2709 2052 Gudius

404 2157 417 2169 π
464 2086 794 2159 excussit,
827 2085 1015 2148 cuius
1043 2106 1246 2148 manu
1275 2084 1476 2148 factis
1508 2083 1850 2168 excerptis
1869 2131 1884 2158 ‚
1918 2105 2088 2168 quae
2118 2083 2281 2146 mihi
2313 2086 2358 2147 e*
2384 2081 2707 2149 Guelfer-

461 2184 720 2270 bytana
746 2183 1161 2248 bibliotheca
1193 2182 1478 2247 Carolus
1509 2181 2067 2246 Schonemannus
2102 2182 2505 2246 amicissime
2536 2205 2705 2247 con-

465 2288 799 2357 cesserat,
828 2282 925 2344 uti
955 2280 1172 2355 nolui,
1200 2287 1567 2365 postquam
1596 2279 1955 2342 Madvicus
1994 2301 2102 2342 me
2136 2279 2371 2342 docuit
2402 2301 2477 2343 se
2508 2281 2706 2365 ipsas

465 2380 756 2465 schedas
774 2379 1111 2454 Hauniae,
1135 2401 1281 2443 cum
1307 2378 1424 2442 diu
1447 2378 1835 2453 latuissent,
1865 2377 2275 2462 repperisse.
2297 2377 2506 2462 paulo
2537 2388 2709 2463 post

441 2476 1098 2543 .R.I.F.Henrichsen
1115 2526 1131 2554 ‚
1156 2497 1328 2562 quae
1345 2471 1461 2540 ‘de
1483 2475 1860 2563 fragmento
1882 2474 2668 2561 Gottorpiensi·Lucretii
2689 2478 2706 2500 ’

468 2586 780 2643 accurate
804 2578 1062 2662 scripta
1085 2575 1404 2640 Othiniae
1423 2622 1439 2649 ‚
1476 2574 1662 2660 quod
1684 2574 1960 2639 Fioniae
1991 2575 2315 2661 oppidum
2340 2583 2447 2638 est
2464 2624 2482 2651 ‚
2518 2597 2705 2639 anno

473 2675 631 2737 1846
654 2676 867 2740 edidit
885 2725 900 2754 ,
921 2676 1084 2740 mihi
1104 2673 1581 2738 humanissime
1610 2674 1791 2736 misit
1810 2722 1823 2735 .
1849 2671 2477 2737 Vindobonensium
2501 2673 2705 2737 sche-

470 2763 705 2834 darum
745 2775 861 2837 vix
898 2795 1184 2858 usquam
1223 2774 1295 2835 in
1338 2772 1444 2835 his
1492 2771 1985 2846 commentariis
2028 2771 2434 2846 mentionem
2468 2770 2705 2836 facere

466 2868 682 2944 volui,
729 2873 1030 2954 quamvis
1062 2893 1288 2935 earum
1319 2876 1643 2954 excerpta
1669 2869 1994 2934 haberem
2024 2871 2108 2934 ab
2139 2868 2441 2933 Henrico
2471 2870 2700 2934 Keilio

469 2968 652 3030 facta
669 3014 684 3041 ‚
710 2967 832 3040 sed
852 2969 1238 3032 rudiuscule
1264 2978 1331 3033 et
1350 3017 1367 3044 ‚
1399 2975 1478 3030 ut
1498 2968 1645 3052 ipse
1669 2966 1942 3032 dicebat
1958 3015 1974 3043 ‚
2014 2990 2161 3032 cum
2192 2968 2262 3031 in
2285 2975 2434 3032 arte
2456 2990 2702 3053 parum

471 3059 880 3129 exercitatus
926 3075 1137 3130 esset.
1181 3088 1401 3151 neque
1445 3065 1686 3129 harum
1730 3065 2134 3130 schedarum
2176 3067 2318 3130 sive
2347 3066 2700 3131 Haunien—

472 3165 640 3227 sium
671 3165 812 3227 sive
847 3163 1469 3229 Vindobonensium
1499 3165 1636 3228 ulla
1664 3165 1944 3252 propria
1983 3164 2355 3228 auctoritas
2388 3173 2527 3241 est,
2567 3165 2701 3228 nisi

473 3284 621 3325 cum
650 3260 1009 3346 aliquando
1043 3284 1192 3324 cum
1215 3263 1508 3349 oblongo
1535 3264 1999 3327 consentiunt:
2027 3263 2352 3349 pleraque
2384 3265 2558 3328 enim
2583 3263 2697 3327 vel

471 3360 739 3423 minima
768 3382 915 3424 cum
948 3358 1281 3445 quadrato
1310 3362 1407 3423 ita
1434 3361 1690 3426 habent
1721 3362 2093 3426 communia
2120 3408 2137 3437 ‚
2177 3368 2253 3423 ut
2293 3361 2700 3446 quadratum

471 3460 674 3523 nimia
702 3457 836 3522 fide
863 3505 879 3532 ‚
919 3457 1325 3520 schedarum
1364 3466 1586 3522 autem
1624 3459 1938 3525 librarios
1968 3507 1983 3535 ‚
2027 3462 2197 3545 ques
2229 3460 2458 3545 plures
2487 3460 2700 3525 fuisse

474 3564 796 3622 testatum
826 3557 1152 3621 habemus
1170 3604 1186 3631 ‚
1217 3555 1482 3619 summa¹
1502 3557 1925 3642 neglegentia
1945 3563 2552 3645 peccasse‘certum
2576 3559 2667 3622 sit
2684 3607 2699 3623 .

475 3666 630 3722 octo
659 3656 1165 3721 Hauniensibus
1211 3653 1610 3719 continetur
1642 3654 2138 3721 liber‘Lucretii
2180 3657 2434 3741 primus
2480 3664 2551 3720 et
2595 3678 2701 3720 se-

475 3755 676 3819 cundi
718 3778 956 3819 versus
1000 3754 1123 3817 456
1156 3801 1172 3829 ,
1233 3753 1495 3816 omissis
1556 3760 1784 3816 tamen
1838 3753 1943 3817 bis
1989 3755 2479 3840 quinquagenis
2522 3755 2703 3820 binis

476 3854 531 3935 (1
552 3900 567 3926 ‚
599 3853 948 3917 734—785
990 3876 1038 3915 11
1058 3899 1073 3926 ‚
1104 3852 1314 3916 253—
1334 3851 1496 3934 304)
1527 3898 1542 3925 ‚
1584 3859 1660 3914 ut
1704 3872 1911 3935 supra
1952 3850 2093 3914 dixi
2123 3899 2139 3926 ‚
2182 3860 2250 3916 et
2276 3848 2552 3937 praeter
2585 3874 2704 3917 eos

474 3951 691 4015 tribus
738 3958 805 4013 et
844 3951 1081 4035 viginti
1134 3951 1192 4033 (1
1211 3996 1226 4022 ‚
1272 3948 1387 4011 123
1429 3948 1553 4012 890
1596 3947 1712 4012 891
1768 3947 1925 4012 1023
1973 3948 2218 4029 1068—
2240 3949 2397 4013 1075
2449 3950 2704 4014 1094-

480 4046 635 4112 1101
666 4071 715 4110 11
731 4094 747 4121 ‚
771 4046 1169 4131 310—312):
1192 4047 1423 4110 insunt
1441 4096 1455 4123 ‚
1476 4045 1920 4131 capitulorum
1939 4046 2153 4109 titulis
2171 4049 2675 4125 connumeratis
2691 4097 2705 4122 ‚

475 4167 714 4211 versus
747 4144 1115 4229 conscripti
1144 4193 1159 4219 ‚
1200 4145 1332 4207 nisi
1370 4144 1573 4222 fallor
1603 4193 1619 4220 ,
1667 4144 1825 4209 1489
1858 4193 1871 4208 .
1921 4144 2006 4208 de
2036 4143 2143 4207 his
2172 4145 2708 4210 Henrichsenius

476 4245 645 4309 haec
677 4236 873 4319 dicit,
892 4237 1156 4307 ‘Codex
1182 4241 1687 4327 Gottorpiensis
1713 4250 1819 4307 est
1838 4245 2388 4308 membranaceus
2411 4243 2556 4307 folii
2587 4245 2707 4309 mi-

477 4345 662 4407 noris
786 4355 787 4358 ’
871 4340 1066 4405 ‘binis
1100 4340 1424 4405 columnis
1444 4342 1540 4406 ita
1572 4350 1887 4407 exaratus
1906 4369 1934 4418 ‚·
1952 4347 2027 4405 ut
2051 4340 2349 4430 singulae
2372 4341 2517 4405 fere
2543 4363 2710 4426 qua-
