2840 5008
482 360 620 427 392
910 451 920 463 ³
1537 365 1635 434 v1

477 558 513 597 r
531 559 553 598 1
572 558 612 597 r
656 536 807 598 divis
853 559 895 598 Μ
913 559 956 599 A
975 560 1009 601 c
1025 560 1121 600 TA
1137 562 1178 601 τ
1196 562 1232 602 u
1250 542 1263 565 ’
1304 552 1577 626 repente,
1616 540 1688 604 id
1719 547 1825 604 est
1854 542 2274 606 victimarum
2301 545 2663 610 immolatio
2681 596 2695 621 ‚

478 643 553 696 ut
579 633 649 697 in
679 634 852 699 libro
884 637 1099 721 primo
1132 636 1350 702 Hostia
1378 640 1719 703 concideret
1742 651 2007 704 mactatu
2035 654 2266 705 maesta
2281 649 2559 727 parentis
2579 695 2593 709 .

642 733 782 797 761.
825 732 939 797 Er
985 757 1278 811 omnus
1321 759 1359 798 E
1405 759 1661 800 rlANT
1708 760 1993 802 CAusls
2044 762 2365 805 APPAnE
2412 765 2693 807 omoo.

480 829 915 896 Correetores
946 840 1214 901 veteres
1243 857 1559 898 Aream:
1577 859 1655 899 Τ.
1702 836 1827 900 sed
1854 837 2023 899 mira
2053 845 2157 901 est
2187 863 2220 901 e
2249 842 2694 924 praepositio-

475 929 581 993 nis
612 931 954 1005 traiecti03
986 952 1120 1015 qua
1150 939 1419 1016 poetam
1450 954 1569 997 eur
1600 954 1793 997 usum
1825 955 1975 998 esse
2006 934 2223 998 dicam
2253 938 2521 1012 nesei0‚
2550 961 2694 1002 eum

478 1037 714 1113 posset
755 1029 1146 1113 simpliciter
1185 1032 1481 1095 scribere
1524 1030 1614 1096 Et
1653 1033 1868 1117 quibus
1897 1056 1929 1095 e
1958 1036 2158 1096 causis
2181 1035 2389 1122 fiant,
2434 1037 2614 1099 utin
2639 1059 2700 1110 v,

478 1126 600 1189 702
632 1128 921 1192 Pluribus
948 1152 980 1191 e
1009 1130 1207 1192 causis
1216 1131 1370 1218 fieri
1387 1177 1400 1191 .
1435 1139 1553 1193 aut
1579 1130 1712 1194 hoo
1740 1131 1944 1215 igitur
1964 1178 1977 1204 ‚
2011 1130 2197 1215 quod
2219 1133 2556 1198 Marullus
2584 1156 2696 1197 vo-

476 1225 635 1299 luit,
677 1247 826 1290 eum
857 1226 1128 1291 dedisse
1158 1235 1325 1310 puto
1357 1275 1372 1301 ‚
1417 1234 1537 1290 aut
1563 1228 1794 1312 potius
1823 1230 2041 1314 quibus
2080 1252 2438 1294 mer-muer
2471 1234 2701 1296 causis.

476 1325 544 1387 in
577 1325 747 1390 libro
779 1327 1056 1402 111,1055
1100 1327 1168 1390 E
1193 1328 1406 1413 quibus
1434 1328 1504 1389 id
1524 1328 1652 1415 fiat
1691 1330 1890 1391 causis
1916 1375 1930 1388 .
1980 1327 2150 1391 dixit
2191 1328 2392 1416 effieri
2418 1329 2703 1393 Plautus

476 1422 546 1485 in
573 1423 787 1489 Persa
815 1448 877 1503 v,
902 1426 951 1499 l,
970 1426 1010 1487 9
1028 1473 1043 1499 ,
1087 1426 1337 1514 confieri
1366 1424 1913 1489 veroLucretius
1943 1446 2148 1510 saepe
2176 1474 2193 1502 ‚
2236 1425 2582 1512 iidemque
2612 1430 2703 1490 in-

479 1523 705 1611 terfieri
736 1531 805 1586 et
832 1522 1126 1610 interfiat,
1159 1532 1227 1586 et
1257 1522 1367 1585 hic
1394 1522 1466 1585 in
1495 1522 1733 1598 111,332
1764 1517 2056 1587 fortasse
2088 1524 2303 1613 efflant
2322 1574 2336 1587 .

645 1620 1066 1683 wallum
1091 1643 1188 1682 NE
1214 1642 1508 1684 rorms
1540 1644 1730 1686 oncl
1753 1644 2261 1686 nemonmus
2284 1646 2474 1687 Esse
2502 1623 2702 1688 CRE-

478 1740 781 1781 DATUR.
825 1718 1161 1801 Antiquus
1207 1726 1558 1783 corrector
1587 1720 1862 1804 oblongi
1893 1722 2089 1805 petie,
2134 1721 2366 1805 itaque
2397 1722 2558 1785 olim
2588 1723 2702 1786 im-

480 1817 698 1900 pressi
721 1865 734 1879 .
767 1816 891 1880 sed
920 1816 1051 1879 alio
1084 1815 1286 1879 modo
1319 1816 1707 1881 adiuvanda
1739 1824 1844 1880 est
1873 1818 2213 1902 scriptura
2239 1821 2431 1883 vocis
2451 1869 2467 1895 ‚
2497 1820 2577 1884 ut
2607 1820 2698 1884 di-

477 1936 704 1979 eamus
747 1915 1094 1992 Pu1-121s3
1140 1915 1325 2000 quod
1358 1915 1720 1980 Turnebus
1760 1938 2030 2000 quoque
2059 1916 2232 1980 vidit
2253 1964 2269 1991 ‚
2316 1920 2434 2001 qui
2477 1927 2696 1982 tamen

476 2014 642 2077 mire
662 2015 1152 2099 interpretatur
1177 2015 1248 2078 in
1271 2014 1681 2079 adversariis
1712 2038 1877 2089 xxn,
1904 2015 1978 2078 19
2003 2015 2089 2078 de
2109 2016 2315 2079 ianua
2336 2025 2695 2103 puteorum

482 2112 643 2182 Orci
673 2162 686 2175 .
727 2114 924 2177 immo
976 2114 1174 2177 Paleis
1215 2114 1602 2199 reqionibue5
1643 2113 1716 2177 id
1747 2121 1852 2177 est
1879 2112 2273 2178 Puteolanis
2318 2116 2595 2198 (Poteoli
2633 2119 2697 2180 in

477 2214 926 2297 grammaticis
956 2211 1604 2277 Vindobonensibus
1647 2234 1711 2295 p.
1737 2211 1888 2296 101)
1913 2235 1926 2273 ε
1986 2233 2137 2273 nam
2180 2212 2403 2275 laeum
2447 2215 2699 2278 Averni

482 2310 724 2376 Cumas
746 2313 921 2376 inter
951 2319 1019 2376 et
1040 2310 1365 2376 Puteolos
1398 2331 1549 2374 esse
1580 2317 1851 2375 constat
1881 2359 1893 2372 .
1935 2310 2003 2373 in
2031 2331 2107 2373 re
2131 2320 2320 2374 certa
2350 2320 2418 2375 et
2442 2315 2700 2397 perspi·

480 2432 606 2474 cua
637 2411 723 2475 de
745 2411 860 2475 illa
877 2410 1161 2487 mirabili
1187 2409 1503 2473 adiectivi
1525 2408 1743 2473 forma
1767 2408 2214 2473 dubitandum
2236 2431 2375 2472 non
2400 2420 2506 2474 est
2524 2461 2539 2486 ‚
2567 2434 2697 2497 qua

475 2533 698 2595 neque
726 2512 1022 2576 Lucilius
1051 2533 1214 2574 usus
1247 2516 1396 2573 erat
1417 2557 1432 2583 ‚
1466 2530 1613 2572 eum
1647 2510 1977 2573 scriberet
2005 2509 2074 2570 in
2103 2510 2465 2573 satirarum
2495 2513 2694 2575 tertio

478 2612 631 2674 Inde
674 2610 1152 2675 Dicaearchium
1198 2610 1464 2694 populos
1508 2610 1851 2694 Delumque
1890 2609 2187 2672 minorem
2206 2657 2224 2688 ,
2284 2630 2507 2693 neque
2552 2632 2694 2674 eam

475 2715 639 2792 post
666 2709 1052 2772 Lucretium
1082 2707 1250 2770 alius
1278 2712 1487 2791 poeta
1525 2705 1944 2790 periclitatus
1977 2713 2082 2768 est
2104 2754 2117 2767 .
2166 2704 2570 2771 dicebantur
2598 2715 2696 2771 ta-

476 2826 628 2869 men
643 2810 820 2890 putei
842 2814 910 2870 et
928 2818 1117 2892 putea
1147 2828 1393 2891 genere
1417 2806 1767 2890 ambiguo3
1801 2826 1936 2889 quo
1966 2804 2105 2868 fieri
2137 2806 2365 2889 potuit
2385 2815 2463 2869 ut
2491 2807 2694 2890 paulo

476 2904 694 2967 minor
737 2914 919 2980 esset
960 2906 1029 2967 in
1068 2907 1271 2989 puteis
1310 2906 1654 2988 reqionibus
1676 2953 1691 2979 ‚
1748 2904 1941 2987 quasi
1984 2904 2291 2987 puteosis
2315 2952 2333 2979 ‚
2379 2904 2660 2967 offensio
2680 2954 2694 2967 .

476 2993 718 3067 horum
761 3002 1247 3068 vocabulorum
1288 3003 1538 3067 rationi
1578 3002 1904 3065 simillima
1946 3009 2104 3064 sunt
2148 3004 2394 3087 clupeus
2420 3006 2694 3088 clupeum

488 3105 714 3188 Clupea
737 3103 981 3167 eivitas
1000 3150 1015 3176 ‚
1045 3122 1267 3186 neque
1292 3101 1510 3164 aliena
1539 3100 1709 3164 haec
1732 3100 2003 3163 nomina
2025 3101 2454 3163 substantiva
2475 3110 2697 3189 terge·
2769 3127 2778 3138 ’

478 3202 688 3274 mina,
719 3224 983 3264 araneus
1011 3224 1247 3263 aranea
1275 3208 1572 3263 araneum
1591 3248 1606 3273 ‚
1639 3200 1851 3270 acinus
1879 3199 2062 3261 acina
2090 3200 2339 3261 acinum
2351 3224 2377 3281 ,·
2409 3219 2585 3283 quae
2610 3203 2692 3265 ab

479 3297 833 3368 adiectivis
864 3296 1195 3360 translata
1219 3304 1367 3359 esse
1397 3295 1598 3360 fidem
1620 3296 1878 3359 faciunt
1907 3317 2046 3358 non
2066 3296 2250 3359 nulla
2278 3298 2533 3380 pariter
2557 3321 2696 3362 mu-

477 3395 709 3460 tabilia
727 3442 741 3468 ‚
775 3415 947 3478 quae
971 3393 1203 3457 eadem
1228 3393 1566 3458 adieetiva
1588 3406 1745 3458 sunt
1762 3442 1777 3468 ‚
1808 3401 1886 3457 ut
1913 3397 2157 3458 nuntius
2178 3398 2491 3475 nuntium,
2521 3421 2692 3461 mun-

478 3498 591 3559 dus
618 3494 912 3556 ‘mundum
927 3541 945 3572 ,
988 3493 1215 3555 cubitus
1244 3493 1510 3555 cubitum
1525 3542 1542 3571 ‚
1590 3517 1805 3556 arvum
1834 3518 1985 3557 arva
2001 3542 2018 3573 ,
2051 3495 2237 3558 clivus
2268 3496 2489 3558 clivum
2503 3545 2519 3573 ‚
2551 3521 2690 3560 ean-

477 3597 664 3659 tieum
693 3593 998 3670 cautiqula
1014 3641 1031 3672 ,
1052 3593 1353 3677 posticum
1372 3594 1613 3677 postica
1626 3642 1645 3672 ,
1677 3593 1920 3677 lupinus
1947 3594 2223 3677 lupinum
2241 3641 2259 3672 ‚
2290 3595 2576 3658 labrusca
2604 3596 2689 3658 la·

478 3695 759 3757 bruscum
781 3742 797 3772 ‚
842 3693 1000 3755 item
1015 3691 1436 3778 forusforum
1468 3713 1617 3754 eum
1649 3690 1988 3754 adieetivo
2002 3691 2187 3777 foras
2206 3740 2219 3754 .
2254 3691 2547 3755 eiusdem
2575 3713 2689 3776 ge-

477 3793 656 3855 neris
681 3792 812 3854 alia
834 3791 1165 3876 permulta
1187 3797 1346 3853 sunt
1363 3837 1378 3864 ,
1412 3811 1585 3874 quae
1610 3789 1945 3854 adieetive
1977 3789 2108 3852 dici
2132 3789 2289 3858 olim
2321 3790 2657 3855 desierunt
2676 3839 2691 3861 ,

463 3890 695 3979 fluvius
704 3889 907 3977 fluvia
936 3939 953 3969 ,
1001 3891 1227 3954 labium
1258 3890 1434 3953 labea
1461 3938 1478 3967 ‚
1520 3891 1732 3986 apium
1762 3890 1939 3973 apin-9
1968 3937 1985 3966 ,
2029 3890 2263 3951 corium
2297 3891 2496 3953 corius
2512 3879 2538 3967 ,’
2555 3912 2692 3951 ner-

477 3989 613 4051 viae
640 3989 849 4051 nervia
873 4036 887 4061 ‚
929 4001 1157 4053 ostreae
1187 3999 1382 4051 ostrea
1399 4037 1416 4065 ,
1447 3988 1732 4051 horreum
1760 3987 1983 4052 horrea
1998 4035 2015 4064 ,
2048 4010 2257 4049 caseus
2288 4010 2527 4052 caseum
2543 3988 2691 4065 sba-

479 4088 704 4150 lineum
731 4086 1004 4150 balineae
1020 4135 1037 4165 ,
1069 4088 1295 4151 latrina
1324 4088 1617 4149 latrinam
1638 4134 1650 4148 .

646 4185 785 4248 764.
820 4207 1170 4248 INFERNA
1192 4185 1599 4248 ..Lambinus
1633 4207 2024 4247 INFERNE.

644 4283 785 4346 767.
818 4305 857 4344 A
889 4305 1128 4345 VERE.
1161 4283 1310 4346 Itali
1343 4290 1412 4346 et
1440 4283 1746 4367 impressi
1778 4307 1818 4345 a
1849 4304 2053 4344 VERA
2076 4330 2089 4344 .

650 4381 786 4446 768.
813 4403 977 4443 ΝΛΜ
1002 4404 1095 4443 DE
1122 4404 1212 4443 RE
1247 4405 1457 4445 NUNC
1493 4403 1676 4445 11>SA
1708 4403 1999 4445 DICERE
2036 4402 2335 4448 conon.
2363 4382 2698 4451 Derenon
