2840 5008
524 387 661 456 130
690 329 695 332 ι
1583 388 1709 456 1111

371 576 467 623 455
513 568 653 624 tum
680 559 956 644 vigilare
986 567 1210 623 tamen
1239 561 1437 624 nobis
1469 569 1535 625 et
1563 563 1859 626 membra
1889 583 2154 626 movere
2231 625 2232 628 ,

515 681 752 737 nostra
779 672 1081 738 videmur
1099 723 1114 748 ‚
1140 683 1206 739 et
1233 675 1300 738 in
1329 675 1550 739 noctis
1582 676 1859 759 caligine
1891 697 2092 739 caeca

515 809 787 851 cernere
819 810 1164 851 censemus
1194 789 1404 852 solem
1432 789 1786 874 lumenque
1817 789 2157 866 diurnum,

516 902 966 985 conclusoque
995 902 1145 966 loco
1177 903 1430 966 caelum
1457 924 1640 967 mare
1668 902 1938 967 flumina
1967 906 2211 968 montis

511 1024 766 1080 mutare
798 1024 866 1079 et
895 1038 1163 1101 campos
1193 1016 1480 1101 pedibus
1509 1019 1791 1100 transire
1822 1017 2121 1081 videmur
2142 1069 2156 1092 ‚

367 1145 464 1192 460
511 1138 578 1194 et
607 1131 865 1194 sonitus
896 1129 1125 1193 audire
1145 1179 1160 1205 ,
1185 1152 1419 1194 severa
1450 1131 1710 1194 silentia
1738 1132 1956 1194 noctis

507 1243 806 1330 undique
836 1264 983 1306 cum
1014 1252 1327 1308 constent
1345 1293 1360 1319 ‚
1384 1253 1451 1307 et
1479 1243 1766 1307 reddere
1797 1244 1980 1309 dicta
2008 1255 2309 1309 tacentes
2326 1296 2339 1309 .

510 1366 733 1422 cetera
764 1356 848 1419 de
878 1378 1123 1442 genere
1150 1359 1282 1421 hoc
1313 1358 1563 1420 miracli
1594 1359 1801 1422 multa
1829 1358 2163 1433 videmuS‚

510 1493 680 1556 quae
712 1472 963 1535 violare
991 1470 1188 1534 fidem
1221 1473 1412 1556 quasi
1446 1472 1752 1536 sensibus
1784 1474 2003 1535 omnia
2035 1487 2395 1556 quaerunt,

509 1607 594 1648 ne
628 1586 938 1670 quiquam
960 1633 975 1660 ‚
1001 1586 1309 1670 quoniam
1341 1606 1502 1669 pars
1530 1585 1768 1648 horum
1800 1586 2081 1650 maxima
2106 1584 2279 1650 fallit

361 1714 458 1761 465
502 1706 783 1786 propter
814 1700 1121 1784 opinatus
1152 1700 1381 1770 animi,
1407 1720 1581 1783 quos
1612 1698 1918 1762 addimus
1947 1699 2104 1784 ipsi,

503 1835 629 1898 pro
659 1813 819 1876 visis
850 1822 923 1876 ut
951 1814 1086 1877 sint
1117 1835 1288 1898 quae
1317 1835 1457 1876 non
1486 1820 1643 1876 sunt
1672 1813 1958 1876 sensibu’
1987 1814 2159 1876 visa:

434 1931 446 1941 '
500 1948 653 1990 nam
682 1927 773 1989 nil
804 1928 1066 2012 aegrius
1098 1937 1202 1991 est
1232 1950 1432 2012 quam
1459 1942 1571 1990 res
1602 1947 1951 1989 secernere
1983 1938 2250 2012 apertas

504 2031 587 2106 ab
620 2040 837 2105 dubiis
857 2091 872 2117 ‚
897 2042 1151 2105 animus
1185 2062 1351 2126 quas
1381 2042 1466 2105 ab
1498 2061 1570 2104 se
1598 2040 1909 2125 protinus
1940 2040 2154 2104 addit.

583 2156 890 2240 Denique
921 2157 1014 2219 nil
1043 2156 1195 2219 sciri
1226 2156 1435 2240 siquis
1465 2162 1693 2240 putat,
1713 2153 1786 2216 id
1817 2175 2086 2239 quoque
2116 2155 2330 2217 nescit

356 2287 452 2333 470
496 2292 582 2334 an
611 2270 765 2333 sciri
793 2271 1009 2354 possit
1027 2319 1042 2344 ‚
1067 2270 1376 2354 quoniam
1405 2269 1497 2332 nil
1529 2270 1699 2331 scire
1728 2268 2004 2331 fatetur.

499 2384 680 2448 hunc
707 2383 908 2469 igitur
939 2391 1176 2447 contra
1202 2384 1458 2446 mittam
1487 2380 1894 2445 contendere
1925 2402 2218 2455 causam,

500 2500 611 2584 qui
641 2498 858 2583 capite
886 2499 1033 2585 ipse
1064 2520 1186 2562 sua
1212 2498 1280 2561 in
1311 2497 1543 2561 statuit
1571 2498 1853 2583 vestigia
1882 2518 2057 2561 sese.

497 2622 564 2677 et
590 2623 813 2677 tamen
843 2613 974 2677 hoc
1009 2634 1277 2698 quoque
1305 2613 1403 2676 uti
1434 2611 1794 2674 concedam
1828 2611 1998 2676 scire
2018 2660 2032 2684 ‚
2057 2620 2128 2675 at
2156 2611 2225 2675 id
2255 2613 2471 2696 ipsum

497 2747 812 2811 quaeram
831 2776 845 2801 ‚
870 2750 1018 2790 cum
1045 2728 1114 2790 in
1143 2728 1345 2791 rebus
1377 2727 1517 2790 veri
1546 2727 1635 2789 nil
1666 2726 1910 2789 viderit
1938 2735 2122 2800 ante,

353 2856 451 2901 475
493 2837 672 2902 unde
704 2841 872 2903 sciat
902 2841 1062 2924 quid
1094 2824 1180 2904 sit
1209 2842 1378 2905 scire
1412 2849 1480 2903 et
1509 2841 1765 2903 nescire
1794 2841 2080 2903 vicissim
2103 2889 2117 2912 ,

493 2953 798 3017 notitiam
826 2956 971 3017 veri
1002 2976 1173 3039 quae
1201 2977 1309 3018 res
1340 2955 1622 3039 falsique
1654 2956 1929 3030 crearit,

495 3075 562 3130 et
592 3066 862 3131 dubium
895 3076 1080 3132 certo
1113 3089 1285 3153 quae
1313 3090 1424 3132 res
1456 3068 1718 3131 differre
1750 3069 2083 3153 probarit.

490 3181 788 3245 invenies
817 3183 1043 3268 primis
1074 3184 1158 3246 ab
1190 3183 1496 3246 sensibus
1528 3204 1672 3245 esse
1704 3191 1997 3246 creatam

490 3296 789 3359 notitiem
820 3297 996 3372 veri,
1019 3318 1237 3383 neque
1267 3317 1507 3361 sensus
1536 3319 1740 3382 posse
1769 3297 2009 3361 refelli.

345 3424 443 3471 480
488 3430 640 3473 nam
668 3411 916 3474 maiore
944 3411 1076 3475 fide
1108 3411 1311 3476 debet
1339 3412 1692 3498 reperirier
1718 3412 1882 3475 illud
1899 3462 1913 3487 ,

490 3532 732 3610 sponte
762 3546 883 3588 sua
910 3527 1086 3590 veris
1118 3526 1304 3611 quod
1331 3526 1550 3611 possit
1577 3526 1844 3589 vincere
1872 3526 2073 3588 falsa:

486 3638 649 3722 quid
677 3640 926 3702 maiore
955 3639 1086 3703 fide
1116 3663 1320 3726 porro
1353 3662 1550 3726 quam
1583 3661 1819 3704 sensus
1848 3641 2081 3705 haberi

485 3750 735 3817 debet?
760 3775 845 3817 an
875 3756 958 3819 ab
991 3776 1193 3819 sensu
1222 3755 1393 3820 falso
1420 3755 1593 3820 ratio
1627 3763 1777 3819 orta
1804 3755 2053 3819 valebit

483 3863 704 3929 dicere
736 3889 850 3931 eos
884 3878 1151 3945 contra,
1178 3892 1348 3955 quae
1378 3878 1530 3950 tota
1555 3871 1639 3933 ab
1671 3872 1975 3953 sensibus
2007 3878 2159 3933 orta
2188 3869 2340 3932 est?

338 3995 435 4040 485
481 3980 595 4063 qui
622 3980 747 4044 nisi
778 3992 934 4046 sunt
961 3986 1134 4059 veri,
1158 3986 1327 4050 ratio
1362 4005 1632 4069 quoque
1660 3985 1828 4049 falsa
1855 3985 1930 4048 fit
1960 3986 2197 4049 omnis,

477 4265 576 4311 456
614 4260 855 4312 videatur
893 4261 913 4329 ΙΙ
951 4268 1049 4313 460
1087 4264 1303 4314 montis.
1362 4265 1380 4332 ΙΙ
1438 4272 1533 4315 462
1573 4265 1814 4316 mit-ande
1865 4265 1884 4333 ΙΙ
1947 4271 2041 4316 471
2084 4264 2297 4316 mituam
2355 4264 2375 4330 Η
2431 4269 2530 4316 472
2568 4280 2663 4315 suo
2709 4260 2726 4326 ΙΙ

475 4348 572 4392 475
614 4342 893 4394 vicissem.
949 4344 968 4410 ΙΙ
1024 4351 1122 4397 479
1159 4363 1320 4398 sensu
