2840 5008
1215 408 1314 474 VI
1873 352 1878 358 ‘
2227 406 2363 473 413

145 588 324 650 miles
349 633 364 663 ,
409 605 545 646 non
592 582 775 667 quod
819 583 969 647 libri
1015 583 1269 646 habent
1312 582 1618 667 Virginem
1661 567 2062 665 quam'erae.
2108 579 2370 644 accedit

145 684 341 771 quod
372 682 727 745 Lucretius
760 682 861 745 bis
905 680 1076 745 dixit
1113 682 1506 766 singillatim:
1551 679 1699 763 quis
1742 679 1945 764 igitur
1988 700 2134 741 eum
2176 679 2370 743 aliter

143 783 408 846 dixisse
436 788 632 863 putet
662 801 860 863 quam
890 778 1336 864 singillariter?
1379 778 1485 840 cui
1524 777 1733 841 simile
1765 784 1869 840 est
1895 779 2300 862 sin9illarium
2332 800 2367 842 6

142 879 574 945 Tertulliano
603 879 670 941 in
704 878 919 941 lexica
946 877 1231 941 relatum
1258 925 1270 938 .
1296 876 1480 940 ·i11ud
1523 882 1745 939 autem
1786 876 1854 939 in
1890 896 2154 938 versum
2183 884 2368 940 recte

142 978 435 1042 intrabit
476 1001 539 1041 se
584 976 808 1040 deleto
841 1024 856 1051 ‚
895 976 1030 1038 hoc
1070 973 1275 1038 modo
1301 1022 1314 1047 ‚
1367 974 1539 1053 Quae
1579 995 1916 1037 memorare
1958 996 2176 1059 queam
2214 976 2371 1038 inter

145 1097 810 1141 SINGILLARITER
854 1086 1042 1159 apta5
1087 1073 1344 1137 scilicet
1384 1074 1686 1157 interapta
1708 1120 1724 1150 ‚
1769 1079 1845 1134 ut
1885 1065 2067 1155 apud
2108 1072 2369 1136 Livium
2459 1136 2468 1144 .

140 1178 217 1239 in
249 1197 415 1245 xxn,
435 1173 515 1237 30
545 1186 669 1237 tum
698 1174 946 1236 dextrae
973 1172 1366 1236 interiunctae
1388 1218 1400 1232 .
1434 1191 1559 1233 nec
1587 1170 1813 1232 versui
1843 1190 1968 1232 sua
1996 1169 2191 1234 deest
2222 1192 2371 1235 cae-

143 1296 316 1338 sura
341 1322 355 1347 ‚
403 1293 574 1357 quae
606 1279 709 1334 est
736 1272 912 1335 inter
943 1269 1240 1356 syllabas
1272 1268 1851 1352 conliquescentes
1870 1316 1885 1343 ,
1916 1290 2132 1354 queam
2172 1270 2180 1352 Ι
2217 1272 2372 1332 inter

141 1372 548 1459 sirzyilldriter
591 1381 734 1454 apta
759 1416 773 1431 .
818 1368 915 1431 sic
943 1368 1009 1430 in
1042 1390 1138 1441 111,
1156 1365 1279 1430 258
1310 1366 1501 1431 Nunc
1544 1390 1616 1429 ea
1660 1388 1778 1452 quo
1795 1377 1983 1450 pacto
2019 1372 2029 1442 Ι
2066 1368 2221 1429 inter
2247 1368 2371 1429 sese
2415 1392 2418 1401 ’

140 1475 344 1535 mioeta
384 1469 752 1556 quibusque.
798 1467 865 1528 in
910 1465 1146 1529 eodem
1177 1463 1297 1528 612
1339 1464 1617 1528 Dissolui
1639 1512 1652 1526 .
1697 1465 1862 1549 quod
1896 1466 1949 1527 si
1985 1467 1994 1548 Ι
2031 1465 2371 1528 inmorla'lis

142 1580 357 1633 nostra
384 1568 558 1653 foret
596 1589 761 1629 mens
793 1615 804 1627 .
864 1564 985 1627 715
1031 1562 1223 1637 Hauta
1246 1563 1361 1625 erit
1399 1573 1467 1625 ut
1506 1564 1717 1626 merito
1755 1566 1765 1644 Ι
1803 1563 2140 1627 inmorta'lis
2177 1565 2374 1647 possit

144 1667 405 1731 haberi.
463 1664 531 1726 in
574 1685 635 1736 v,
673 1662 787 1725 165
833 1663 1177 1747 Desiperest
1204 1685 1224 1723 .·
1268 1661 1420 1746 quid
1460 1662 1621 1723 enim
1672 1668 1681 1735 Ι
1730 1661 2152 1725 inmortdlibus
2194 1672 2371 1747 atque

145 1766 342 1829 beatis
373 1812 385 1826 .
441 1762 509 1826 in
561 1783 650 1834 vx,
686 1757 801 1824 197
855 1760 1219 1844 Conplerunt
1243 1807 1261 1838 ,
1314 1781 1539 1843 mayno
1578 1760 1587 1842 Ι
1625 1759 2021 1843 indiqna'ntur
2061 1781 2372 1822 murmure

146 1863 348 1927 clausi
367 1909 381 1924 .
411 1859 705 1924 Lucilius
736 1855 918 1941 apud
944 1854 1228 1919 Gellium
1261 1878 1348 1931 ιν,
1373 1856 1448 1918 17
1482 1854 1811 1940 Scipiadae
1840 1879 2060 1941 maqno
2097 1858 2107 1939 Ι
2143 1857 2371 1941 impro-

146 1965 260 2026 bus
307 1959 593 2045 oly'ciebat
621 1956 858 2019 Asellus
878 2002 895 2033 ‚
939 1953 1057 2017 ubi
1084 1960 1308 2017 tamen
1338 1953 1565 2016 verius
1596 1950 1762 2038 'puto
1794 1954 2099 2040 Improbu'
2129 1953 2373 2039 Scipia-

146 2062 267 2124 dae
306 2079 573 2143 mayno:
615 2075 769 2117 nam
810 2054 879 2115 in
924 2052 1161 2115 eodem
1192 2050 1406 2115 Gellio
1438 2051 1615 2126 x11‚4
1659 2059 2080 2115 correctores
2123 2052 2371 2137 impor-

146 2156 298 2224 tuni
320 2175 456 2217 non
482 2153 781 2216 tulerunt
803 2150 1082 2214 Serviliu’
1101 2151 1189 2212 sic
1211 2150 1560 2233 compellat,
1584 2147 1707 2212 sed
1730 2147 2039 2211 fecerunt
2060 2152 2378 2234 compellat

151 2254 454 2321 Servilius
483 2251 570 2313 sic
593 2298 607 2311 .
652 2247 946 2311 Lucilius
978 2246 1158 2331 apud
1190 2246 1484 2309 Nonium
1513 2267 1575 2330 p.
1594 2247 1694 2320 84,
1720 2245 1792 2309 15
1825 2245 2104 2310 Hiberna
2131 2247 2372 2327 intuba,

147 2360 447 2415 momento
480 2350 491 2427 Ι
533 2347 893 2410 omnicoldre
923 2347 1222 2409 colustra:
1251 2346 1346 2409 sic
1379 2345 1552 2408 enim
1581 2344 1750 2408 haec
1778 2340 2141 2410 scribenda
2168 2353 2337 2429 puto
2357 2394 2371 2420 ‚

148 2449 413 2516 scilicet
448 2441 667 2509 ‘verni
710 2444 1035 2529 temporis
1079 2444 1338 2508 vicibus
1369 2464 1453 2507 ex
1486 2464 1610 2508 ove
1643 2443 1984 2518 colostra’‚
2030 2465 2224 2529 quem
2256 2443 2373 2509 ad-

151 2547 425 2613 modum
469 2543 645 2607 idem
677 2542 972 2607 Lucilius
1012 2543 1079 2606 in
1117 2543 1287 2608 libro
1320 2565 1538 2606 xxvm
1572 2543 1713 2606 sive
1743 2565 1911 2605 xxxx
1942 2542 2112 2607 dixit
2143 2543 2376 2608 Serena

150 2647 311 2711 caeli
336 2643 602 2706 momina
638 2652 692 2704 et
732 2643 879 2704 salis
903 2640 1152 2727 fretus:
1195 2641 1347 2704 libri
1376 2640 1633 2704 habent
1661 2640 1959 2704 Hiberam
1985 2641 2250 2704 insulam
2263 2641 2374 2728 fo·

147 2753 347 2807 mento
392 2747 461 2804 et
503 2738 712 2822 (Non.
747 2761 808 2823 p.
828 2738 969 2818 205,
989 2737 1104 2821 29)
1139 2739 1381 2802 ›Serana
1427 2740 1635 2802 caecili
1680 2740 1955 2802 nomine.
2001 2759 2207 2823 porro
2240 2760 2377 2803 non

151 2841 284 2904 alia
316 2857 596 2900 caesura
616 2835 909 2899 Lucilius
941 2836 1123 2920 apud
1147 2835 1438 2900 Nonium
1466 2856 1530 2919 p.
1550 2836 1690 2911 321,
1708 2836 1789 2900 28
1819 2834 1895 2900 In
1922 2838 2059 2900 vino
2087 2858 2245 2915 esse,
2274 2838 2378 2900 ubi

150 2939 261 3026 qui
311 2944 320 3012 1
369 2935 640 2998 invitavit
678 2934 972 3018 dapsilius
1011 2957 1073 2996 se
1097 2982 1110 2996 .
1157 2932 1495 3018 Vergilius
1525 2933 1864 2999 Aeneidos
1894 2956 1984 3009 xi,
2003 2934 2125 2998 758
2169 2935 2381 2998 Portat

149 3059 354 3101 ovans.
379 3035 549 3096 ducis
571 3032 907 3115 exemplum
945 3035 955 3112 Ι
993 3036 1377 3117 eventumque
1397 3035 1583 3096 secuti
1595 3080 1608 3095 .
1632 3031 1809 3096 idem
1833 3033 1900 3096 in
1919 3055 2034 3106 ΧΗ,
2058 3032 2172 3094 144
2192 3033 2376 3118 May-

149 3133 389 3197 nanimi
418 3130 576 3194 Iovis
617 3132 924 3214 inqralum
961 3136 970 3208 Ι
1009 3132 1329 3194 ascendere
1373 3132 1567 3194 cubile
1590 3180 1602 3193 .
1649 3131 1977 3195 Horatius
2019 3132 2087 3195 in
2126 3152 2375 3195 sermo-

151 3253 308 3295 num
343 3253 410 3304 11,
430 3230 486 3302 3,
511 3229 626 3292 134
657 3231 758 3293 An
788 3240 850 3292 tu
879 3231 1035 3293 reris
1064 3252 1199 3292 eum
1240 3231 1440 3293 occisa
1476 3231 1486 3308 Ι
1524 3230 1818 3293 insanisse
1845 3227 2156 3314 parente?
2199 3229 2377 3294 idem

149 3333 220 3394 in
247 3335 391 3391 arte
414 3327 493 3391 87
527 3327 650 3391 Cur
681 3349 786 3412 eqo
803 3375 819 3405 ‚
849 3330 904 3391 si
931 3350 1159 3414 nequeo
1186 3333 1207 3404 Ἰ
1230 3329 1571 3413 ,ἱφιονόᾳαε
1588 3376 1604 3407 ,
1627 3339 1811 3414 poeta
1838 3331 2095 3393 salutor.
2126 3329 2377 3393 ibidem

150 3428 272 3492 377
309 3426 415 3490 Sic
457 3427 678 3488 animis
720 3437 929 3489 natum
964 3433 973 3500 Ι
1013 3428 1428 3512 inventumque
1460 3437 1687 3510 poe'ma
1728 3429 2005 3490 iuvandis
2028 3477 2040 3491 .
2084 3427 2377 3514 Proper-

152 3527 290 3590 tius
322 3546 416 3597 111,
441 3523 532 3599 17,
558 3525 626 3585 11
671 3524 862 3603 Quem
889 3525 1066 3588 modo
1077 3524 1330 3611 felicem
1368 3524 1601 3588 invidia
1640 3526 1647 3605 Ι
1689 3526 2030 3588 admirante
2054 3524 2375 3610 ferebant.

154 3622 358 3687 Silius
403 3620 472 3682 in
502 3641 562 3694 v,
582 3620 703 3682 497
737 3621 898 3685 Pars
926 3623 1148 3706 trepidi
1177 3623 1330 3685 celso
1366 3624 1376 3702 Ι
1413 3623 1570 3684 inter
1598 3622 1716 3684 tela
1747 3623 2058 3685 cacumine
2079 3623 2374 3706 pendent.

151 3722 221 3783 in
252 3742 394 3792 vm,
413 3716 534 3781 327
573 3718 798 3780 Cautus
829 3741 987 3782 ama.
1018 3721 1196 3804 siqua
1219 3719 1456 3805 ‘interea
1491 3722 1500 3798 Ι
1542 3719 1882 3782 invita'verit
1921 3741 2081 3782 aura
2104 3767 2116 3780 .
2163 3719 2231 3782 in
2259 3741 2377 3794 x11‚

109 3850 115 3856 ·
158 3818 275 3880 146
323 3818 632 3899 Rumpere
676 3838 1023 3901 compaqem
1066 3819 1408 3902 impositam
1431 3864 1448 3895 ‚
1487 3822 1495 3895 Ι
1534 3818 1932 3902 expallescere
1977 3818 2210 3880 caelum
2242 3864 2253 3878 .
2308 3817 2378 3879 in

152 3937 290 3988 xlv,
309 3913 425 3976 631
475 3913 551 3976 In
590 3935 817 3975 morem
833 3915 1141 3996 pecudum
1180 3920 1190 3994 Ι
1228 3916 1490 4003 effudere
1520 3915 1810 3978 cubilibus
1839 3917 1986 3978 atris
2009 3964 2022 3978 .
2066 3915 2136 3977 in
2166 3937 2276 3989 xv,
2302 3916 2377 3978 13

155 4011 230 4075 Si
253 4021 485 4098 yentem
503 4020 686 4095 putat
710 4009 1040 4096 infaustam
1079 4015 1091 4090 Ι
1128 4014 1285 4075 inter
1312 4003 1758 4077 busla'suorum
1777 4063 1789 4076 .
1824 4013 2084 4077 Statius
2105 4013 2174 4076 in
2195 4013 2376 4077 The-

154 4107 397 4173 baidos
421 4132 518 4182 111,
537 4109 609 4171 71
642 4107 951 4192 Aspicias,
975 4108 1193 4171 bellum
1221 4109 1546 4196 infandum
1587 4119 1594 4187 Ι
1632 4112 2043 4198 ominibusque
2064 4122 2374 4194 neqatam.

153 4207 275 4270 283
331 4207 699 4300 Proyeniem‘
725 4228 937 4269 caram
973 4209 984 4287 Ι
1023 4206 1430 4293 infaustdsque
1474 4209 1663 4273 dabas
1693 4209 2087 4295 ·Hymenaeos
2118 4257 2130 4271 .
2181 4207 2376 4273 Iuve-

154 4305 326 4368 nalis
359 4327 419 4377 x,
441 4304 562 4368 358
601 4305 721 4383 Qui
760 4306 1021 4389 spatium
1064 4306 1219 4368 vitae
1264 4315 1594 4369 extremum
1632 4316 1641 4385 Ι
1679 4311 1834 4372 inter
1873 4312 2129 4370 munera
2146 4318 2373 4390 ponat.

151 4427 288 4477 xw,
314 4401 430 4466 108
461 4402 641 4465 Inviti
668 4425 902 4489 quoque
932 4404 1254 4467 avaritiam
1292 4403 1302 4487 Ι
1339 4407 1615 4468 ea'ercere
1644 4406 1944 4469 iubentur.
1980 4427 2061 4469 ex
2085 4405 2190 4468 his
2215 4406 2383 4508 ami-q
