2840 5008
621 1276 705 1356 T.
783 1273 1334 1356 LUCRETI
1407 1273 1710 1356 CARI

235 1500 2206 1606 DEIMMMNJAENATURA·

690 1745 1644 1825 IABER QUARTUS.

1219 2034 1252 2066 0

6 2147 11 2280 ἓ
59 2215 303 2350 [Avia
331 2275 682 2339 Pieridum
709 2296 995 2361 peragro
1026 2274 1177 2338 loca
1206 2274 1450 2338 nullius
1481 2285 1636 2339 ante

8 2421 9 2464 ῃ
54 2388 187 2450 trita
213 2389 361 2453 solo
384 2439 400 2453 .
424 2390 616 2452 iuvat
643 2389 941 2475 integros
973 2385 1294 2451 accedere
1323 2385 1531 2451 fontis

8 2499 11 2549 l
54 2508 227 2586 atque
255 2503 533 2569 haurire
553 2553 568 2580 ‚
592 2504 908 2590 iuvatque
937 2526 1154 2568 novos
1185 2501 1553 2590 decerpere
1582 2503 1783 2568 flores

57 2615 496 2705 insignemque
525 2640 675 2682 meo
706 2620 906 2705 capiti
933 2627 1165 2704 petere
1193 2617 1350 2682 inde
1380 2641 1694 2683 coronam
1716 2668 1729 2693 ‚

9 2714 27 2853 J
59 2732 210 2797 unde
238 2736 432 2821 prius
462 2735 625 2799 nulli
653 2736 938 2798 velarint
965 2742 1269 2819 tempora
1296 2755 1553 2811 musae3

14 2892 19 2955 Ι
57 2848 307 2928 primum
338 2849 531 2936 quod
559 2849 814 2935 magnis
845 2848 1060 2912 doceo
1095 2847 1179 2911 de
1208 2850 1410 2912 rebus
1444 2857 1509 2913 et
1539 2851 1703 2913 artis

60 2961 420 3049 religionum
450 2966 736 3029 animum
763 2964 961 3027 nodis
994 2964 1340 3047 exsolvere
1369 2984 1610 3050 perg0‚

14 3062 19 3089 ⁵
61 3072 267 3166 deinde
302 3079 492 3166 quod
522 3080 810 3145 obscura
839 3078 924 3142 de
954 3100 1027 3141 re
1057 3086 1192 3142 tam
1221 3078 1444 3143 lucida
1472 3101 1695 3165 pango

64 3196 350 3271 carmina,
373 3215 647 3258 musaeo
680 3196 1070 3278 contingens
1102 3202 1342 3258 cuncta
1371 3194 1636 3281 lepore.

15 3304 26 3359 l
62 3302 118 3366 id
143 3329 403 3395 quoque
435 3309 605 3373 enim
636 3331 774 3374 non
803 3310 886 3373 ab
917 3309 1097 3372 nulla
1124 3309 1382 3373 ratione
1411 3307 1710 3373 videtur:
1805 3365 1815 3375 .

62 3439 183 3486 nam
206 3424 315 3488 vel
342 3425 444 3488 uti
471 3425 696 3510 pueris
727 3424 1061 3488 absinthia
1088 3433 1308 3488 taetra
1334 3400 1684 3488 medentes

64 3553 179 3601 cum
211 3539 371 3604 dare
405 3549 736 3604 conanmr
755 3589 770 3615 ‚
791 3540 977 3625 prius
1011 3561 1164 3603 oras
1184 3588 1198 3615 ‚
1221 3540 1466 3624 pocula
1497 3541 1740 3604 circum
1762 3589 1775 3615 ,

20 3686 23 3711 ι
64 3654 429 3742 contingunt
456 3655 666 3719 mellis
688 3653 877 3727 'dulci
904 3653 1215 3739 flavoque
1244 3654 1504 3739 liquore
1524 3706 1539 3732 ‚

63 3773 120 3828 ut
140 3790 493 3854 puerorum
523 3777 711 3834 aetas
739 3768 1094 3854 inprovida
1122 3769 1499 3833 ludificetur

20 3842 33 3947 ι
66 3875 367 3950 labrorum
398 3894 599 3949 tenus
618 3933 633 3960 ‚
657 3886 913 3948 interea
941 3891 1578 3970 perpotet-amarum

23 3998 27 4023 ⁸
67 3994 315 4065 absinthi
344 3974 613 4064 laticem
632 4049 647 4076 ‚
673 3997 1091 4086 deceptaque
1120 4020 1257 4062 non
1289 4001 1622 4087 capiatur,

67 4110 160 4173 sed
184 4116 401 4199 potius
432 4115 553 4178 tali
583 4122 786 4199 pacto
819 4122 1119 4177 recreata
1148 4113 1478 4189 valescat,

71 4362 90 4401 ⁸
117 4359 299 4425 pando.
339 4362 359 4429 ΙΙ
403 4369 465 4414 14
506 4360 580 4413 Et
616 4360 636 4427 Η
683 4367 737 4412 17
777 4369 953 4414 atacto
