2840 5008
474 387 615 455 212
1551 380 1654 452 VI

473 562 871 647 conplerunt
889 608 905 635 ‚
928 579 1168 645 magno
1198 556 1633 643 indignantur
1661 579 1995 621 murmure
2025 560 2232 624 clausi

471 677 757 741 nubibus
776 726 791 754 ,
811 677 879 740 in
911 674 1265 760 caveisque
1293 673 1799 738 ferarum'more
1827 674 2190 751 minantur,

472 814 648 855 nunc
676 792 832 855 hinc
861 812 1036 854 nunc
1064 790 1241 854 illinc
1269 788 1569 853 fremitus
1601 810 1721 874 per
1749 789 1974 853 nubila
2002 791 2298 865 mittunt,

328 925 427 972 200
473 915 1005 993 quaerentesque
1034 904 1205 968 viam
1236 904 1482 969 circum
1513 912 1901 980 versantur,
1925 913 1989 968 et
2020 904 2188 989 ignis
2275 934 2282 942 ·

470 1023 722 1086 semina
749 1020 1159 1086 convolvunt
1188 1042 1223 1083 e
1253 1021 1542 1085 nubibus
1571 1028 1776 1105 atque
1804 1020 1900 1083 ita
1930 1028 2181 1104 cogunt

468 1138 676 1201 multa
696 1186 711 1213 ‚
731 1144 1093 1221 rotantque
1124 1136 1304 1200 cavis
1324 1134 1658 1199 flammam
1689 1135 2072 1200 fornacibus
2101 1136 2278 1198 intus
2293 1187 2308 1213 ,

470 1252 688 1316 donec
720 1250 981 1315 divolsa
1008 1251 1339 1315 fulserunt
1367 1252 1544 1315 nube
1576 1252 1866 1314 corusci.

549 1368 698 1431 Hac
730 1367 927 1430 etiam
955 1367 1033 1429 fit
1060 1367 1156 1430 uti
1186 1366 1272 1429 de
1304 1387 1507 1429 causa
1535 1366 1794 1429 mobilis
1823 1366 1932 1428 ille

327 1499 425 1547 205
471 1483 741 1547 devolet
767 1483 836 1544 in
868 1489 1110 1544 terram
1140 1480 1373 1565 liquidi
1404 1481 1594 1545 color
1622 1501 1862 1544 aureus
1890 1482 2092 1566 igniS,

467 1599 720 1661 semina
750 1595 933 1681 quod
962 1597 1172 1660 nubes
1201 1594 1384 1680 ipsas
1412 1596 1746 1680 permulta
1773 1605 2124 1661 necessust
2229 1685 2232 1688 Α

465 1712 636 1798 ignis
665 1711 950 1775 habere:
976 1712 1218 1775 etenim
1250 1732 1395 1773 cum
1430 1717 1588 1794 sunt
1613 1731 1846 1774 umore
1876 1710 2020 1773 sine
2048 1712 2183 1774 ullo
2204 1761 2218 1787 ‚

466 1827 804 1890 flammeus
835 1832 938 1889 est
965 1812 1356 1912 plerumque
1386 1825 1576 1889 colos
1607 1833 1675 1889 et
1704 1824 2097 1912 splendidus
2129 1827 2307 1891 ollis:

470 1943 631 2028 quin
662 1942 856 2005 etiam
886 1939 1045 2003 solis
1076 1938 1161 2003 de
1192 1940 1435 2003 lumine
1463 1939 1670 2003 multa
1698 1950 2044 2005 necessest

325 2076 422 2121 210
466 2057 817 2142 concipere
836 2105 851 2129 ‚
873 2063 947 2118 ut
975 2055 1212 2119 merito
1243 2055 1532 2118 rubeant
1557 2055 1881 2140 ignesque
1910 2055 2350 2141 profundant.

466 2175 671 2237 hasce
699 2171 901 2257 igitur
930 2192 1077 2233 eum
1107 2181 1352 2233 ventus
1382 2189 1589 2254 agens
1621 2171 1952 2235 contrusit
1979 2171 2047 2234 in
2076 2193 2279 2234 unum

468 2286 997 2373 compressitque
1027 2284 1246 2347 locum
1276 2305 1524 2369 cogens
1544 2334 1558 2360 ‚
1584 2305 1906 2371 expressa
1932 2285 2354 2372 profundunt

466 2404 715 2468 semina
733 2451 747 2477 ‚
773 2422 944 2486 quae
972 2398 1229 2463 faciunt
1256 2398 1556 2463 flammae
1586 2400 1844 2485 fulgore
1877 2401 2164 2464 colores,

468 2520 659 2605 fulgit
686 2519 839 2581 item
863 2566 877 2593 ‚
901 2538 1046 2580 eum
1077 2523 1431 2579 rarescunt
1460 2537 1728 2600 quoque
1760 2518 1984 2582 nubila
2013 2517 2202 2580 caeli.

325 2651 420 2696 215
463 2657 616 2698 nam
647 2655 793 2696 cum
823 2639 1063 2697 ventus
1097 2651 1210 2694 eas
1241 2631 1479 2695 leviter
1511 2630 1770 2695 diducit
1800 2633 2014 2695 euntis

466 2748 941 2830 dissoluitque,
965 2744 1213 2809 cadant
1239 2746 1515 2830 ingratis
1545 2747 1657 2809 illa
1684 2756 2028 2811 necessest

467 2863 716 2925 semina
748 2881 919 2945 quae
948 2860 1201 2924 faciunt
1229 2861 1589 2946 fulgorem:
1613 2869 1751 2924 tum
1781 2863 1925 2924 sine
1954 2869 2167 2926 taetro

460 2982 725 3042 ‘terrore
757 2985 824 3039 et
853 2976 1075 3039 sonitu
1102 2976 1298 3060 fulgit
1324 2976 1643 3060 nulloque
1671 2978 1954 3041 tumultu
1977 3025 1993 3040 .

548 3071 757 3171 Quod
780 3111 982 3196 super
1013 3098 1115 3153 est
1134 3139 1148 3166 ‚
1174 3090 1353 3174 quali
1381 3099 1622 3155 natura
1650 3092 1957 3177 praedita
1988 3099 2299 3155 constent
2337 3077 2343 3084 ⁴

321 3225 417 3271 220
460 3207 732 3271 fulmina
753 3257 767 3282 ‚
795 3205 1139 3269 declarant
1166 3206 1304 3269 ictu
1333 3205 1484 3269 loca
1510 3207 1735 3270 inusta
1753 3256 1767 3283 ‚
1788 3208 2060 3292 vaporis

466 3323 656 3408 signa
675 3371 690 3398 ‚
715 3329 1048 3406 notaeque
1080 3321 1303 3405 gravis
1332 3321 1618 3385 halantis
1651 3321 1939 3408 sulpuris
1968 3342 2194 3386 auras:

463 3438 634 3523 ignis
667 3437 837 3500 enim
867 3443 1024 3499 sunt
1050 3436 1219 3499 haec
1248 3457 1385 3499 non
1413 3437 1597 3499 venti
1628 3436 1817 3522 signa
1846 3458 2064 3521 neque
2093 3437 2351 3500 imbris,

464 3560 815 3639 praeterea
843 3572 1045 3636 saepe
1076 3548 1458 3613 accendunt
1489 3572 1755 3637 quoque
1785 3559 1964 3616 tecta
1994 3551 2344 3615 domorum

468 3675 535 3731 et
564 3667 760 3730 celeri
787 3665 1048 3729 flamma
1077 3664 1501 3729 dominantur
1529 3667 1596 3729 in
1627 3666 1906 3731 aedibus
1933 3668 2123 3753 ipsis.

320 3799 416 3845 225
462 3782 640 3845 hunc
672 3782 791 3845 tibi
819 3781 1125 3845 subtilem
1148 3781 1559 3865 cumprimis
1587 3783 1851 3866 ignibus
1880 3784 2098 3867 ignem

470 4132 566 4179 199
602 4126 817 4179 fremitu
863 4127 882 4195 ΙΙ
922 4132 1016 4178 201
1059 4143 1087 4178 e
1123 4135 1386 4181 omissum.
1444 4127 1463 4195 Η
1518 4133 1614 4179 205
1654 4127 1797 4179 calor
1834 4128 1853 4197 ΙΙ
1893 4132 1988 4178 207
2028 4125 2189 4195 Ignes
2226 4127 2245 4195 ΙΙ
2285 4131 2383 4179 208
2422 4105 2708 4195 Flameusq.

419 4258 422 4261 .
462 4210 772 4281 plerumque
808 4210 844 4277 ΙΙ.
868 4208 992 4260 olis.
1030 4210 1050 4278 ΙΙ
1090 4214 1187 4261 209
1229 4208 1444 4279 Quippe
1482 4211 1618 4262 enim
1670 4210 1691 4278 Η
1739 4216 1836 4263 210
1874 4210 2088 4262 iubeant
2125 4209 2279 4278 11213
2318 4208 2527 4279 fulgere
2562 4210 2582 4277 ΙΙ
2619 4215 2708 4261 216

460 4293 719 4364 ingratius
758 4292 778 4362 ΙΙ
826 4298 923 4344 218
961 4292 1105 4345 sonis
1158 4292 1179 4360 ΙΙ
1236 4299 1333 4344 219
1373 4293 1511 4362 quali
1549 4302 1812 4348 omissum.
1870 4293 1888 4361 ΙΙ
1944 4299 2042 4344 220
2081 4293 2187 4346 ictu
2224 4299 2278 4345 et
2315 4293 2491 4346 inusta
2544 4294 2564 4360 ΙΙ
2618 4299 2705 4346 221

460 4378 629 4430 auris·
668 4376 688 4444 ΙΙ
728 4380 824 4427 223
864 4392 923 4427 se
2232 4377 2238 4381 ’
