2840 5008
466 387 605 454 246
1014 348 1021 353 ’
1543 384 1640 451 lv

470 560 656 623 Furei
670 609 687 639 ,
713 568 951 623 contra
979 558 1216 622 Lucilii
1244 558 1545 643 regulam
1575 564 1797 640 autem
1830 556 2041 621 dativi
2072 558 2210 622 duo
2230 607 2244 633 ,
2269 559 2555 623 Herculei
2587 560 2684 633 55,

472 660 547 722 13
571 705 587 732 ,
615 661 735 721 mei
762 658 859 729 77,
890 658 928 720 3
973 657 1110 740 (ita
1150 659 1269 719 mei
1305 658 1528 720 ‘misero
1573 656 1642 720 in
1686 655 1889 720 Novii
1929 678 2131 720 versu
2173 657 2358 741 apud
2399 657 2688 721 Nonium

467 782 530 844 p.
550 756 689 831 336,
715 756 787 819 13
812 803 827 830 ,
858 758 1091 842 meique
1131 756 1200 818 in
1245 753 1592 819 Ciceronis
1633 755 1721 818 ad
1750 756 2049 819 Atticum
2097 755 2534 839 epistularum
2574 780 2687 832 xn,

475 856 566 929 13,
587 856 625 917 2
650 901 665 927 ,
695 855 813 916 mei
842 865 1054 917 auctor
1084 877 1143 916 es
1172 876 1316 928 xm,
1334 852 1436 928 40,
1455 854 1493 916 2
1519 879 1534 930 ς
1567 874 1971 938 quamquam
2009 852 2198 917 haud
2243 855 2385 917 scio
2419 876 2505 918 an
2532 877 2686 940 pro·

467 953 739 1016 nomina
770 952 1154 1036 personalia
1180 952 1476 1016 Lucilius
1518 953 1864 1037 exceperit
1892 976 1906 1015 t
1953 960 2135 1017 certe
2163 955 2313 1017 sibei
2340 954 2408 1016 in
2440 975 2491 1017 S.
2522 976 2580 1017 6.
2611 954 2688 1018 (16

468 1050 1008 1116 Bacchanalibus
1052 1050 1295 1135 legitur
1326 1097 1342 1124 ,
1385 1071 1513 1113 nec
1544 1050 1853 1135 Nigidius
1897 1050 2244 1136 discrepat
2273 1100 2288 1124 ,
2336 1052 2452 1137 qui
2483 1054 2689 1139 scrip-

469 1150 638 1212 sisse
668 1148 938 1213 videtur
967 1158 1089 1212 me'i
1117 1150 1429 1234 genetivo
1455 1197 1470 1223 ,
1498 1149 1643 1212 miei
1673 1148 1943 1233 dativo)
1973 1198 1988 1225 ,
2027 1151 2323 1236 genetivi
2354 1150 2543 1236 apud
2574 1150 2688 1214 Ca-

466 1247 705 1310 tullum
751 1247 1097 1331 complura
1123 1295 1137 1321 ,
1196 1247 1295 1322 28,
1327 1246 1366 1309 5
1412 1249 1698 1312 Romulei
1742 1249 2039 1334 Remique
2065 1297 2083 1328 ‚
2135 1249 2235 1325 61,
2267 1249 2392 1313 206
2429 1250 2693 1334 pulveris

468 1346 708 1432 Africei
727 1394 744 1424 ,
776 1346 873 1420 63,
893 1347 966 1409 91
1003 1347 1249 1409 domina
1278 1347 1612 1432 Dindymei
1634 1395 1649 1423 ,
1681 1346 1780 1422 64,
1798 1346 1921 1410 278
1948 1371 1980 1410 e
2006 1349 2224 1411 vertice
2255 1348 2428 1411 Pelei
2451 1395 2466 1421 ,
2498 1347 2600 1423 65,
2620 1348 2692 1410 14

452 1444 603 1530 fata
625 1467 868 1529 yemens
897 1444 1072 1530 Itylei
1103 1493 1115 1506 .
1164 1464 1563 1529 quamquam
1599 1444 1771 1509 haec
1802 1466 1886 1508 ex
1913 1467 2050 1507 uno
2082 1444 2556 1529 antiquissimo
2589 1465 2693 1508 co-

473 1541 622 1605 dice
641 1591 655 1615 ,
680 1542 793 1625 qui
825 1549 980 1605 ante
1008 1542 1205 1605 finem
1236 1543 1485 1606 saeculi
1517 1543 1736 1627 quarti
1761 1542 2001 1607 decimi
2028 1544 2099 1606 in
2128 1542 2297 1606 alios
2329 1543 2694 1626 transcrip-

470 1650 581 1702 tus
613 1660 748 1701 non
780 1639 982 1702 fuerit
1002 1687 1018 1713 ,
1051 1639 1356 1703 derivata
1396 1662 1545 1704 esse
1577 1640 1798 1704 doctis
1830 1662 2031 1727 aegre
2057 1642 2442 1726 persuadeo
2469 1665 2483 1703 τ
2518 1649 2695 1704 certe

470 1737 581 1800 vel
612 1737 679 1800 C.
709 1735 781 1800 F.
812 1737 1237 1801 Hermannus
1268 1760 1485 1822 nuper
1513 1760 1781 1803 versum
1814 1738 2151 1823 quendam
2182 1738 2429 1803 Catulli
2459 1739 2562 1814 64,
2588 1739 2695 1802 109

468 1836 567 1898 ita
594 1837 918 1900 tractavit
946 1844 1023 1900 ut
1054 1836 1415 1901 editionem
1442 1858 1657 1901 meam
1691 1858 2049 1922 numquam
2071 1836 2694 1902 vidissevideatur.

473 1936 544 1996 in
574 1934 874 1999 Lucretii
901 1957 1102 1999 versu
1124 1935 1454 1999 Marullus
1478 1936 1751 2019 scripsit
1777 1939 2002 2021 species
2030 1960 2188 2022 quae
2214 1938 2554 1999 traowvolat
2578 1942 2698 2000 om-

476 2033 573 2095 nis
600 2081 617 2112 ,
662 2052 881 2117 neque
925 2034 1279 2118 quisquam
1306 2040 1468 2120 post
1513 2054 1658 2096 eum
1704 2057 1828 2120 qua
1856 2082 1873 2112 ,
1920 2035 2105 2117 quod
2149 2034 2303 2098 libri
2348 2034 2697 2104 exhibent,

474 2132 804 2194 restituit.
827 2133 987 2195 mihi
1010 2133 1176 2195 nihil
1201 2133 1478 2196 obstare
1507 2132 1778 2196 videtur
1810 2153 1943 2217 quo
1973 2133 2193 2197 minus
2220 2134 2371 2197 illac
2398 2135 2700 2197 travolare

475 2228 742 2293 dicatur
771 2231 1030 2317 species
1061 2280 1075 2294 .
1118 2231 1215 2293 ita
1241 2231 1310 2294 in
1339 2253 1428 2304 v1,
1446 2231 1568 2293 349
1581 2231 2003 2317 foraminibus
2030 2232 2299 2317 liquidus
2326 2233 2476 2318 quia
2506 2243 2718 2294 trans—x

472 2330 633 2392 volat
656 2331 814 2413 iynis
834 2378 851 2409 ,
881 2330 998 2392 ubi
1026 2329 1197 2392 male
1228 2329 1380 2393 libri
1410 2330 1733 2392 transviat.

642 2427 782 2490 603.
828 2446 1122 2489 PARTIS
1168 2449 1248 2489 m
1296 2448 1610 2489 anc'rA
1643 2474 1655 2487 .
1706 2426 2069 2490 Corrector
2101 2425 2461 2511 quadrati,
2492 2426 2697 2488 Anto-

475 2527 625 2590 nius
648 2575 663 2602 ,
692 2526 1064 2589 Brixiensis
1088 2573 1117 2600 ,η
1136 2547 1228 2589 cn
1246 2550 1290 2588 N
1309 2546 1343 2587 c
1363 2547 1564 2588 TAs.-

643 2624 781 2689 604.
829 2646 1309 2687 oionmwrun
1338 2670 1354 2692 ,
1398 2644 1652 2685 U131NA
1697 2623 2134 2686 D1ss1nmr
2179 2646 2433 2686 smum.
2462 2672 2475 2686 .
2523 2625 2697 2703 Qua—

480 2723 718 2787 dratus
749 2722 1054 2786 Dissuluit
1076 2770 1089 2784 .
1119 2722 1701 2785 huius·corrector
1728 2723 1834 2784 ubi
1866 2743 2026 2784 UNA
2058 2769 2074 2796 ,
2119 2722 2306 2805 quod
2333 2721 2513 2784 idem
2545 2732 2700 2807 post

481 2842 629 2883 eum
651 2821 980 2884 Lambino
1013 2821 1267 2904 placuit
1286 2869 1299 2882 .
1329 2820 1548 2882 minus
1579 2820 1749 2882 bene
1773 2818 2099 2894 Marullus
2127 2822 2230 2883 ubi
2255 2822 2386 2883 iam
2407 2868 2422 2883 .
2452 2820 2610 2883 Itali
2638 2829 2700 2884 et

477 2917 636 2981 olim
662 2918 972 3001 impressi
1000 2919 1104 2981 ubi
1132 2941 1277 2981 nam
1299 2968 1312 2981 .
1353 2940 1439 2981 ne
1469 2919 1604 2981 hoc
1635 2917 1907 3002 quidem
1923 2918 2347 2983 Wakefieldo
2377 2920 2576 2983 nimis
2605 2921 2696 2982 in-

479 3038 715 3081 sanum
743 3017 958 3078 visum
990 3023 1092 3079 est
1109 3064 1124 3090 ,
1152 3017 1456 3100 quamvis
1482 3017 2055 3080 constructionem
2077 3025 2429 3101 pervertat
2445 3068 2461 3094 ,
2486 3040 2696 3103 neque

479 3125 635 3179 ante
660 3113 992 3180 Catullum
1010 3113 1381 3201 Vergilium
1403 3115 1764 3178 Horatium
1787 3139 1932 3179 nam
1955 3115 2495 3178 coniunctionem
2524 3119 2698 3202 quis-

481 3237 681 3299 quam
713 3215 870 3278 alibi
903 3235 1100 3299 quam
1129 3215 1198 3277 in
1226 3214 1377 3300 ipso
1410 3215 1786 3277 sententiae
1814 3206 2003 3278 initio
2038 3214 2340 3300 posuerit
2374 3261 2389 3277 .
2432 3236 2588 3279 nam
2621 3215 2697 3278 de

477 3313 700 3376 Plauti
743 3334 946 3375 versu
989 3313 1102 3397 qui
1146 3320 1250 3376 est
1293 3313 1363 3375 in
1408 3312 1625 3375 Milite
1668 3310 1888 3385 1v,9,2
1929 3310 2201 3374 Handio
2242 3312 2314 3374 in
2342 3311 2699 3377 Tursellini

479 3421 663 3475 tomo
694 3434 762 3474 1v
791 3433 855 3494 p.
875 3412 912 3474 3
944 3411 1251 3474 codicum
1282 3412 1661 3495 scripturae
1692 3410 2090 3474 adhaerenti
2121 3410 2400 3473 credere
2426 3433 2548 3496 per
2568 3432 2696 3475 me-

424 3553 427 3556 -
482 3519 660 3574 trum
699 3530 837 3573 non
875 3509 1034 3572 lieet
1063 3534 1077 3571 :
1121 3516 1353 3593 potest
1394 3509 1598 3573 scribi
1630 3509 1765 3594 Eyo
1793 3511 2075 3573 iamiam
2104 3510 2454 3572 conveniam
2484 3510 2698 3587 illunc,

479 3610 715 3673 ubiubi
743 3618 826 3672 est
846 3610 1115 3693 yentium
1145 3656 1158 3670 .
1205 3605 1290 3670 de
1320 3607 1630 3670 Dirarum
1678 3617 1902 3671 autem
1944 3607 2275 3690 scriptore
2306 3655 2322 3681 ,
2370 3607 2560 3671 cuius
2605 3616 2700 3671 est

485 3708 600 3772 115
632 3709 824 3773 Dulci
852 3730 1114 3793 namque
1143 3717 1358 3785 tumet,
1387 3706 1720 3769 Merkelio
1755 3712 1823 3769 et
1851 3705 2153 3789 Hauptio
2186 3706 2527 3780 assentior
2546 3755 2561 3782 ,
2592 3707 2702 3790 qui

483 3829 630 3869 eum
649 3806 950 3890 Vergilio
982 3827 1211 3890 parem
1243 3812 1468 3868 aetate
1497 3803 1755 3867 faciunt
1777 3852 1792 3879 ,
1838 3804 2008 3867 alter
2038 3803 2128 3866 ad
2155 3802 2307 3867 Ibin
2334 3825 2399 3887 p.
2420 3804 2545 3867 364
2567 3852 2582 3879 ,
2614 3804 2702 3867 al·

479 3912 586 3967 ter
613 3904 681 3966 in
712 3905 1301 3968 observationibus
1327 3903 1578 3966 criticis
1608 3925 1672 3987 p.
1690 3903 1769 3966 47
1790 3952 1804 3966 .
1828 3909 2182 3987 praeterea
2204 3902 2706 3991 observandum

482 4012 588 4067 est
615 4001 887 4066 Tibullo
920 4005 1053 4066 hoc
1082 4005 1444 4087 probatum
1475 4025 1612 4066 non
1641 4001 1850 4066 fuisse
1874 4050 1889 4077 ‚
1935 4003 2000 4065 in
2033 4001 2222 4064 cuius
2252 4000 2429 4064 libro
2462 4023 2534 4074 11,
2551 4001 2609 4075 4,
2634 3999 2704 4063 12

478 4103 547 4164 in
579 4102 916 4185 excerptis
945 4101 1440 4166 Parisiensibus
1473 4108 1577 4165 est
1616 4101 1837 4165 Omm’a
1864 4124 2026 4163 nunc
2046 4149 2063 4179 ,
2096 4120 2231 4162 non
2271 4098 2502 4162 Omnia
2528 4123 2704 4162 nam.

479 4200 871 4286 Lygdamus
910 4221 1074 4263 vero
1115 4200 1186 4262 in
1225 4199 1362 4263 hoc
1407 4206 1485 4262 ut
1526 4201 1595 4262 in
1640 4199 1783 4262 aliis
1828 4220 1869 4261 a
1899 4197 2168 4263 Tibullo
2216 4196 2488 4261 differt:
2539 4196 2706 4260 dixit

483 4300 653 4361 enim
684 4300 741 4373 4,
760 4299 841 4361 43
872 4308 1033 4361 casto
1064 4321 1207 4361 nam
1236 4300 1349 4361 rite
1369 4309 1616 4383 pomae.
