2840 5008
494 360 628 431 112
1568 365 1662 432 III

323 557 448 602 1015
481 548 587 603 est
612 537 980 622 insignibus
1010 537 1283 622 insignis
1301 586 1317 614 ‚
1337 540 1745 626 scelerisque
1775 544 1998 619 luella‚

484 673 712 717 carcer
743 661 808 715 et
835 652 1166 717 horribilis
1197 651 1282 715 de
1313 674 1478 717 saxo
1507 655 1703 720 iactu’
1734 656 2076 736 deorsum,

480 770 763 832 verbera
780 816 795 842 ‚
819 766 1162 831 carnifices
1182 816 1197 843 ‚
1220 769 1429 833 robur
1447 817 1462 844 ,
1485 770 1599 854 pix
1619 819 1634 846 ,
1658 771 1964 836 lammina
1982 822 1997 850 ‚
2019 774 2291 852 taedae3

483 904 654 969 quae
682 889 904 946 tamen
935 882 1058 944 etsi
1088 883 1334 946 absunt
1350 930 1365 956 ‚
1391 890 1463 947 at
1488 906 1678 949 mens
1709 886 1867 962 sibi,
1890 891 2161 953 conscia
2186 891 2412 966 factis,

480 1005 944 1084 praemetuens
974 995 1253 1062 adhibet
1281 997 1584 1063 stimulos
1613 1008 1956 1086 terretque
1983 1002 2259 1088 flagellis
2276 1054 2291 1078 ‚

317 1132 444 1180 1020
471 1136 597 1178 nec
626 1111 811 1177 videt
838 1112 1095 1175 interea
1124 1112 1238 1197 qui
1266 1113 1586 1177 terminus
1619 1135 1767 1178 esse
1796 1116 2116 1180 malorum

477 1212 693 1315 possit
721 1249 845 1291 nec
877 1247 1048 1312 quae
1078 1228 1166 1291 sit
1191 1248 1562 1315 poenarum
1594 1228 1881 1314 denique
1908 1231 2085 1304 finis,

475 1352 678 1430 atque
709 1341 943 1408 eadem
969 1342 1205 1406 metuit
1229 1343 1441 1428 magis
1472 1342 1639 1407 haec
1669 1366 1753 1407 ne
1781 1345 1850 1408 in
1877 1355 2095 1411 morte
2122 1363 2554 1434 gravescant.

473 1460 583 1524 hic
613 1457 984 1522 Acherusia
1009 1456 1085 1520 fit
1113 1457 1467 1521 stultorum
1498 1456 1787 1544 denique
1813 1461 1979 1524 vita.

556 1574 709 1637 Hoc
741 1571 934 1635 etiam
965 1570 1085 1636 tibi
1113 1578 1259 1635 tute
1286 1572 1459 1636 inter
1491 1572 1647 1636 dum
1679 1573 1901 1638 dicere
1930 1577 2151 1660 possis
2173 1625 2186 1640 .

315 1707 441 1752 1025
467 1685 732 1753 ‘lumina
760 1686 851 1748 sis
881 1685 1088 1749 oculis
1120 1687 1316 1750 etiam
1346 1688 1564 1751 bonus
1593 1688 1801 1751 Ancu’
1832 1690 2129 1776 reliquit,

474 1804 586 1889 qui
615 1801 846 1865 melior
873 1799 1093 1863 multis
1124 1821 1323 1884 quam
1351 1809 1430 1865 tu
1456 1799 1581 1866 fuit
1598 1849 1612 1877 ‚
1634 1803 1937 1887 improbe
1955 1853 1970 1880 ‚
1993 1807 2225 1869 rebus,

470 1916 627 1981 inde
658 1916 763 1980 alii
792 1916 983 1979 multi
1010 1936 1202 2001 reges
1229 1937 1588 2001 rerumque
1617 1925 1926 2002 potentes

473 2031 900 2106 occiderunt,
923 2031 1177 2115 magnis
1209 2030 1321 2115 qui
1350 2030 1659 2115 gentibus
1690 2032 2180 2118 imperitarunt.

467 2148 576 2211 ille
607 2166 876 2231 quoque
903 2146 1048 2229 ipse
1066 2193 1081 2220 ‚
1104 2145 1278 2209 viam
1310 2144 1425 2230 qui
1453 2145 1788 2228 quondam
1819 2168 1941 2232 per
1966 2170 2148 2212 mare
2177 2172 2488 2234 magnum

309 2280 438 2328 1030
470 2262 708 2327 stravit
733 2261 996 2344 iterque
1030 2258 1216 2323 dedit
1243 2258 1614 2344 legionibus
1643 2261 1741 2324 ire
1769 2283 1891 2348 per
1921 2262 2124 2326 altum

470 2380 586 2464 [ac
615 2374 898 2462 pedibus
928 2373 1138 2437 salsas
1169 2371 1401 2436 docuit
1431 2373 1634 2457 s'uper
1661 2376 1757 2438 ire
1789 2377 2103 2462 lucunas]

466 2502 534 2559 et
563 2490 920 2558 contemsit
940 2488 1138 2575 equis
1166 2487 1496 2552 insultans
1524 2471 1860 2554 murmura
1887 2493 2081 2577 ponti
2103 2543 2118 2568 ‚

460 2608 704 2672 lumine
736 2605 1053 2693 adempto
1084 2604 1365 2668 anima-m
1391 2603 1793 2669 moribundo
1826 2628 2114 2694 corpore
2142 2608 2344 2674 fudit.

466 2718 812 2807 Scipiadas
831 2769 847 2795 ‚
869 2721 1022 2784 belli
1052 2720 1300 2784 fulmen
1318 2768 1336 2799 ,
1363 2717 1783 2805 Carthaginis
1812 2721 2087 2798 horror,

200 2838 215 2850 ‘
301 2854 429 2900 1035
459 2857 615 2901 ossa
646 2834 835 2899 dedit
863 2843 1081 2899 terrae
1111 2832 1396 2920 proinde
1426 2854 1504 2896 ac
1533 2833 1734 2898 famul
1762 2835 2021 2900 infimus
2053 2847 2259 2902 esset.

462 2950 638 3015 adde
668 2957 1046 3035 repertores
1077 2948 1532 3012 doctrinarum
1564 2959 1768 3034 atque
1799 2949 2129 3036 leporum,

462 3064 636 3129 adde
666 3063 1175 3129 Heliconiadum
1202 3063 1509 3137 comites3
1535 3084 1820 3148 quorum
1848 3087 2020 3129 unus
2050 3065 2379 3129 Homerus

402 3190 407 3203 ¹
461 3187 726 3267 sceptra
754 3180 1008 3265 potitus
1040 3176 1271 3241 eadem
1301 3177 1443 3241 aliis
1473 3177 1711 3262 sopitu’
1743 3178 2060 3263 quietest.

353 3358 361 3367 ,
455 3294 743 3380 denique
771 3294 1223 3359 Democritum
1253 3300 1412 3379 post
1442 3313 1637 3377 quam
1666 3301 1926 3358 matura
1952 3301 2252 3358 vetustas

296 3428 425 3475 1040
456 3409 801 3475 admonuit
829 3429 1151 3472 memores
1182 3416 1400 3471 motus
1431 3406 1861 3493 languescere
1891 3408 2128 3471 mentis
2146 3457 2160 3483 ,

455 3533 696 3611 sponte
726 3544 849 3586 sua
876 3523 1011 3586 leto
1043 3529 1247 3608 caput
1275 3521 1516 3585 obvius
1548 3523 1793 3608 optulit
1819 3522 1990 3607 ipse.

455 3642 597 3727 ipse
625 3638 957 3726 Epicurus
985 3636 1061 3700 iit
1092 3635 1378 3701 decurso
1408 3635 1649 3699 lumine
1677 3637 1855 3700 vitae
1872 3685 1887 3709 ‚

457 3755 570 3839 qui
598 3775 807 3839 genus
834 3754 1195 3816 humanum
1221 3750 1489 3837 ingenio
1519 3751 1861 3835 superavit
1891 3758 1959 3814 et
1989 3752 2199 3815 omnis

455 3869 806 3932 restincxit
824 3916 839 3943 ,
863 3868 1089 3931 stellas
1123 3874 1394 3931 exortus
1425 3872 1503 3928 ut
1531 3863 1864 3928 aetherius
1895 3865 2025 3928 sol.

292 4002 419 4048 1045
453 3991 523 4048 tu
554 4005 715 4049 vero
748 3981 1083 4046 dubitabis
1116 3988 1184 4044 et
1208 3978 1643 4064 indignabere
1676 3978 1908 4042 obire?

461 4270 586 4316 1015
626 4262 784 4314 luela.
835 4261 855 4328 ΙΙ
910 4266 1036 4313 1016
1077 4277 1283 4314 eorum.
1331 4261 1351 4328 ΙΙ
1403 4266 1530 4312 1017
1568 4260 1812 4313 iammina
1846 4259 1867 4328 ΙΙ
1917 4266 2047 4314 1019
2083 4268 2360 4330 torretque
2397 4260 2419 4330 ΙΙ
2460 4267 2585 4314 1032
2624 4263 2697 4312 in·

455 4347 656 4398 suitans
695 4345 716 4414 ΙΙ
757 4349 885 4396 1033
922 4343 1083 4413 fugit.
1123 4345 1142 4412 Η
1187 4349 1312 4396 1038
1348 4343 1528 4412 potius
1564 4344 1583 4410 ΙΙ
1627 4349 1753 4394 1042
1794 4344 1925 4397 obiit
1961 4344 1981 4412 ΙΙ
2025 4349 2154 4395 1044
2193 4343 2366 4396 aerius
