2840 5008
488 378 577 443 34
1604 378 1634 443 I

485 556 746 613 constet
765 598 779 624 ‚
807 570 891 611 an
920 549 1303 612 immensum
1333 556 1564 635 pateat
1591 557 1915 634 vasteque
1944 551 2383 637 profundum.

569 664 781 727 Omne
812 661 997 747 quod
1029 670 1130 726 est
1158 663 1357 748 igitur
1387 665 1569 727 nulla
1596 665 1868 750 regione
1898 666 2149 729 viarum

481 780 835 842 finitumst:
859 798 1145 861 namque
1178 787 1545 841 extremum
1577 779 1870 843 debebat
1898 780 2177 847 habere:

336 911 433 956 960
481 902 846 957 extremum
873 913 1081 977 porro
1112 893 1353 982 nullius
1384 916 1587 978 posse
1619 892 1886 957 videtur

482 1030 629 1072 esse
649 1058 664 1084 ,
686 1008 811 1070 nisi
840 1007 1018 1070 ultra
1046 1007 1133 1070 sit
1164 1007 1346 1091 quod
1377 1007 1563 1073 finiat
1582 1033 1596 1085 ;
1617 1015 1694 1072 ut
1722 1008 2027 1072 videatur

482 1144 614 1206 quo
644 1144 781 1185 non
812 1121 1074 1207 longius
1103 1120 1271 1183 haec
1303 1144 1543 1186 sensus
1571 1132 1814 1187 natura
1844 1130 2195 1206 sequatur.

479 1259 655 1300 nunc
686 1242 878 1299 extra
907 1256 1225 1298 summam
1257 1238 1565 1320 quoniam
1596 1238 1685 1301 nil
1718 1213 1865 1300 esse
1895 1237 2231 1300 fatendum
2255 1288 2269 1312 ‚

477 1374 613 1414 non
641 1351 850 1415 habet
880 1359 1241 1413 extremum
1262 1400 1276 1426 ‚
1302 1359 1485 1414 caret
1518 1373 1677 1437 ergo
1708 1351 1837 1414 fine
1867 1351 2232 1449 modoque.
2273 1368 2278 1371 ·

332 1483 428 1527 965
472 1487 598 1528 nec
626 1464 835 1529 refert
865 1466 1105 1549 quibus
1136 1464 1426 1529 adsistas
1455 1465 1837 1550 regionibus
1869 1466 2039 1529 eius:

474 1600 689 1663 usque
720 1579 890 1642 adeo
911 1628 926 1653 ‚
953 1601 1146 1664 quem
1179 1580 1462 1663 quisque
1492 1581 1708 1643 locum
1740 1580 2079 1669 possedit,
2098 1580 2167 1643 in
2201 1581 2414 1643 omnis

475 1693 864 1758 tantundem
895 1694 1106 1777 partis
1133 1693 1458 1779 infinitum
1488 1716 1681 1757 omne
1711 1695 2058 1778 relinquit.

471 1816 822 1894 praeterea
853 1807 910 1870 si
936 1807 1063 1869 iam
1093 1807 1346 1870 finitum
1378 1808 1825 1872 constituatur

472 1944 667 1986 omne
699 1920 884 2007 quod
916 1930 1020 1985 est
1050 1923 1336 2005 spatium
1357 1972 1371 1998 ‚
1396 1923 1608 2007 siquis
1638 1934 1993 2006 procurrat
2022 1921 2111 1984 ad
2141 1943 2294 1984 oras

328 2054 426 2098 970
469 2037 739 2099 ultimus
770 2049 1101 2100 extremas
1129 2036 1460 2121 iaciatque
1492 2037 1760 2101 volatile
1790 2038 2019 2109 telum,

466 2152 534 2214 id
566 2151 804 2216 validis
832 2158 1052 2213 utrum
1086 2158 1467 2214 contortum
1497 2152 1747 2214 viribus
1774 2152 1871 2213 ire

469 2289 603 2350 quo
634 2265 832 2329 fuerit
859 2265 1130 2327 missum
1158 2266 1364 2328 mavis
1395 2265 2012 2350 longequevolare,

465 2403 549 2444 an
579 2380 939 2467 prohibere
969 2379 1218 2463 aliquid
1252 2400 1488 2442 censes
1520 2381 1925 2461 obstareque
1954 2378 2207 2463 posse?

463 2498 849 2561 alterutrum
881 2494 1151 2559 fatearis
1185 2495 1353 2558 enim
1382 2516 1737 2579 sumasque
1765 2500 2137 2556 necessest.

320 2628 416 2673 975
463 2633 748 2695 quorum
776 2619 1130 2694 utrumque
1161 2610 1278 2673 tibi
1308 2609 1615 2694 effugium
1643 2607 2022 2702 praecludit
2051 2615 2119 2671 et
2148 2629 2340 2670 omne

463 2727 643 2809 cogit
671 2734 745 2789 ut
776 2734 1083 2809 exempta
1114 2724 1447 2788 concedas
1475 2725 1605 2787 fine
1634 2731 1893 2810 patere.

461 2860 613 2901 nam
644 2839 783 2902 sive
818 2848 919 2902 est
949 2839 1180 2922 aliquit
1211 2839 1396 2921 quod
1425 2841 1711 2923 probeat
1743 2837 2114 2921 efficiatque

461 2975 595 3038 quo
624 2952 820 3014 minu'
846 2974 977 3036 quo
1008 2953 1276 3014 missum
1311 2959 1414 3014 est
1441 2954 1662 3015 veniat
1690 2953 1935 3036 finique
1965 2952 2138 3014 locet
2168 2972 2239 3012 se
2260 3000 2275 3024 ,

460 3068 599 3132 sive
630 3066 811 3129 foras
839 3065 1051 3128 fertur
1070 3114 1084 3140 ‚
1107 3086 1242 3127 non
1275 3073 1377 3129 est
1407 3088 1447 3128 a
1475 3066 1604 3128 fine
1633 3065 2042 3151 profectum.

312 3198 409 3244 980
452 3181 584 3245 hoc
614 3190 815 3268 pacto
848 3202 1091 3264 sequar
1121 3186 1322 3263 atque
1342 3230 1358 3255 ‚
1382 3201 1538 3243 oras
1568 3182 1682 3244 ubi
1713 3202 1992 3264 cumque
2023 3181 2264 3245 locaris

457 3305 787 3359 extremas
807 3344 821 3370 ‚
848 3316 1158 3380 quaeram
1190 3295 1352 3379 quid
1381 3295 1516 3359 telo
1551 3294 1837 3380 denique
1864 3295 2012 3358 fiat.

452 3411 567 3474 fiet
594 3411 691 3474 uti
719 3432 1045 3494 nusquam
1074 3409 1292 3496 possit
1321 3411 1691 3473 consistere
1720 3411 1867 3474 finis
1885 3460 1901 3484 ‚

453 3524 891 3610 effugiumque
921 3524 1117 3610 fugae
1147 3525 1440 3610 prolatet
1471 3527 1663 3610 copia
1693 3545 1986 3610 semper.

530 3640 892 3704 Praeterea
921 3642 1204 3725 spatium
1237 3642 1512 3703 summai
1541 3641 1747 3703 totius
1781 3660 1972 3701 omne

304 3769 400 3814 985
444 3753 739 3838 undique
771 3756 825 3818 si
853 3739 1176 3819 inclusum
1207 3756 1407 3819 certis
1439 3756 1840 3818 consisteret
1869 3753 2005 3815 oris

446 3867 835 3951 finitumque
863 3869 1043 3934 foret
1060 3920 1074 3946 ‚
1095 3872 1226 3934 iam
1257 3872 1453 3956 copia
1481 3868 1778 3932 materiai

440 3980 739 4065 undique
767 3983 1179 4066 ponderibus
1212 3985 1443 4048 solidis
1476 3983 1815 4046 confluxet
1844 3981 1930 4044 ad
1959 3982 2183 4054 imum,

442 4266 538 4310 957
578 4261 832 4312 imensum
886 4260 905 4326 Η
963 4266 1059 4310 966
1098 4279 1309 4313 omnus.
1365 4261 1383 4328 Η
1441 4265 1533 4310 971
1577 4258 1636 4309 Iu
1686 4259 1704 4326 Η
1752 4264 1844 4309 981
1889 4259 2003 4311 fiet.
2054 4260 2073 4327 ΙΙ
2124 4264 2220 4309 984
2260 4258 2482 4310 seatium
2538 4263 2562 4328 Η
2624 4273 2730 4318 985

444 4341 675 4393 inclusus
712 4343 732 4410 Η
770 4347 868 4393 987
908 4342 1163 4394 confluxit
