2840 5008
964 1225 2076 1324 T LUGRETICARI

626 1464 845 1562 DE
954 1465 1606 1565 RERUM.
1687 1467 2480 1571 NATURA

1025 1710 1356 1773 LIBER
1432 1710 2050 1776 SECUNDUS.

420 2188 670 2297 Suave
691 2283 704 2309 ‚
728 2235 891 2297 mari
919 2257 1158 2321 magno
1190 2236 1613 2300 turbantibus
1646 2258 1941 2320 aequora
1970 2240 2215 2312 ventiS‚
2308 2249 2316 2256 '

412 2369 446 2410 e
477 2355 658 2411 terra
687 2369 994 2434 magnum
1023 2350 1293 2413 alterius
1325 2357 1630 2435 spectare
1661 2349 1987 2423 laborem3

410 2485 547 2526 non
579 2465 735 2548 quia
763 2465 994 2529 vexari
1024 2471 1489 2550 quemquamst
1517 2463 1807 2528 iucunda
1834 2464 2148 2550 voluptas
2167 2515 2181 2539 ‚

415 2579 538 2642 sed.
569 2581 808 2663 quibus
838 2581 983 2665 ipse
1012 2580 1198 2643 malis
1230 2602 1461 2643 eareas
1495 2581 1648 2663 quia
1679 2601 1949 2644 cernere
1982 2601 2187 2644 suave
2220 2588 2349 2644 est:

317 2711 346 2753 6
409 2714 613 2757 suave
646 2696 839 2757 etiam
866 2696 1022 2758 belli
1052 2697 1411 2758 certamina
1440 2708 1679 2780 magna
1706 2695 1878 2757 tueri

324 2825 351 2867 5
411 2827 533 2892 per
563 2828 835 2897 campos
862 2810 1191 2873 instructa
1209 2858 1223 2883 ‚
1245 2816 1362 2871 tua
1391 2811 1532 2872 sine
1561 2817 1752 2894 parte
1781 2809 2042 2893 pericli:

321 2939 349 2983 7
413 2920 538 2984 sed
562 2920 657 2983 nil
687 2919 944 2982 dulcius
976 2930 1076 2984 est
1095 2971 1110 2997 ‚
1132 2925 1303 2986 bene
1335 2945 1533 3006 quam
1561 2924 1814 2985 munita
1841 2931 2067 2986 tenere

416 3035 597 3098 edita
626 3034 932 3097 doctrina
961 3036 1333 3118 sapientum
1362 3038 1610 3122 templa
1640 3031 1905 3112 serena,

418 3149 764 3234 despicere
793 3147 973 3211 unde
1006 3170 1213 3233 queas
1245 3150 1409 3212 alios
1436 3152 1816 3235 passimque
1846 3150 2075 3214 videre

297 3282 355 3327 10
418 3260 639 3327 errare
670 3272 871 3348 atque
901 3264 1074 3326 viam
1103 3264 1387 3349 palantis
1422 3287 1743 3348 quaerere
1772 3250 1981 3339 vitae,

417 3386 674 3443 certare
702 3361 1003 3463 ingenio}
1029 3378 1442 3441 contendere
1471 3380 1819 3443 nobilitate
1836 3428 1850 3451 ‚

415 3501 653 3557 noctes
685 3502 887 3578 atque
921 3493 1063 3557 dies
1093 3494 1209 3556 niti
1238 3500 1625 3579 praestante
1654 3494 1885 3557 labore

417 3608 505 3672 ad
536 3631 824 3672 summas
856 3630 1190 3693 emergere
1223 3629 1385 3691 opes
1415 3628 1770 3690 rerumque
1798 3607 2025 3690 potiri.

417 3746 458 3786 0
487 3724 762 3786 miseras
789 3723 1127 3786 hominum
1159 3730 1410 3785 mentes
1433 3770 1447 3795 ‚
1472 3743 1511 3783 ο
1542 3728 1821 3805 pectora
1850 3722 2076 3784 caeca!

297 3855 355 3899 15
420 3837 728 3921 qualibus
756 3837 826 3899 in
854 3838 1148 3901 tenebris
1179 3838 1363 3915 vitae·
1389 3836 1792 3919 quantisque
1823 3835 2089 3921 periclis

419 3951 683 4035 degitur
710 3950 843 4013 hoe
873 3952 1020 4015 aevi
1052 3949 1236 4034 quod
1267 3952 1647 4033 cumquest!
1671 3972 1892 4012 nonne
1920 3949 2152 4013 videre

418 4066 508 4127 nil
539 4064 718 4127 aliud
749 4065 872 4128 sibi
901 4073 1206 4128 naturam
1237 4065 1479 4126 latrare
1500 4112 1515 4137 ‚
1536 4065 1663 4125 nisi
1693 4072 1767 4126 ut
1785 4112 1800 4134 ‚
1826 4066 1929 4125 eui

427 4318 486 4361 12
524 4311 773 4381 plaborc,
812 4310 831 4377 Η
877 4318 933 4361 15
973 4310 1214 4379 perietis.
1254 4307 1272 4375 Η
1316 4315 1373 4360 17
1413 4309 1526 4376 qui.
