2840 5008
1200 382 1295 449 111
2282 387 2367 454 91

90 556 313 643 perdit
345 557 543 620 enim
578 553 761 639 quod
785 576 919 618 non
949 555 1292 641 proprium
1319 555 1448 619 fuit
1477 556 1617 619 eius
1644 557 1713 620 in
1743 578 1941 631 aevo,
1973 616 1978 624 .

94 673 422 756 nullaque
456 677 813 757 praeterea
837 668 1097 754 perdit,
1122 691 1323 754 quom
1354 670 1705 755 expellitur
1735 693 1931 737 aevo.

171 787 432 849 Dicere
467 792 682 871 porro
714 784 938 848 oculos
970 784 1212 848 nullam
1240 805 1380 847 rem
1413 806 1687 849 cernere
1717 809 1949 871 posse,

51 920 60 961 ›
98 900 211 963 sed
245 922 378 986 per
417 921 545 963 eos
577 899 855 962 animum
883 905 962 962 ut
987 897 1243 962 foribus
1275 910 1582 986 spectare
1611 902 1915 975 reclusiS‚

100 1014 491 1098 desiperest
510 1062 526 1088 ‚
553 1021 786 1077 contra
815 1034 962 1076 cum
993 1035 1230 1077 sensus
1262 1012 1443 1078 dicat
1471 1036 1728 1090 eorum3

51 1148 60 1189 ι
96 1128 357 1214 fulg-ida
390 1128 791 1214 praesertim
823 1150 969 1191 cum
1001 1150 1276 1192 eernere
1307 1116 1510 1214 saepe
1539 1130 1916 1214 nequimus:

51 1261 61 1304 ε
100 1266 336 1307 sensus
374 1243 557 1305 enim
590 1242 795 1305 trahit
824 1249 1028 1328 atque
1057 1244 1233 1306 acies
1265 1241 1564 1307 detrudit
1593 1243 1681 1307 ad
1709 1245 1890 1331 ipsas
1943 1332 1948 1337 .

51 1376 63 1419 ι
99 1358 347 1421 lumina
368 1407 384 1431 ‚
410 1357 767 1421 luminibus
799 1357 954 1442 quia.
978 1358 1173 1422 nobis
1203 1356 1758 1443 praepediuntur.

106 1473 290 1557 quod
319 1471 593 1535 foribus
624 1493 758 1534 non
785 1472 893 1536 fit:
917 1493 1136 1557 neque
1168 1473 1338 1536 enim
1358 1520 1373 1547 ‚
1399 1473 1554 1557 quia
1585 1476 1910 1539 cernimus
1939 1478 2093 1564 ipsi,

106 1563 274 1651 ostia
306 1586 695 1670 suscipiunt
722 1586 923 1649 ullum
951 1588 1212 1650 reclusa
1238 1588 1535 1652 laborem
1552 1636 1566 1653 .

104 1710 469 1787 praeterea
498 1701 555 1763 si
584 1722 708 1785 pro
738 1701 990 1765 foribus
1020 1708 1179 1765 sunt
1208 1702 1453 1767 lumina
1478 1711 1737 1779 nostra,

105 1818 227 1880 iam
255 1816 481 1901 magis
514 1816 838 1900 exemptis
871 1817 1077 1879 oculis
1111 1815 1357 1881 debere
1387 1817 1654 1882 videtur

106 1952 386 1994 cernere
418 1951 531 1993 res
562 1930 812 1993 animus
843 1930 1120 1995 sublatis
1150 1933 1459 2016 postibus
1487 1933 1676 2017 ipsis,

54 2065 68 2107 J
179 2045 364 2109 Illud
395 2046 465 2108 in
494 2045 601 2107 his
631 2046 830 2109 rebus
860 2066 1282 2131 nequaquam
1311 2060 1570 2111 sumere
1600 2051 1847 2133 possis,

109 2160 483 2224 Democriti
515 2157 702 2243 quod
731 2167 964 2223 sancta
994 2162 1118 2224 viri
1149 2163 1483 2225 sententia
1512 2164 1731 2249 ponit,

111 2276 419 2362 eorporis
452 2280 655 2357 atque
685 2274 879 2336 animi
908 2273 1307 2361 primordia,
1331 2276 1589 2361 singula
1616 2279 1823 2361 privis

112 2389 428 2474 adposita
446 2439 460 2465 ‚
484 2387 755 2452 alternis
783 2389 1041 2452 variare
1060 2438 1075 2463 ‚
1099 2411 1177 2453 ac
1205 2397 1473 2454 nectere
1501 2392 1820 2474 membra.

112 2527 259 2567 nam
291 2527 445 2567 cum
474 2503 683 2567 multo
714 2511 870 2567 sunt
899 2503 1222 2567 elementa
1248 2506 1505 2568 minora
1534 2506 1771 2570 animai

53 2637 73 2678 5
115 2641 313 2703 quam
345 2619 588 2702 quibus
621 2639 655 2681 e
686 2640 929 2704 corpus
960 2619 1151 2683 nobis
1183 2625 1250 2682 et
1277 2620 1540 2683 viscera
1571 2629 1914 2699 constant,

114 2742 249 2795 tum
278 2754 559 2796 numero
593 2754 860 2817 quoque
891 2732 1271 2797 concedunt
1301 2741 1370 2797 et
1396 2755 1551 2797 rara.
1577 2755 1699 2820 per
1729 2746 1913 2802 artus

119 2847 351 2911 dissita
378 2853 570 2922 sunt,
594 2845 747 2910 dum
777 2854 1001 2922 taxat3
1024 2856 1098 2911 ut
1125 2848 1258 2911 hoc
1287 2849 1679 2932 promittere
1709 2854 1957 2938 possiS‚

124 2962 443 3045 quantula
470 2961 664 3047 priva
694 2969 944 3045 queant
969 2963 1164 3026 nobis
1193 2962 1438 3027 iniecta
1467 2964 1640 3028 ciere

123 3097 409 3162 corpora
438 3074 802 3139 sensiferos
832 3084 1052 3140 motus
1079 3078 1148 3140 in
1178 3099 1463 3163 corpore
1482 3127 1497 3152 ‚
1519 3086 1707 3144 tanta

58 3207 82 3249 o
119 3189 465 3253 intervalla
492 3198 720 3252 tenere
752 3190 1032 3255 exordia
1057 3193 1250 3277 priva
1279 3194 1544 3256 animai.

124 3324 270 3366 nam
300 3325 517 3388 neque
546 3304 841 3388 pulveris
869 3305 1041 3369 inter
1070 3305 1229 3369 dum
1259 3307 1582 3371 sentimus
1613 3308 1978 3375 adhaesum

126 3438 402 3501 corpore
430 3440 559 3482 nec
587 3419 897 3484 membris
923 3412 1257 3485 incussam
1287 3421 1507 3486 sidere
1540 3431 1788 3487 cretam
1808 3475 1823 3499 ‚

130 3551 249 3593 nec
275 3534 582 3597 nebulam
611 3541 818 3597 noctu
845 3556 1063 3620 neque
1094 3536 1318 3599 aranei
1350 3537 1573 3600 tenvia
1598 3535 1710 3601 fila

128 3645 320 3707 obvia
347 3648 666 3711 sentimus
686 3696 701 3722 ,
726 3647 996 3732 quando
1029 3650 1389 3714 obretimur
1419 3659 1683 3727 eunteS,

55 3772 88 3814 ὦ
125 3778 245 3821 nec
276 3781 514 3845 supera
544 3768 751 3848 caput
781 3762 1072 3826 eiusdem
1102 3763 1425 3829 cecidisse
1455 3767 1695 3830 vietam

129 3880 369 3936 vestem
390 3924 404 3950 ,
424 3896 550 3939 nec
582 3876 838 3961 plumas
870 3878 1085 3940 avium
1117 3899 1516 3965 papposque
1546 3881 1863 3954 volantiS‚

137 4187 229 4233 357
269 4184 422 4238 Perdi
456 4188 476 4255 ΙΙ
516 4194 615 4240 358
654 4186 930 4257 Multaque
967 4190 987 4258 ΙΙ
1023 4190 1286 4260 perditum
1323 4192 1604 4262 expellitur
1641 4209 1772 4261 aevo
1810 4210 1989 4262 quam.
2027 4195 2046 4262 ΙΙ
2085 4199 2180 4245 361
2223 4195 2378 4247 Diffi-

138 4264 287 4317 cilest
320 4268 339 4335 ΙΙ
374 4268 528 4323 ducat
562 4273 584 4340 ΙΙ
622 4275 721 4322 365
763 4287 866 4339 qua
902 4272 922 4340 ΙΙ
958 4278 1054 4324 372
1091 4275 1301 4342 primis.
1359 4274 1379 4341 ΙΙ
1427 4282 1526 4328 374
1562 4276 1764 4327 animae
1800 4276 2056 4329 elementa
2092 4278 2320 4329 minora.
2358 4278 2378 4344 ΙΙ

138 4352 236 4399 378
270 4351 429 4418 prima
463 4355 483 4422 ΙΙ
523 4360 623 4406 380
660 4353 833 4424 prima
870 4354 890 4421 ΙΙ
929 4360 1022 4406 383
1062 4358 1204 4407 arani
1240 4357 1436 4410 tenulla
