2840 5008
402 404 686 498 6·
1521 437 1586 538 1·

399 606 628 692 religio
658 607 922 692 peperit
952 608 1289 672 scelerosa
1319 617 1523 695 atque
1552 611 1752 696 impia
1779 611 1988 676 facta.

274 698 275 701 Ἴ
336 794 341 795 7
400 719 640 783 Aulide
674 742 807 805 quo
839 729 1040 806 pacto
1072 722 1323 786 Triviai
1350 725 1628 810 virginis
1660 747 1841 790 aram

278 851 341 895 85

279 1423 344 1470 90

254 1997 347 2053 ,95

268 2570 366 2616 100

269 3142 362 3189 105

401 834 819 919 Iphianassai
847 843 1205 920 turparunt
1235 840 1556 924 sanguine
1585 839 1786 911 foede

404 948 722 1014 ductores
752 950 1057 1014 Danaum
1089 951 1331 1045 delecti
1350 1002 1363 1027 ‚
1388 955 1601 1037 prima
1627 956 1957 1018 virorum.

403 1064 509 1126 cui
540 1065 730 1128 simul
758 1065 966 1128 infula
996 1066 1334 1151 virgineos
1365 1068 1612 1131 circum
1643 1069 1803 1133 data
1834 1078 2141 1157 comptus

405 1199 488 1241 ex
516 1186 805 1263 utraque
833 1181 978 1264 pari
1009 1180 1325 1244 malarum
1354 1189 1549 1267 parte
1579 1182 1951 1267 profusast,

405 1301 472 1356 et
501 1301 783 1357 mestum
813 1295 1005 1358 simul
1035 1302 1187 1358 ante
1217 1317 1369 1360 aras
1401 1296 1674 1361 adstare
1703 1304 2047 1384 parentem

408 1410 617 1473 sensit
637 1458 650 1483 ‚
677 1417 744 1472 et
771 1408 951 1472 hunc
980 1418 1261 1496 propter
1289 1411 1537 1475 ferrum
1570 1412 1786 1475 celare
1814 1413 2179 1488 ministros,

406 1531 818 1608 aspectuque
849 1545 970 1587 suo
996 1525 1299 1589 lacrimas
1331 1526 1670 1590 effundere
1702 1527 1894 1602 civiS‚

404 1644 588 1700 muta
614 1645 794 1701 metu
826 1651 1071 1702 terram
1101 1640 1380 1724 genibus
1413 1642 1762 1706 summissa
1789 1642 2093 1727 petebat:

405 1772 532 1814 nec
563 1736 840 1816 miserae
867 1753 1198 1839 prodesse
1228 1755 1295 1816 in
1325 1755 1443 1818 tali
1472 1764 1773 1843 tempore
1807 1756 2040 1839 quibat

407 1864 593 1950 quod
621 1867 841 1952 patrio
872 1868 1186 1954 princeps
1219 1867 1505 1933 donarat
1531 1871 1799 1934 nomine
1829 1891 2080 1956 regem:

407 2001 558 2043 nam
589 1980 855 2046 sublata
881 1983 1097 2046 virum
1125 1984 1428 2047 manibus
1462 1984 2016 2070 tremibundaque
2047 1983 2136 2047 ad
2164 2006 2315 2048 aras

408 2093 766 2160 deductast
783 2146 797 2172 ‚
821 2118 957 2160 non
985 2105 1061 2162 ut
1090 2097 1389 2161 sollemni
1415 2119 1601 2161 more
1633 2121 1970 2163 sacrorum

406 2209 705 2293 perfecto
733 2219 972 2294 posset
1002 2211 1183 2274 claro
1217 2213 1514 2276 comitari
1543 2212 1968 2299 Hymenaee,

409 2323 532 2387 sed
564 2332 752 2388 casta
778 2326 1069 2400 inceste,
1090 2324 1388 2387 nubendi
1417 2332 1721 2431 tempore
1748 2326 1818 2388 in
1846 2328 2029 2410 ips0‚

408 2438 631 2502 hostia
660 2424 1043 2502 concideret
1071 2426 1364 2501 mactatu
1389 2446 1645 2502 maesta
1672 2440 2001 2523 parentiS‚

413 2554 628 2618 exitus
657 2561 735 2618 ut
764 2554 962 2618 classi
987 2552 1148 2618 felix
1175 2518 1573 2639 faustusque
1605 2554 1911 2617 daretur.

409 2675 667 2731 tantum
693 2669 924 2754 religio
955 2669 1177 2754 potuit
1205 2667 1491 2732 suade-re
1519 2669 1872 2733 malorum.

494 2780 805 2846 Tutemet
834 2803 874 2845 a
901 2784 1142 2848 nobis
1125 2804 1254 2845 iam
1285 2784 1526 2868 quovis
1559 2791 1859 2869 tempore
1888 2789 2114 2845 vatum

411 2896 794 2979 terriloquis
822 2896 1040 2959 victus
1071 2894 1268 2958 dictis
1300 2885 1676 2961 desciscere
1708 2917 2023 2981 quaeres.
2219 2944 2240 2972 .,

2205 2971 2232 2993 ⁸*

414 3010 662 3096 quippe
693 3010 933 3072 etenim
965 3029 1164 3093 quam
1191 3009 1401 3073 multa
1428 3011 1547 3074 tibi
1573 3012 1703 3073 iam
1731 3011 1982 3095 fingere
2010 3015 2303 3096 possunt

410 3124 696 3200 somnia,
727 3145 898 3209 quae
926 3124 1105 3188 v'itae
1134 3124 1429 3188 rationes
1458 3132 1722 3188 vertere
1753 3125 2018 3210 possint

412 3238 854 3323 fortunasque
881 3247 1032 3303 tuas
1064 3239 1276 3321 omnis
1305 3239 1579 3303 turbare
1609 3240 1873 3303 timore!

332 3373 336 3377 ·
387 3360 488 3416 -et
514 3354 784 3417 merito:
806 3375 960 3417 nam
990 3354 1047 3417 si
1077 3361 1324 3418 certam
1353 3354 1550 3419 finem
1582 3376 1728 3423 esse
1756 3353 2067 3418 viderent

275 3714 368 3760 110

415 3488 875 3532 aerumnarum
902 3468 1204 3532 homines
1225 3518 1239 3545 ‚
1263 3453 1485 3555 aliqua
1512 3470 1768 3533 ratione
1796 3470 2102 3533 valerent

414 3583 844 3668 religionibus
875 3591 1077 3668 atque
1105 3584 1296 3647 minis
1316 3567 1658 3648 ¹obsistere
1688 3591 1942 3647 vatum:

412 3719 590 3761 nunc
617 3698 789 3761 ratio
819 3698 1000 3761 nulla
1032 3705 1136 3762 est
1162 3698 1496 3773 restandi,
1518 3698 1701 3761 nulla
1728 3698 2014 3761 facultas
2030 3747 2044 3768 ‚

417 3819 725 3876 aeternas
757 3814 1068 3898 quoniam
1095 3834 1352 3899 poenas
1380 3814 1450 3876 in
1479 3819 1694 3876 morte
1724 3811 2181 3876 timendumst.

415 3927 762 4012 ignoratur
793 3929 961 3990 enim
995 3949 1165 4013 quae
1197 3929 1284 3992 sit
1310 3935 1553 3991 natura
1581 3928 1848 4003 animai,

416 4048 578 4105 nata
606 4041 693 4105 sit
710 4090 725 4117 ,
746 4063 831 4105 an
862 4049 1100 4106 contra
1127 4042 1562 4106 nascentibus
1591 4043 1963 4105 insinuetur
1983 4089 1996 4114 ‚

421 4163 490 4219 et
519 4157 711 4220 simul
737 4155 1019 4220 intereat
1048 4156 1394 4222 nobiscum
1425 4164 1640 4220 morte
1672 4156 2027 4241 dirempta,

425 4408 488 4453 84
525 4404 702 4455 triviat
737 4402 757 4470 ΙΙ
799 4409 892 4455 102
931 4402 1154 4472 quodvis
1191 4401 1212 4471 ΙΙ
1255 4408 1350 4455 104
1386 4419 1634 4472 possum.
1673 4402 1694 4470 ΙΙ
1738 4407 1830 4452 111
1872 4397 2184 4452 timendum.
