2840 5008
470 362 559 430 40
1339 382 1373 409 ··
1563 363 1594 430 Ι

469 560 708 601 mmm
744 586 755 600 .
799 535 1188 617 Quadratus
1218 583 1232 609 ‚
1267 535 1561 601 schedae
1580 585 1595 612 ,
1621 543 1967 601 corrector
1999 537 2307 623 oblongi,
2328 538 2656 605 Marullus
2675 590 2693 615 ‚

469 657 726 710 AQUAI
759 659 772 697 ε
811 636 1147 699 Antonius
1177 633 1377 697 Marii
1424 642 1492 698 et
1513 635 1674 698 =olim
1701 635 2012 721 impressi
2041 659 2350 722 aquarum
2385 685 2400 701 .
2441 637 2692 702 deinde

469 732 801 797 Marullus
831 736 971 798 saxi
1001 741 1070 796 et
1096 730 1301 817 paulo
1345 733 1599 797 rectius
1626 731 2091 797 Wakefieldus
2123 755 2419 800 SAX1s'r
2445 783 2463 810 ‚
2502 735 2696 820 quod

468 832 616 916 ipse
645 832 871 916 inepte
901 831 1176 916 scripsit
1202 831 1343 893 saxi
1373 844 1458 894 est
1489 880 1501 894 .
1542 833 1854 917 genetivo
1899 839 2125 896 autem
2156 855 2327 920 opus
2361 842 2462 898 est
2490 884 2505 910 ‚
2542 836 2691 898 sive

470 952 774 1015 aquarum
801 930 1174 994 scribamus
1205 929 1347 991 sive
1377 932 1566 1015 aquai
1593 956 1613 992 .·
1646 951 1800 992 nam
1832 929 1917 993 de
1950 929 2196 994 dativis
2224 931 2294 994 in
2324 935 2389 995 ai
2418 932 2693 1020 disylla-

466 1028 608 1090 bon
651 1029 1049 1093 exeuntibus
1091 1048 1306 1112 nugas
1348 1034 1631 1090 narrant
1673 1028 2086 1112 grammatici
2128 1035 2484 1112 poetarum
2523 1052 2691 1094 usus

467 1126 685 1212 ignari
714 1176 728 1190 .
759 1128 867 1191 his
898 1137 1122 1191 tamen
1149 1127 1475 1212 imperitis
1506 1127 1564 1190 is
1597 1126 2143 1193 annumerandus
2174 1134 2281 1190 est
2310 1128 2426 1212 qui
2452 1128 2690 1192 horum

467 1247 785 1289 versuum
816 1225 1097 1313 alterum
1126 1225 1322 1289 fecit:
1346 1226 1403 1289 is
1437 1225 1607 1288 enim
1627 1273 1642 1300 ‚
1667 1225 1725 1289 si
1757 1225 2122 1310 elegantias
2151 1225 2587 1302 Wakefieldj,
2613 1234 2694 1290 ut

468 1345 593 1408 par
625 1334 731 1388 est
757 1373 772 1400 ‚
811 1325 1119 1389 reicimus
1147 1372 1166 1404 ‚
1206 1345 1344 1387 non
1387 1324 1704 1408 procedit
1735 1371 1751 1399 ‚
1785 1324 1914 1387 nisi
1957 1325 2029 1387 in
2056 1323 2285 1407 priore
2317 1321 2527 1386 dativi
2554 1325 2696 1387 sint

467 1423 634 1485 saxis
660 1425 789 1508 ἐφη·
819 1426 1008 1509 aquai
1037 1471 1049 1484 .
1091 1444 1490 1508 quamquam
1530 1423 1661 1486 iste
1703 1422 1901 1486 huius
1929 1421 2246 1485 versiculi
2272 1442 2520 1505 parens
2547 1471 2562 1498 ‚
2590 1421 2694 1486 fe-

467 1527 609 1582 tum
638 1543 830 1584 suum
860 1521 1225 1605 proiecisse
1257 1528 1618 1586 contentus
1635 1569 1650 1596 ‚
1673 1542 1759 1584 ne
1793 1520 2185 1584 emendasse
2210 1518 2479 1604 quidem
2504 1522 2695 1605 prio-

468 1638 610 1680 rem
640 1618 729 1681 ad
756 1626 1043 1683 mentem
1077 1641 1259 1683 suam
1294 1621 1562 1684 videtur
1595 1668 1610 1695 ,
1647 1627 1764 1683 aut
1806 1626 1989 1683 certe
2028 1619 2099 1682 in
2137 1620 2267 1703 iyni
2309 1618 2371 1681 ei
2405 1639 2538 1681 non
2562 1640 2695 1702 pa-

468 1724 751 1779 ruerunt
791 1716 1043 1782 librarii
1074 1768 1087 1781 .
1120 1739 1247 1782 nos
1288 1740 1454 1782 vero
1494 1718 1677 1782 hunc
1717 1719 2040 1781 lectorem
2065 1719 2518 1802 importunum
2557 1718 2695 1780 iam

467 1814 776 1879 novimus
812 1865 826 1891 ‚
867 1819 981 1902 qui
1025 1840 1175 1882 cum
1216 1840 1423 1903 supra
1464 1817 1585 1882 334
1614 1817 1932 1881 Lucretio
1972 1817 2041 1879 in
2087 1814 2469 1879 definiendo
2508 1815 2697 1878 inani

469 1913 665 1974 locum
694 1915 981 1990 intactum
1009 1916 1291 2003 largitus
1324 1924 1506 1981 esset
1533 1964 1550 1992 ‚
1589 1917 1870 1980 eandem
1899 1937 2039 1979 rem
2068 1914 2179 1978 hic
2208 1915 2452 1977 iterum
2480 1914 2694 1977 incul-

471 2011 649 2074 cavit
685 2036 699 2088 3
753 2014 823 2076 in
869 2037 1002 2099 quo
1047 2017 1243 2079 simul
1286 2015 1587 2080 ostendit
1629 2036 1702 2078 se
1748 2020 1866 2078 aut
1907 2013 2337 2098 peregrinum
2361 2033 2531 2082 ,esse
2576 2019 2696 2075 aut

467 2130 703 2192 parum
743 2100 1135 2198 ⁴percepisse
1178 2115 1447 2201 linguae
1489 2114 1775 2177 Latinae
1817 2111 2156 2198 ingenium
2195 2159 2207 2174 .
2249 2132 2406 2173 nam
2432 2113 2697 2175 intactus

468 2214 656 2287 recito
691 2231 854 2273 casu
885 2218 1017 2286 ‚'ut
1044 2234 1171 2297 pro
1205 2213 1630 2277 substantivo
1663 2213 1751 2275 sit
1778 2259 1793 2286 ,
1826 2210 2068 2275 Latine
2101 2209 2234 2273 dici
2260 2220 2400 2272 non
2424 2216 2696 2293 potest,

471 2307 1010 2390 quoniamhuius
1041 2312 1225 2375 modi
1254 2310 1681 2396 participalia
1712 2332 1859 2374 cum
1888 2311 1955 2371 in
1983 2301 2309 2393 negativo⁴
2332 2309 2700 2372 coniuncta

466 2425 606 2467 non
632 2406 759 2469 nisi
787 2428 991 2471 unum
1026 2431 1254 2474 casum
1284 2409 1621 2493 recipiunt
1649 2457 1664 2484 ‚
1697 2410 1931 2471 iniussu
1959 2456 1976 2486 ,
2007 2409 2240 2470 incultu
2268 2456 2286 2486 ,
2313 2408 2695 2487 inconsultu,

466 2503 744 2569 invocata
764 2555 776 2568 .
800 2507 1041 2572 horum
1071 2517 1415 2593 postremo
1438 2507 1697 2572 Fronto
1730 2528 1893 2570 usus
1926 2514 2030 2570 est
2049 2527 2114 2589 p.
2138 2502 2252 2569 172
2284 2504 2443 2569 edit.
2465 2503 2661 2569 Rom.
2681 2553 2695 2579 ‚

470 2603 657 2666 cuius
686 2606 900 2669 verba
929 2607 1218 2681 subieci,
1240 2615 1318 2670 ut
1349 2607 1706 2670 emendata
1734 2607 2118 2691 legerentur
2141 2652 2154 2667 .
2185 2605 2289 2667 An
2320 2627 2456 2666 cum
2485 2604 2694 2668 labore

468 2702 710 2785 quidem
740 2714 798 2764 et
821 2703 1018 2767 studio
1047 2704 1406 2787 investiyare
1433 2704 1616 2766 verba
1647 2705 1945 2787 eleyantz‘a
1961 2700 2248 2786 prohibes
2265 2748 2283 2779 ,
2314 2702 2525 2764 eadem
2550 2725 2695 2765 vero

466 2799 520 2858 si
547 2798 705 2859 ultro
733 2801 787 2860 si
812 2800 1046 2862 iniussu
1077 2811 1253 2885 atque
1280 2802 1564 2862 invoca-tu
1594 2821 1724 2862 meo
1764 2801 2035 2862 venerint
2060 2847 2077 2877 ,
2120 2810 2189 2861 uc
2213 2799 2569 2862 Menelaum
2615 2801 2697 2863 ad

467 2896 678 2977 epulas
707 2944 724 2974 ,
769 2898 1011 2960 interim
1051 2899 1294 2982 quidem
1321 2898 1516 2982 recipi
1544 2898 1710 2959 iubes
1740 2895 1770 2958 {2
1816 2895 2057 2980 scripsi
2086 2896 2259 2959 enim
2285 2897 2527 2959 interim
2556 2900 2693 2983 qui-

467 2992 635 3072 dem,
657 2992 791 3057 1106
823 3001 927 3057 est
956 2996 1325 3078 tantisper„
1348 2996 1465 3059 ubi
1492 2995 1564 3057 in
1593 2993 1829 3058 codice
1858 2992 2079 3056 fertur
2097 2995 2537 3072 essevenerint
2554 2997 2693 3080 qui-

469 3092 603 3154 dem
635 3142 646 3155 .
688 3094 772 3159 ab
803 3093 885 3156 iis
913 3092 1334 3177 monoptotis
1367 3113 1539 3176 quae
1573 3091 1712 3173 dixi
1740 3112 1879 3153 non
1906 3089 2108 3155 valde
2139 3089 2457 3154 differunt
2484 3091 2694 3165 haec,

465 3192 741 3255 inmerito
756 3241 774 3272 ,
789 3193 1048 3266 indebito
1060 3241 1077 3271 ,
1094 3192 1462 3275 ina‘uyurato
1476 3240 1492 3269 ,
1511 3191 1889 3274 inauspicato
1905 3236 1919 3262 ‚
1935 3190 2231 3268 intestato,
2249 3191 2549 3273 imperato
2559 3239 2577 3269 ,
2595 3193 2692 3253 in-

467 3290 707 3372 opinato
728 3338 746 3369 ,
775 3291 1104 3353 incons‘edto
1123 3339 1142 3370 ,
1171 3291 1474 3375 inproviso
1494 3337 1512 3368 ,
1543 3289 1921 3372 inexplorato
1936 3335 1955 3366 ,
1977 3287 2395 3371 inpraepedito
2426 3334 2439 3347 .
2473 3288 2541 3350 in
2566 3287 2688 3350 1110

464 3386 692 3469 priore
715 3394 939 3450 tamen
961 3409 1207 3474 genere
1223 3387 1487 3450 Livium
1507 3385 1758 3449 dixisse
1774 3385 2012 3448 volunt
2028 3386 2099 3447 in
2115 3407 2257 3447 xnn
2274 3433 2288 3459 ‚
2310 3384 2404 3460 12,
2418 3385 2455 3447 7
2464 3410 2582 3471 per
2593 3388 2692 3449 in-

468 3485 724 3565 cultum,
750 3507 883 3571 quo
914 3486 1065 3549 loco
1100 3486 1514 3571 aptissimum
1550 3492 1653 3547 est
1672 3507 1791 3568 per
1811 3481 2112 3547 indultum
2133 3507 2208 3546 ac
2228 3484 2693 3567 neyleyentiam:

468 3589 656 3647 recto
689 3607 851 3662 casu
878 3584 1327 3670 interpolator
1355 3591 1592 3647 noster
1620 3581 2072 3667 philosophus
2103 3604 2267 3645 usus
2300 3587 2405 3645 est
2436 3582 2624 3647 solus
2644 3630 2657 3644 .
2685 3643 2690 3647 .

628 3683 771 3748 455.
816 3677 1286 3747 PAUPER'TAS
1319 3704 1824 3757 DIVIAEQUE.
1869 3681 2232 3745 Corrector
2264 3680 2538 3766 oblongi
2570 3704 2690 3745 Dl-

466 3802 510 3842 v
526 3804 547 3842 1
565 3805 604 3843 ‘r
620 3806 641 3844 1
657 3804 701 3844 A
715 3805 753 3844 E
774 3805 813 3857 Q
830 3805 871 3845 U
889 3807 926 3845 E
949 3833 961 3845 .
1563 3773 1566 3780 ’
2425 3783 2431 3796 ’

631 3879 772 3942 458.
815 3903 1141 3943 Evnnro
1183 3902 1510 3943 vocARE
1542 3929 1555 3943 .
1585 3879 1773 3944 Idem
1801 3900 2123 3942 EVENTA
2158 3926 2170 3940 .
2211 3878 2434 3942 locum
2464 3881 2693 3963 proxi·-

465 3997 643 4039 mum
673 4025 687 4050 ,
728 3978 838 4060 qui
873 3985 977 4039 est
1008 3976 1093 4040 de
1138 3983 1444 4060 tempore
1474 4025 1489 4052 ,
1532 3976 1863 4062 significat
1894 3976 2171 4041 Servius
2215 3974 2306 4039 ad
2348 3977 2691 4041 Aeneidos

468 4098 565 4149 111,
585 4073 704 4137 587
739 4082 807 4136 et
838 4095 952 4147 v11,
970 4073 1066 4135 37.
2217 4147 2220 4148 ⁷

630 4172 770 4236 467.
816 4192 1140 4233 EVENTA
1171 4194 1498 4235 FUEmtr.
1535 4171 1687 4235 Hoc
1719 4193 1802 4235 ex
1847 4195 2248 4247 FUERUNT,
2287 4194 2420 4235 UNT
2450 4173 2693 4237 litteris

465 4270 813 4357 angustius
839 4270 1207 4350 contractis
1230 4270 1485 4354 scripto
1512 4319 1527 4346 ,
1556 4269 1751 4333 facile
1773 4271 1962 4334 nasci
1982 4271 2208 4354 potuit
2225 4319 2239 4345 ‚
2265 4271 2610 4356 etfuerunt
2626 4272 2693 4335 in

467 4370 737 4434 schedis
784 4390 934 4434 esse
981 4366 1244 4432 Gudius
1288 4368 1954 4453 Henrichseniusque
2001 4375 2339 4432 testantur
2374 4417 2386 4429 .
2438 4370 2537 4432 ita
2581 4369 2689 4433 hic
