2840 5008
1141 357 1268 424 IIII
2195 353 2327 420 135

87 536 285 598 omnia
314 554 489 618 quae
520 532 770 596 circum
799 530 1077 603 feriunt,
1101 528 1461 611 sonituque
1493 527 1778 590 cientur.
1829 532 1842 538 “

86 662 144 711 at
169 648 517 711 simulacra
545 645 674 708 viis
706 642 992 706 derectis
1026 643 1244 706 omnia
1270 640 1561 705 tendunt

47 787 51 819 ι
82 771 144 825 ut
168 769 323 826 sunt
350 761 558 823 missa
588 757 825 833 seme13
848 777 983 841 qua
1010 765 1289 841 propter
1321 775 1595 819 cernere
1624 775 1818 817 nemo

86 896 333 961 saepem
359 874 541 936 intra
567 872 752 959 potis
780 879 884 934 est
902 918 917 943 ‚
942 878 1010 934 at
1037 892 1242 935 voces
1273 841 1576 953 accipere
1608 876 1826 931 extra.

88 998 143 1053 et
165 997 384 1053 tamen
402 987 563 1071 ‘ipsa
593 1006 863 1070 quoque
893 984 1060 1049 haec
1080 1033 1095 1059 ‚
1121 983 1278 1047 dum
1306 983 1547 1047 transit
1577 982 1803 1046 clausa
1832 981 2206 1056 domorum,

82 1125 201 1166 vox
229 1100 628 1188 optunditur
659 1108 863 1184 atque
893 1099 1069 1162 auris
1102 1097 1379 1163 confusa
1405 1104 1746 1183 penetrat,

87 1225 143 1281 et
167 1217 454 1280 sonitum
485 1212 715 1299 potius
747 1233 944 1296 quam
980 1213 1188 1276 verba
1218 1211 1449 1274 audire
1482 1209 1814 1273 videmur.

47 1365 52 1388 .
150 1330 288 1393 Nec
307 1378 323 1404 ‚
347 1329 463 1413 qui
492 1326 810 1390 sentimus
843 1347 1073 1389 sucum
1093 1375 1108 1401 ‚
1130 1325 1354 1411 lingua
1382 1333 1585 1409 atque
1616 1325 1910 1410 palatum

85 1443 440 1530 plusculum
469 1440 723 1504 habent
751 1440 820 1501 in
851 1461 922 1502 se
952 1441 1230 1504 rationis
1259 1440 1410 1525 plus
1443 1430 1830 1523 operaeve.'

86 1557 393 1644 principio
425 1575 655 1618 sucum
687 1554 1004 1616 sentimus
1034 1555 1101 1616 in
1134 1574 1284 1623 ore,
1310 1554 1526 1617 cibum
1558 1575 1706 1616 cum

86 1668 447 1734 mandendo
480 1667 901 1751 exprimimus
921 1716 936 1741 ‚
962 1689 1084 1731 ceu
1112 1668 1372 1752 plenam
1405 1666 1752 1752 spongiam
1783 1668 1978 1752 aquai

88 1786 273 1870 siquis
303 1782 483 1845 forte
513 1802 713 1844 manu
741 1798 1043 1865 premere
1074 1803 1152 1845 ac
1183 1782 1437 1845 siccare
1470 1782 1720 1867 coepit.

47 1915 54 1956 t
85 1897 221 1961 inde
251 1895 438 1982 quod
470 1895 891 1981 exprimimus
921 1916 1043 1980 per
1075 1895 1296 1959 caulas
1328 1916 1523 1959 omne
1552 1896 1759 1979 palati
1794 1885 1798 1889 ⁴

90 2010 320 2075 diditur
350 2017 420 2073 et
446 2027 638 2072 rarae
669 2009 994 2094 perplexa
1021 2010 1346 2073 foramina
1376 2010 1665 2094 linguae.

89 2124 204 2188 hoc
229 2126 341 2189 ubi
369 2124 541 2188 levia
570 2132 728 2187 sunt
754 2125 1080 2187 manantis
1112 2145 1400 2208 corpora
1429 2124 1605 2196 suci,

89 2240 361 2302 suaviter
392 2239 728 2323 attingunt
757 2244 824 2300 et
852 2238 1143 2301 suaviter
1174 2238 1393 2300 omnia
1424 2243 1749 2311 tractant,

90 2351 291 2415 umida
318 2353 567 2437 linguai
598 2352 842 2414 circum
873 2351 1162 2416 sidentia
1191 2342 1466 2438 templa:

47 2480 57 2524 5
90 2474 147 2530 at
173 2475 401 2532 contra
427 2473 734 2553 pungunt
764 2486 1029 2528 sensum
1062 2465 1491 2550 lacerantque
1522 2473 1758 2530 coorta
1776 2515 1790 2541 ‚

94 2595 320 2666 quanto
354 2601 660 2666 quaeque
690 2580 897 2664 magis
929 2588 1087 2643 sunt
1116 2580 1481 2666 asperitate
1511 2581 1796 2666 repleta.

92 2695 309 2759 deinde
337 2696 653 2781 voluptas
684 2701 788 2757 est
818 2716 854 2756 e
883 2714 1044 2756 suco
1074 2694 1203 2756 fine
1234 2693 1470 2779 palati:

93 2831 220 2872 cum
245 2831 406 2873 vero
440 2808 754 2871 deorsum
784 2830 905 2893 per
933 2806 1161 2871 fauces
1192 2807 1693 2894 praecipitavit,

92 2923 248 2986 nulla
275 2925 591 3008 voluptas
624 2930 728 2985 est
746 2971 760 2997 ,
785 2921 940 2984 dum
971 2920 1221 2986 diditur
1253 2923 1464 2986 omnis
1494 2923 1563 2985 in
1592 2929 1778 2984 artus
1812 2968 1823 2981 .

47 3049 63 3093 ο
95 3057 198 3100 nec
223 3038 429 3101 refert
460 3037 813 3122 quicquam
845 3058 979 3119 quo
1011 3037 1196 3100 victu
1224 3058 1473 3123 corpus
1504 3037 1746 3109 alatur,

99 3148 231 3213 dum
255 3150 455 3214 modo
489 3149 675 3235 quod
709 3151 933 3234 capias
965 3159 1358 3214 concoctum
1390 3149 1623 3213 didere
1654 3150 1872 3234 possis

99 3265 347 3329 artubus
379 3272 446 3328 et
477 3263 804 3328 stomachi
831 3263 1194 3328 umidulum
1226 3286 1496 3328 servare
1526 3273 1858 3356 tenore-m.

163 3378 346 3443 Nunc
377 3380 533 3443 aliis‘
552 3379 716 3441 alius
749 3378 861 3462 qui
893 3379 980 3442 sit
1010 3380 1195 3443 cibus
1227 3380 1461 3442 unicus
1492 3386 1690 3463 aptus
1844 3368 1856 3379 ’

101 3492 419 3576 expediam
440 3543 455 3570 ,
481 3512 772 3578 quareve
794 3541 809 3565 ‚
832 3493 975 3556 aliis
1008 3493 1194 3579 quod
1225 3495 1415 3557 triste
1449 3501 1516 3557 et
1545 3501 1932 3568 amarumst‚

48 3616 65 3659 5
97 3601 207 3667 hoc
230 3613 451 3671 tamen
484 3628 635 3671 esse
665 3607 808 3670 aliis
839 3608 1056 3695 possit
1085 3607 1405 3692 perdulce
1435 3607 1676 3679 videri,

98 3724 387 3805 tantaque
416 3722 488 3784 in
514 3720 622 3783 his
650 3721 853 3784 rebus
887 3721 1206 3786 distantia
1237 3721 1723 3805 differitasque,

97 3839 161 3895 ut
183 3835 358 3918 quod
387 3834 477 3898 ali
508 3834 696 3898 cibus
729 3844 832 3898 est
863 3835 1004 3899 aliis
1034 3836 1179 3901 fuat
1208 3858 1361 3900 acre
1389 3856 1748 3909 venenum3

103 4066 186 4114 608
216 4065 425 4118 fuerunt
487 4066 508 4134 ΙΙ
563 4071 661 4118 609
699 4067 779 4119 vis
834 4068 854 4135 ΙΙ
910 4072 1005 4118 611
1048 4068 1220 4136 Saepe
1256 4084 1418 4136 supra
1474 4067 1492 4135 ΙΙ
1548 4072 1645 4117 612
1685 4064 1961 4117 domorum
1999 4071 2263 4117 omissum.
2315 4064 2334 4130 ΙΙ

107 4147 187 4196 615
219 4147 338 4201 Hoc
400 4150 421 4219 ΙΙ
485 4154 584 4200 616
624 4166 813 4219 opere.
888 4150 907 4218 ΙΙ
979 4155 1074 4200 622
1113 4141 1404 4201 ῐηειῐιαῃῐθε
1452 4149 1469 4215 ΙΙ
1542 4153 1640 4200 624
1679 4147 1894 4201 Umidai
1928 4146 2109 4216 lingua
2170 4145 2189 4214 ΙΙ
2246 4162 2333 4196 su-

103 4224 257 4281 dantia
322 4231 342 4298 ΙΙ
416 4235 512 4282 631
554 4247 771 4301 posseS.
845 4234 865 4301 ΙΙ
937 4237 1033 4283 632
1072 4231 1302 4284 umidum
1375 4229 1395 4300 ΙΙ
1472 4238 1567 4283 633
1608 4241 1666 4285 ut
1702 4231 2003 4284 videamuS.
2067 4229 2087 4296 ΙΙ
2149 4232 2247 4279 636
2283 4226 2335 4276 in

104 4306 344 4366 omissum.
379 4312 400 4380 11
443 4321 551 4366 est.
589 4315 610 4382 Η
652 4320 746 4366 637
786 4314 900 4366 aliis
938 4315 1086 4366 cibus
1125 4316 1144 4385 ΙΙ
1181 4311 1323 4367 fruat
