2840 5008
1174 396 1243 464 V
2172 392 2311 461 329

80 587 146 644 et
163 578 400 643 Varro
421 574 723 640 Lucilius
741 596 757 651 3
782 573 971 637 cuius
992 571 1165 636 haec
1188 577 1349 635 sunt
1362 574 1732 655 praecepta
1749 616 1765 644 ‚
1786 591 1980 655 porro
2000 568 2112 634 hoc
2128 569 2315 659 ,filin'

80 679 241 743 Luci
259 726 277 753 ,
314 675 573 740 Feceris
600 675 625 736 i
650 673 844 738 solum
859 721 877 752 ,
905 682 973 735 nt
999 671 1241 735 Corneli
1277 670 1680 758 Cornificique
1695 717 1714 748 ‚
1737 668 1894 731 item
1923 670 1948 731 i
1973 670 2028 731 si
2037 668 2198 755 saoi’
2218 693 2314 734 so·

78 779 235 851 lmn,
267 773 555 859 Papini,
573 772 795 857 pueri,
825 770 1068 849 Lucili,
1098 769 1209 833 hoo
1235 769 1556 857 nniw'fiet'.
1589 787 1798 851 quare
1827 788 1964 830 non
1993 766 2316 833 debemus

79 874 364 939 credere
395 871 731 936 Lucilium
774 870 904 934 hos
945 869 1296 955 genetivos
1325 869 1350 930 i
1380 865 1632 951 duplici
1675 864 2008 929 finiendos
2036 886 2315 949 praece-

76 974 259 1057 pisse
282 1020 302 1049 ‚
334 970 651 1057 quamvis
678 967 1042 1033 Caesellius
1063 966 1338 1032 Vindex
1361 964 1706 1050 'quendam
1738 964 1878 1028 eius
1907 965 2314 1028 versiculum

77 1072 172 1134 ita
197 1068 651 1155 interpretari
679 1066 993 1131 videatur
1035 1064 1219 1150 apud
1248 1063 1649 1138 Putschium
1677 1086 1739 1147 p.
1763 1061 1928 1126 2318
1958 1109 1973 1137 ‚
2017 1053 2216 1147 quem
2242 1065 2315 1127 in
2360 1117 2365 1121 .

81 1169 504 1233 contrariam
533 1172 795 1252 partem
816 1172 1005 1230 recte
1027 1164 1368 1249 accipiunt
1387 1155 1582 1227 Beda
1601 1183 1668 1246 p.
1687 1160 1850 1225 2373
1876 1168 1944 1225 et
1968 1159 2314 1227 Charisius

81 1288 142 1350 p.
161 1265 281 1330 60.
327 1265 463 1330 sed
503 1265 575 1329 in
605 1263 891 1328 Charisii
935 1262 1171 1338 codice
1216 1260 1382 1346 q'uid
1428 1261 1552 1335 sit,
1596 1280 1737 1323 non
1781 1280 1823 1323 a
1848 1258 2314 1326 Lindemanno

86 1363 495 1429 discendum
540 1372 680 1437 est,
725 1360 851 1426 sed
894 1381 978 1425 ex
1008 1359 1092 1423 H.
1123 1358 1325 1426 Keilii
1364 1359 1436 1421 in
1467 1358 1793 1422 Catonem
1837 1364 1907 1421 et
1933 1356 2314 1424 Varronem

87 1461 688 1526 observationibus
717 1480 782 1543 p.
802 1457 884 1522 96
903 1507 917 1522 .
944 1458 1176 1542 itaque
1207 1456 1712 1543 grammaticum
1741 1456 1912 1521 haec
1941 1456 2028 1521 de
2057 1457 2314 1523 Lucilio

86 1558 447 1644 scripsisse
494 1565 750 1623 certum
782 1564 924 1631 est,
969 1557 1333 1643 Numquam
1375 1558 1538 1620 enim
1578 1555 1691 1619 hoc
1731 1557 2058 1636 intulisset,
2099 1559 2219 1621 nisi
2261 1571 2319 1623 et

88 1658 469 1721 Numerium
484 1680 608 1742 per
635 1658 660 1719 i
685 1656 865 1719 liuius
895 1656 1164 1720 Numeri
1184 1654 1555 1741 faciendum
1583 1654 1853 1719 crederet
1870 1680 1892 1717 .·
1932 1655 2171 1719 Lucilii
2199 1678 2321 1720 au-

88 1764 218 1818 tem
248 1776 531 1820 versum
560 1754 651 1817 ad
687 1753 869 1817 hunc
896 1752 1040 1818 fere
1067 1751 1345 1816 modum
1376 1774 1527 1816 cum
1557 1745 1787 1816 cetera
1816 1755 2125 1818 oratione
2156 1777 2317 1818 con-

90 1854 389 1918 iunctum
434 1854 649 1918 fuisse
694 1853 1039 1938 suspicor,
1079 1846 1462 1937 ‘'[memento]
1501 1851 1807 1917 Servandi
1847 1853 2117 1917 Numeri
2130 1856 2166 1933 ‚³
2203 1878 2317 1918 nu-

90 1975 319 2016 merum
362 1964 436 2017 nt
476 1954 763 2016 servemu’
814 1952 1180 2036 modumque
1206 1998 1224 2029 ,
1263 1948 1585 2033 [Dicimu’
1607 1974 1628 2012 .·
1680 1950 1845 2035 quod
1881 1952 1936 2013 si
1979 1951 2101 2014 alio
2131 1963 2319 2035 pacto

94 2045 305 2114 nomen
334 2061 705 2136 pateremur
747 2049 966 2113 Versus
987 2096 1003 2123 ‚
1047 2048 1333 2111 dixissem
1370 2041 1750 2110 ‘servandum
1800 2059 1919 2111 tute
1958 2051 2324 2134 mementol]

95 2160 389 2214 ceterum
437 2156 784 2214 extremae
825 2147 1250 2234 ignorantiae
1294 2152 1400 2210 est
1431 2167 1712 2230 puqnam
1738 2145 2032 2229 Pompilii
2058 2146 2318 2211 Lucilio

98 2245 437 2334 adfingere
457 2297 473 2324 ‚
509 2268 685 2333 quae
710 2246 997 2311 debetur
1017 2243 1308 2311 librariis
1330 2242 1537 2308 Nonii
1556 2264 1621 2327 p.
1642 2241 1782 2323 255,
1811 2243 1884 2306 15
1903 2291 1919 2319 ‚
1950 2265 2100 2307 cum
2125 2266 2319 2329 aper-

97 2351 231 2407 tum
254 2347 344 2411 sit
374 2352 655 2432 politam
679 2345 1033 2429 scripsisse
1057 2343 1365 2427 Percrepa
1390 2364 1666 2427 puynam
1683 2340 1912 2426 Popilli
1924 2390 1943 2421 ,
1957 2341 2142 2428 facta
2171 2344 2319 2408 Cor-

97 2444 213 2508 neli
240 2468 391 2510 cane
415 2470 437 2509 .·
479 2465 634 2509 nam
666 2443 757 2509 M.
781 2443 1108 2530 Popillius
1137 2441 1404 2507 Laenas
1436 2440 1695 2527 proelio
1725 2439 1946 2506 victus
1974 2447 2083 2504 est
2111 2463 2153 2504 a
2179 2440 2320 2508 Nu—

97 2545 400 2609 mantinis
421 2565 603 2608 anno
624 2544 711 2607 ab
728 2542 897 2607 urbe
916 2540 1194 2605 condita
1212 2539 1334 2603 616
1348 2586 1368 2615 ,
1381 2538 1633 2603 bellum
1648 2537 2007 2602 Africanus
2027 2539 2322 2605 confecit

101 2640 212 2704 621
238 2691 254 2717 ‚
297 2649 368 2706 et
396 2643 749 2728 pertinent
778 2640 868 2705 ad
900 2639 1185 2704 eundem
1214 2639 1436 2703 locum
1463 2637 1538 2700 hi
1565 2658 1804 2701 versus
1826 2685 1843 2712 ‚
1900 2637 1976 2701 Ut
2002 2639 2323 2704 Romanus

92 2742 351 2824 populus
378 2743 575 2805 victus
600 2742 660 2804 vi
673 2751 747 2805 ‘et
766 2749 1088 2824 superam
1103 2738 1360 2829 proeliis
1390 2737 1592 2822 Saepe
1620 2748 1705 2800 est
1728 2737 1933 2799 multis
1952 2785 1970 2816 ,
2000 2737 2153 2802 bello
2179 2762 2322 2803 vero

102 2850 430 2925 numquam
450 2888 469 2919 ,
527 2840 594 2902 in
637 2862 757 2926 quo
798 2848 939 2901 sunt
975 2837 1182 2901 omnia
1200 2884 1219 2915 ,
1261 2836 1558 2919 itemque
1600 2835 1711 2914 hi,
1762 2836 1983 2900 Contra
2007 2836 2324 2926 flayitium

102 2946 333 3001 nostrae
363 2962 433 3002 re
476 2936 689 3021 (apud
716 2935 1012 3001 Nonium
1051 2936 1117 3019 p.
1154 2934 1289 3009 186,
1309 2933 1390 2997 30
1430 2935 1688 3019 nescire)
1731 2934 1883 2999 bello
1922 2936 2083 3000 vinci
2111 2960 2152 3000 a
2181 2938 2321 3001 bar-

105 3031 277 3114 baro,
322 3036 601 3101 Viriatho
620 3084 639 3116 ,
684 3034 1038 3099 Hannibale
1060 3082 1074 3096 .
1120 3032 1409 3118 denique
1437 3032 1764 3097 Italorum
1795 3035 2122 3097 sermonis
2150 3035 2221 3097 in
2247 3055 2324 3098 re

107 3149 248 3194 cum
267 3132 378 3198 his
398 3134 733 3221 genetivis
756 3132 1303 3198 coniunctissima
1325 3131 1555 3195 similis
1575 3130 1908 3221 quaedam
1927 3131 2323 3196 vicissitudo

105 3231 711 3309 praetermittenda
740 3252 878 3295 non
905 3229 1034 3294 fuit
1053 3277 1067 3292 .
1097 3228 1344 3292 horum
1368 3229 1543 3292 enim
1571 3228 1878 3313 plerique
1901 3228 2106 3294 hodie
2123 3278 2140 3307 ‚
2172 3253 2323 3294 cum

106 3329 361 3393 emeliam
403 3329 650 3416 plurali
688 3348 968 3393 numero
1012 3326 1338 3401 efferunt,
1380 3326 1481 3396 ita
1516 3326 1834 3392 locuntur
1870 3334 1950 3390 ut
1989 3350 2064 3394 se
2091 3351 2326 3395 verum

108 3441 339 3490 sonum
360 3448 505 3492 non
528 3448 971 3513 expressuros
994 3432 1237 3510 putent
1254 3425 1423 3500 ‚nisi
1446 3431 1563 3489 aut
1584 3427 1885 3511 studiant
1904 3429 2088 3491 studii
2112 3429 2324 3515 scrip·
2417 3489 2427 3499 .

109 3522 348 3588 serint:
399 3532 642 3590 contra
668 3532 935 3589 veteres
966 3524 1387 3609 scripserunt
1411 3525 1610 3599 studi,
1653 3546 1872 3609 neque
1902 3526 2223 3589 videntur
2248 3527 2326 3590 il-

109 3614 235 3681 lum
264 3623 690 3710 pinguiorem
721 3645 961 3688 sonum
991 3623 1267 3687 audisse
1287 3670 1301 3685 .
1334 3629 1519 3685 certe
1548 3621 1924 3686 Petrarcha
1950 3623 2022 3684 in
2051 3631 2325 3687 sonetto

114 3712 224 3779 166
251 3718 387 3784 hoc
429 3721 718 3785 medium
750 3721 1041 3786 collocat
1080 3722 1258 3785 inter
1288 3720 1417 3783 alia
1449 3740 1621 3803 quae
1660 3719 1965 3783 vocalem
2006 3727 2326 3784 extenua·

110 3817 238 3876 tam
266 3816 527 3883 habent
548 3868 563 3895 ‚
606 3808 813 3884 chiudi
839 3821 996 3904 (hoc
1027 3826 1133 3883 est
1161 3820 1417 3903 claudis)
1458 3810 1619 3881 studi
1647 3819 1826 3883 crudi
1853 3820 2069 3904 iynudi
2090 3868 2103 3882 .
2147 3819 2325 3884 idem

109 3906 175 3970 in
213 3913 557 4001 triumpho
600 3919 833 3982 mortis
864 3941 906 3993 1,
925 3917 1006 3980 62
1048 3917 1242 4002 paria
1283 3917 1480 4002 ponit
1522 3926 1586 3979 tu
1622 3918 1799 4001 quida·
1819 3966 1837 3997 ,
1880 3919 1928 3980 ti
1951 3919 2117 4008 fidi,
2161 3921 2328 3984 molti

99 4004 316 4087 fastidi
335 4042 354 4091 5
399 4022 477 4078 ut
520 4014 854 4079 hodierno
887 4033 1070 4079 more
1096 4015 1331 4102 fastidj
1366 4014 1501 4079 dici
1530 4036 1665 4077 non
1697 4015 1982 4080 debeat.
2028 4017 2332 4082 similiter

114 4100 366 4173 Dantes
410 4113 481 4175 in
509 4112 842 4177 Paradiso
886 4113 1074 4188 v1,47
1120 4114 1342 4177 Decio
1373 4113 1570 4193 Fabi,
1613 4115 1854 4195 Arabi,
1896 4126 1959 4179 tu
1988 4117 2150 4195 labi,
2193 4137 2330 4178 non

119 4197 300 4287 Fabj.
343 4209 526 4273 idem
567 4211 799 4296 tripudi
818 4260 836 4292 ,
896 4233 1032 4275 non
1075 4212 1341 4295 tripndj,
1385 4211 1457 4274 in
1501 4210 1737 4275 eadem
1784 4213 2091 4276 carminis
2133 4218 2332 4296 parte

118 4316 350 4460 nulrm,
402 4297 518 4373 124
557 4356 572 4384 ,
639 4309 894 4374 scilicet
951 4310 1379 4374 coniunctum
1440 4332 1587 4374 cum
1631 4311 2051 4375 tenuioribus
2110 4311 2333 4373 virtndi

124 4401 187 4457 et
239 4401 381 4467 udi.
