2840 5008
1126 403 1251 470 1111
2189 404 2204 466 1
2230 403 2313 470 31

71 602 143 643 an
166 585 485 665 poterunt
516 576 754 641 oculos
784 595 982 639 aures
1010 574 1506 661 reprehendere
1527 620 1541 647 ‚
1565 595 1649 637 an
1679 594 1875 638 aures

66 700 267 758 tactus
288 693 321 755 P
344 714 434 756 an
461 692 648 756 hunc
676 711 883 775 porro
911 697 1164 754 tactum
1194 710 1400 775 sapor
1430 696 1665 772 arguet
1695 689 1861 762 oris,

70 829 140 872 an
166 807 616 871 confutabunt
642 824 842 890 nares
873 804 1132 869 oculive
1160 801 1554 867 revincent?

61 942 211 995 non,
232 928 311 984 ut
340 922 591 1007 opinor
610 967 624 990 ,
647 919 746 981 ita
775 928 879 981 est
898 967 911 980 .
937 939 1088 981 nam
1118 939 1422 982 seorsum
1452 917 1692 1001 cuique
1721 926 2027 1001 potestas

19 1052 31 1097 )
64 1034 355 1109 divisast,
381 1055 507 1097 sua
535 1033 638 1096 vis
669 1032 1007 1116 cuiquest,
1029 1031 1319 1117 ideoque
1351 1052 1628 1096 necesse
1661 1042 1766 1096 est

69 1156 124 1211 et
150 1147 333 1232 quod
363 1148 567 1212 molle
599 1147 687 1210 sit
718 1154 785 1210 et
812 1145 1102 1231 gelidum
1129 1145 1488 1210 fervensve
1517 1166 1822 1210 seorsum

67 1272 122 1325 et
147 1283 453 1326 seorsum
482 1261 710 1325 varios
739 1280 963 1324 rerum
990 1261 1235 1324 sentire
1270 1261 1534 1324 colores
1554 1307 1568 1334 ‚

69 1386 124 1439 et
149 1397 317 1460 quae
351 1395 645 1460 cumque
673 1375 991 1439 coloribu’
1022 1375 1155 1438 sint
1185 1375 1542 1438 coniuncta
1570 1373 1831 1439 videre:

69 1511 320 1554 seorsus
352 1492 517 1554 item
549 1511 753 1577 sapor
783 1490 921 1553 oris
949 1489 1157 1553 habet
1186 1489 1316 1553 vim
1336 1537 1351 1565 ‚
1376 1509 1647 1552 seorsus
1680 1479 1925 1555 odores

19 1620 38 1665 5
68 1613 421 1669 nascuntur
440 1653 455 1679 ‚
479 1625 743 1667 sorsum
773 1604 1031 1667 sonitus
1052 1651 1065 1665 .
1087 1601 1379 1687 ideoque
1410 1623 1686 1667 necesse
1718 1615 1822 1669 est

70 1738 189 1781 non
213 1718 486 1804 possint
514 1717 681 1780 alios
711 1718 820 1780 alii
848 1719 1245 1781 convincere
1276 1738 1515 1780 sensus
1536 1766 1550 1780 .

72 1852 178 1894 nec
204 1853 416 1917 porro
449 1840 772 1916 poterunt
800 1833 924 1916 ipsi
955 1830 1452 1917 reprehendere
1483 1854 1663 1906 sese,

75 1965 268 2029 aequa
292 1944 471 2009 fides
503 1947 815 2029 quoniam
849 1946 1121 2009 debebit
1151 1967 1412 2031 semper
1442 1946 1676 2011 haberi
1701 1998 1713 2010 .

71 2059 335 2142 proinde
368 2059 555 2144 quod
583 2059 651 2121 in
685 2067 1021 2144 quoquest
1047 2059 1154 2124 his
1183 2061 1396 2125 visum
1428 2069 1730 2146 tempore
1750 2112 1764 2137 ‚
1788 2076 2116 2130 verumst.

19 2186 43 2231 ιο
76 2181 131 2236 et
155 2174 207 2236 si
233 2195 373 2237 non
404 2172 656 2260 poterit
682 2173 855 2236 ratio
887 2172 1255 2237 dissolvere
1287 2195 1583 2249 causam,

76 2306 175 2348 cur
203 2309 279 2351 ea
309 2308 486 2373 quae
513 2286 761 2350 fuerint
787 2287 1021 2350 iuxtim
1054 2287 1386 2371 quadrata
1403 2337 1418 2364 ‚
1442 2292 1681 2377 procul
1713 2292 1848 2356 sint

75 2401 199 2464 visa
223 2400 518 2465 rutunda
539 2450 554 2474 ‚
576 2409 801 2465 tamen
828 2410 1134 2487 praestat
1162 2404 1441 2467 rationis
1474 2413 1778 2488 egentem

75 2513 338 2579 reddere
370 2515 691 2580 mendose
721 2536 958 2578 causas
986 2516 1336 2602 utriusque
1363 2519 1616 2604 figurae
1633 2568 1648 2593 ‚

83 2648 260 2710 quam
287 2631 591 2694 manibus
621 2628 969 2693 manifesta
997 2631 1135 2695 suis
1168 2633 1469 2696 emittere
1501 2653 1838 2717 quoquam

21 2730 47 2871 Γ
76 2751 133 2805 et
157 2746 402 2808 violare
431 2743 630 2807 fidem
660 2744 940 2831 primam
972 2753 1042 2808 et
1070 2746 1449 2810 convellere
1480 2754 1627 2810 tota

24 2888 25 2891 ¹
78 2854 487 2922 fundamenta
517 2859 757 2943 quibus
786 2860 1054 2923 nixatur
1083 2860 1221 2923 vita
1249 2860 1591 2945 salusque.

24 2982 25 3003 ¹
79 2990 195 3033 non
223 2972 426 3036 modo
460 2973 631 3036 enim
659 2974 832 3037 ratio
862 2981 1015 3037 ruat
1043 2976 1255 3039 omnis
1276 3024 1290 3050 ,
1312 2977 1454 3039 vita
1485 2996 1754 3060 quoque
1783 2978 1931 3062 ipsa

24 3124 25 3131 κ
79 3086 364 3152 concidat
397 3088 732 3173 extemplo
750 3135 766 3161 ‚
788 3087 917 3151 nisi
947 3087 1221 3152 credere
1252 3089 1559 3153 sensibus
1590 3092 1799 3165 ausiS‚

78 3202 571 3287 praecipitisque
601 3202 790 3265 locos
819 3203 1034 3265 vitare
1066 3212 1133 3266 et
1163 3212 1388 3268 cetera
1419 3224 1592 3288 quae
1622 3205 1758 3268 sint

26 3322 49 3366 ¹o
76 3310 134 3372 in
160 3333 391 3397 genere
419 3316 553 3379 hoc
581 3315 930 3401 fugienda,
954 3318 1144 3401 sequi
1175 3318 1507 3382 contraria
1537 3338 1707 3402 quae
1739 3319 1900 3384 sint.

78 3425 171 3488 illa
195 3430 306 3494 tibi
336 3438 440 3494 est
467 3431 669 3516 igitur
697 3431 1057 3493 verborum
1089 3433 1281 3517 c‘opia
1311 3453 1504 3496 cassa

78 3543 260 3607 omnis
277 3593 291 3620 ‚
320 3565 493 3630 quae
525 3551 760 3609 contra
789 3566 1025 3609 sensus
1053 3545 1381 3610 instructa
1406 3555 1744 3632 paratast.

77 3651 336 3743 denique
365 3667 442 3723 ut
469 3660 539 3723 in
566 3658 820 3723 fabrica
837 3708 852 3735 ,
878 3660 933 3723 si
961 3669 1241 3745 pravast
1268 3662 1500 3745 regula
1527 3664 1741 3748 prima
1757 3713 1772 3739 ‚

77 3788 413 3860 normaque
445 3776 502 3839 si
530 3774 735 3838 fallax
762 3775 964 3839 rectis
995 3777 1376 3860 regionibus
1409 3778 1571 3852 exit,

29 3890 47 3934 Β
79 3888 133 3944 et
158 3883 362 3952 libella
390 3886 612 3973 aquua
642 3890 697 3952 si
728 3911 811 3952 ex
843 3891 1018 3976 parti
1049 3890 1380 3955 claudicat
1408 3892 1644 3965 hilum,

84 4197 167 4243 486
199 4201 386 4265 poterit
439 4201 459 4269 Η
516 4207 610 4253 491
656 4201 851 4254 videri.
903 4203 921 4271 ΙΙ
971 4208 1067 4254 493
1106 4213 1408 4256 necessest.
1449 4206 1467 4273 Η
1507 4212 1603 4256 495
1644 4206 1949 4261 Nascantur
1988 4209 2007 4276 ΙΙ
2045 4213 2145 4258 496
2182 4227 2311 4278 pos-

84 4286 190 4408 stlmt
224 4281 369 4413 Hb498
408 4287 600 4353 Aeque
638 4286 658 4351 ΙΙ
698 4292 795 4338 500
831 4287 1037 4355 poteris
1075 4287 1095 4357 Η
1132 4294 1226 4339 501
1259 4287 1439 4340 iustim
1465 4287 1773 4356 quadratam
1810 4291 1830 4359 ΙΙ
1870 4298 1967 4343 502
1998 4292 2252 4359 egentim.
2292 4292 2312 4357 Η

84 4363 107 4404 5
142 4366 168 4410 4
201 4362 240 4413 si
280 4365 291 4414 i

1822 4473 1904 4532 9.
