2840 5008
1165 407 1268 474 v1
2013 362 2018 369 ’
2122 469 2133 477 ,
2202 407 2346 474 235

90 588 446 669 propterea
470 582 548 647 fit
581 581 680 645 uti
711 601 883 664 quae
913 580 1164 644 semina
1194 599 1477 664 cumque
1504 577 1714 643 habet
1743 579 1912 664 ignis

93 697 404 773 dimittat3
432 696 625 780 quasi
655 714 858 777 saepe
888 694 1105 778 gelum
1124 742 1139 768 ‚
1165 692 1349 778 quod
1380 694 1676 758 continet
1704 694 1772 757 in
1801 715 1903 767 se,

92 811 279 875 mittit
310 818 380 873 et
413 809 665 872 exolvit
693 808 969 893 glaciem
996 807 1353 891 nodosque
1382 807 1673 871 relaxat.

159 922 472 1009 Frigidus
506 931 610 986 est
639 924 835 986 etiam
862 921 1016 986 fons
1037 971 1050 997 ‚
1075 943 1279 1007 supra
1310 943 1506 1006 quem
1537 922 1664 985 sita
1693 943 1895 1009 saepe
1987 978 1988 987 ,

27 1055 58 1103 ιο
91 1045 325 1124 stuppa
353 1038 518 1101 iacit
543 1036 869 1101 flammam
900 1043 1228 1121 concepto
1259 1036 1565 1121 protinus
1593 1036 1758 1120 igni,

88 1151 414 1236 taedaque
449 1151 771 1214 consimili
800 1152 1059 1215 ratione
1089 1171 1373 1215 accensa
1401 1170 1524 1236 per
1553 1149 1770 1214 undas

91 1266 390 1330 conlucet
408 1315 425 1337 ,
454 1287 589 1350 quo
621 1286 903 1349 cumque
933 1273 1173 1330 natans
1203 1265 1561 1349 impellitur
1590 1266 1767 1328 auris
1788 1314 1803 1328 .

92 1382 148 1443 ni
175 1381 412 1443 mirum
434 1428 449 1455 ,
475 1380 632 1465 quia
662 1380 913 1443 suntin
944 1401 1121 1464 aqua
1148 1380 1480 1464 permulta
1506 1379 1781 1464 vaporis

93 1496 326 1565 semina
343 1543 359 1569 ‚
384 1492 474 1557 de
506 1502 820 1579 terraque
847 1501 1192 1558 necessest
1217 1493 1520 1558 funditus
1550 1495 1700 1581 ipsa

93 1609 246 1693 ignis
276 1630 576 1693 corpora
604 1630 725 1694 per
753 1615 970 1672 totum
1001 1629 1406 1694 consurgere
1437 1609 1693 1672 fontem

97 1731 151 1785 et
176 1723 366 1786 simul
398 1723 743 1810 exspirare
771 1722 956 1787 foras
989 1724 1304 1807 exireque
1333 1723 1400 1785 in
1433 1744 1665 1797 auras,

97 1857 214 1898 non
242 1838 336 1900 ita
364 1838 579 1901 multa
608 1845 829 1901 tamen
848 1886 863 1913 ‚
889 1837 1140 1902 calidus
1175 1848 1379 1921 queat
1407 1845 1482 1902 ut
1510 1838 1650 1901 fieri
1680 1838 1863 1914 fonS‚

28 1966 29 2033 ζ
98 1957 446 2034 propterea
476 1950 784 2036 dispersa
811 1951 992 2014 foras
1026 1973 1370 2039 erumpere
1402 1952 1583 2036 cogit

98 2064 183 2127 vis
209 2086 329 2151 per
358 2087 605 2150 aquam
636 2066 864 2130 subito
890 2087 1285 2150 sursumque
1318 2087 1396 2129 ea
1426 2065 1794 2130 conciliari.

102 2177 265 2261 quod
292 2201 511 2265 genus
543 2179 719 2244 endo
748 2180 982 2244 marist
1007 2179 1217 2244 Aradi
1246 2180 1398 2243 fons
1417 2228 1434 2255 ‚
1459 2179 1670 2242 dulcis
1701 2181 1906 2264 aquai

103 2293 199 2374 qui
226 2295 424 2358 scatit
454 2302 525 2358 et
555 2295 767 2358 salsas
799 2294 1044 2359 circum
1076 2315 1148 2357 se
1180 2293 1478 2358 dimovet
1506 2292 1753 2357 undas:

105 2413 161 2468 et
184 2407 397 2472 multis
430 2409 577 2473 aliis
608 2409 889 2494 praebet
915 2409 1298 2494 regionibus
1330 2429 1588 2492 aequor

103 2520 427 2586 utilitatem
460 2531 909 2611 opportunam
941 2525 1296 2589 sitientibu’
1326 2523 1579 2599 nautiS,

107 2634 269 2717 quod
297 2636 715 2706 dulcisinter
745 2640 955 2702 salsas
984 2639 1157 2702 inter
1184 2609 1405 2704 vomit‘
1422 2636 1669 2701 undas,

54 2761 73 2804 5
105 2748 184 2811 sic
208 2751 404 2836 igitur
433 2774 560 2839 per
591 2775 741 2817 eum
769 2761 1056 2839 possunt
1086 2774 1433 2838 erumpere
1463 2752 1716 2817 fontem

109 2872 164 2927 et
189 2874 441 2931 scatere
473 2868 587 2931 illa
614 2867 796 2931 foras
825 2868 893 2930 in
924 2874 1234 2955 stuppam
1266 2868 1549 2943 semina3
1575 2888 1709 2951 quo
1742 2888 1890 2929 cum

109 2982 493 3046 conveniunt
525 2990 640 3045 aut
667 2980 988 3045 intaedai
1019 3003 1303 3069 corpore
1334 2982 1739 3056 adhaerent,
1859 2957 1866 2962 ‘

108 3091 449 3159 ardescunt
475 3094 672 3158 facile
705 3097 1037 3183 extemplo
1056 3145 1070 3171 ‚
1097 3097 1251 3181 quia
1279 3098 1488 3160 multa
1517 3118 1788 3182 quoque
1815 3097 1883 3159 in
1913 3119 1987 3160 se

109 3209 329 3272 semina
355 3210 614 3280 habent
641 3210 810 3295 ignis
840 3219 1126 3297 stuppae
1154 3211 1530 3295 taedaeque
1561 3212 1880 3298 tepentis.

59 3331 77 3376 0
109 3340 305 3386 nonne
333 3323 528 3387 vides
557 3325 752 3388 etiam
771 3375 786 3400 ‚
808 3333 1140 3389 nocturna
1167 3325 1256 3389 ad
1284 3326 1531 3389 lumina
1558 3327 1763 3389 linum
1859 3359 1864 3362 ·

109 3455 297 3521 nuper
324 3439 439 3503 ubi
469 3439 832 3503 extinctum
864 3439 1222 3505 admoveas
1241 3489 1255 3515 ‚
1280 3439 1631 3504 accendier
1660 3450 1817 3505 ante

112 3570 283 3631 quam
315 3554 534 3638 tetigit
562 3553 885 3617 flammam
906 3603 921 3630 ,
944 3554 1343 3639 taedamque
1372 3556 1512 3632 pari
1541 3556 1843 3619 ratione?

109 3657 419 3751 multaque
451 3674 803 3752 praeterea
831 3668 1017 3753 prius
1045 3669 1194 3755 ipso
1226 3676 1407 3733 tacta
1435 3691 1689 3756 vapore

113 3779 335 3843 eminus
364 3780 731 3845 ardescunt
761 3805 958 3867 quam
989 3775 1353 3847 comminus
1383 3785 1638 3848 imbuat
1664 3784 1836 3870 ignis
1855 3831 1868 3845 .

60 3900 78 3942 5
108 3886 220 3954 hoc
246 3893 443 3980 igitur
470 3896 613 3959 fieri
647 3918 914 3982 quoque
944 3898 1008 3960 in
1041 3898 1152 3961 illo
1186 3899 1371 3962 fonte
1403 3897 1867 3985 putandumst.

118 4203 197 4254 877
240 4204 488 4263 Demittat
535 4209 555 4279 ΙΙ
604 4215 702 4262 878
748 4212 1027 4280 nobosque
1072 4212 1091 4277 ΙΙ
1138 4216 1236 4262 879
1286 4210 1482 4280 Frigus
1522 4212 1542 4280 ΙΙ
1590 4218 1689 4264 880
1736 4212 1861 4263 lacit
1911 4211 1929 4279 ΙΙ
1977 4217 2073 4262 887
2119 4211 2282 4262 muita
2327 4211 2346 4276 ΙΙ

118 4285 200 4335 888
223 4285 470 4344 Preterea
507 4293 527 4360 ΙΙ
567 4297 664 4344 889
694 4293 999 4346 conciliare.
1045 4292 1065 4359 ΙΙ
1103 4299 1201 4346 890
1239 4295 1555 4363 marisparat
1591 4294 1610 4362 ΙΙ
1649 4300 1746 4346 892
1785 4287 1996 4364 praeter
2032 4292 2052 4360 ΙΙ
2090 4299 2188 4344 894
2227 4291 2345 4342 dul-

122 4363 183 4416 cit
213 4368 231 4434 ΙΙ
265 4377 357 4424 896
394 4391 495 4443 quc
529 4373 549 4444 ΙΙ
591 4381 686 4427 897
723 4376 861 4430 deda
895 4394 1121 4447 corpora
1160 4376 1178 4443 ΙΙ
1217 4383 1316 4429 898
1343 4377 1431 4447 qui
1470 4379 1489 4447 ΙΙ
1529 4383 1625 4429 899
1659 4385 1930 4431 tenentes.
1970 4378 1990 4442 ΙΙ
2028 4381 2126 4427 900
2153 4374 2347 4426 lumine
