2840 5008
1150 408 1212 474 11

62 604 258 646 nonne
292 580 493 644 vides
529 580 721 643 ctiam
754 577 1105 664 patefactis
1134 586 1439 666 tempore
1467 590 1718 664 puncto

57 697 416 762 carceribus
449 716 596 756 non
627 714 825 777 posse
855 699 1075 756 tamen
1103 715 1541 780 prorumpere
1573 716 1894 780 equorum

60 812 169 874 vim
198 807 518 895 cupidam
553 815 684 870 tam
715 805 797 868 de
827 807 1049 870 subito
1082 828 1278 891 quam
1310 830 1494 871 mens
1526 818 1681 874 avet
1709 811 1898 896 ipsa?

60 925 241 987 omnis
274 922 449 985 enim
475 971 489 996 ‚
514 928 728 984 totum
759 942 879 1005 per
911 942 1153 1006 corpus
1173 969 1187 995 ,
1210 923 1505 986 materiai

64 1038 229 1122 copia
257 1036 525 1102 conciri
559 1033 789 1108 debet,
814 1036 1077 1099 concita
1106 1056 1225 1121 per
1255 1044 1441 1100 artus

60 1151 243 1214 omnis
273 1158 347 1214 ut
378 1148 682 1213 studium
710 1149 947 1212 mentis
979 1149 1220 1211 conixa
1249 1158 1604 1236 sequatur3

71 1274 133 1328 ut
156 1264 378 1328 videas
413 1264 657 1327 initum
686 1269 903 1325 motus
935 1283 972 1325 a
1004 1262 1208 1326 corde
1242 1265 1481 1340 creari,

27 1398 32 1435 ι
68 1399 134 1441 cx
159 1378 492 1462 animique
524 1362 877 1440 voluntate*
897 1376 969 1439 id
994 1377 1366 1463 procedere
1395 1377 1675 1463 primum
1694 1428 1708 1453 ,

67 1492 195 1554 inde
225 1491 369 1555 dari
399 1513 619 1576 porro
652 1511 771 1577 per
800 1498 1011 1554 totum
1044 1514 1287 1578 corpus
1321 1501 1388 1556 et
1417 1501 1631 1557 artus,

63 1627 164 1669 nec
189 1607 467 1670 similest
497 1612 579 1668 ut
608 1626 752 1666 cum
782 1605 1041 1689 impulsi
1071 1604 1496 1690 procedimus
1526 1608 1660 1671 ictu
1683 1655 1697 1682 ,

65 1722 283 1783 viribus
315 1720 602 1783 alterius
633 1719 885 1804 magnis
915 1741 1289 1805 magnoque
1322 1729 1587 1785 coactu:

64 1855 187 1897 nam
213 1842 349 1898 tum
380 1833 735 1901 materiem
763 1834 968 1897 totius
1000 1835 1303 1919 corporis
1334 1856 1591 1897 omnem

27 1978 32 2003 ι
66 1950 539 2033 perspicuumst
569 1947 764 2010 nobis
792 1947 1015 2012 invitis
1045 1949 1140 2011 ire
1172 1950 1451 2034 rapique
1470 1999 1484 2024 ‚

64 2060 248 2125 donec
277 2085 423 2127 eam
453 2061 821 2126 refrenavit
849 2084 970 2149 per
1001 2065 1293 2127 membra
1321 2064 1668 2143 voluntas.
1841 2148 1846 2153 ‚

64 2176 242 2239 iamne
271 2175 469 2239 vides
501 2157 738 2261 igitur,
764 2198 1161 2261 quamquam
1193 2178 1292 2240 vis
1325 2186 1557 2242 extera
1585 2179 1827 2243 multos

64 2291 234 2372 pellat
263 2299 329 2354 et
357 2291 618 2355 invitos
651 2303 847 2375 cogat
874 2291 1244 2378 procedere
1274 2313 1478 2377 saepe

62 2406 571 2491 praecipitesque
601 2406 779 2492 rapi,
802 2412 1021 2468 tamen
1055 2427 1201 2469 esse
1229 2406 1298 2469 in
1328 2415 1603 2490 pectore
1634 2417 1868 2471 nostro

28 2515 37 2576 b
67 2519 351 2602 quiddam
385 2519 584 2605 quod
615 2518 849 2584 contra
877 2542 1175 2606 pugnare
1209 2521 1614 2603 obstareque
1645 2521 1904 2604 possit?

67 2634 219 2697 cuius
249 2634 335 2698 ad
368 2635 723 2700 arbitrium
756 2657 1024 2720 quoque
1057 2635 1251 2719 copia
1280 2632 1576 2696 materiai

69 2749 295 2832 cogitur
323 2750 506 2814 inter
541 2747 699 2812 dum
727 2748 904 2813 flecti
932 2771 1054 2835 per
1083 2749 1376 2811 membra
1406 2767 1525 2832 per
1554 2755 1769 2818 πως,

68 2869 119 2922 et
140 2865 430 2945 proiecta
463 2862 842 2927 refrenatur
870 2858 1484 2945 retroque-residit.

69 2994 237 3056 quare
265 2979 330 3041 in
361 2977 730 3041 seminibus
763 2997 1033 3061 quoque
1061 2973 1236 3037 idem
1266 2973 1519 3036 fateare
1551 2984 1921 3049 necessest,

33 3097 40 3142 ὁ
68 3107 181 3150 esse
207 3091 391 3155 aliam
424 3098 706 3178 praeter
734 3090 964 3175 plagas
996 3096 1063 3151 et
1092 3086 1394 3173 pondera
1426 3109 1691 3151 causam

67 3204 311 3268 motibus
330 3255 346 3282 ‚
369 3204 563 3269 unde
592 3204 897 3288 haecest
923 3202 1114 3264 nobis
1145 3201 1371 3265 innata
1402 3209 1739 3285 potcstas3

72 3311 134 3375 de
159 3320 277 3382 nilo
310 3318 637 3404 quoniam
666 3316 807 3379 fieri
836 3316 926 3378 nil
957 3337 1157 3399 posse
1189 3315 1521 3379 videmus,

70 3431 292 3509 pondus
323 3433 505 3496 enim
535 3429 853 3519 prohibet
876 3451 957 3492 nc
987 3429 1202 3514 plagis
1235 3430 1456 3494 omnia.
1480 3430 1644 3494 fiant

72 3553 301 3611 externa
332 3545 535 3632 quasi
565 3545 664 3624 vi:
696 3543 816 3607 sed
846 3565 931 3606 ne
959 3565 1142 3606 mens
1172 3544 1318 3630 ipsa
1346 3565 1692 3608 necessum

37 3654 408 3724 »intestinum
438 3659 698 3722 habeat
726 3657 978 3721 cunctis
1007 3658 1075 3720 in
1105 3659 1304 3722 rebus
1335 3659 1611 3744 agendis

74 3778 124 3832 et
148 3770 393 3840 devicta
425 3773 625 3859 quasi
655 3771 727 3835 id
758 3779 1034 3857 cogatur
1063 3771 1237 3836 ferre
1268 3776 1571 3858 patique,

2213 415 2300 482 49

77 4084 149 4132 264
181 4101 417 4152 quorum.
470 4088 491 4157 ΙΙ
546 4090 650 4138 266
690 4086 964 4137 materiae.
1012 4085 1032 4153 ΙΙ
1081 4090 1178 4136 268
1216 4102 1416 4137 conexa
1454 4087 1474 4154 Η
1512 4091 1608 4135 275
1649 4085 1996 4154 Perspicuum
2033 4085 2243 4138 nobisst
2278 4087 2298 4155 ΙΙ

77 4167 151 4213 278
182 4164 340 4223 Fallat
391 4172 410 4240 ΙΙ
464 4174 569 4222 279
609 4168 751 4236 rapit
787 4166 806 4235 ΙΙ
845 4168 1041 4220 ieetore
1076 4185 1176 4219 no.
1216 4169 1234 4236 ΙΙ
1275 4174 1367 4219 281
1410 4184 1546 4218 cona
1582 4166 1601 4235 ΙΙ
1642 4170 1736 4218 283
1777 4167 1995 4219 residia.
2038 4167 2056 4235 ΙΙ
2096 4172 2193 4218 289
2231 4183 2299 4218 nc

77 4259 141 4297 res
172 4245 189 4313 ΙΙ
223 4256 309 4303 291
352 4254 507 4323 quaci
547 4255 780 4319 cogatur

1854 4349 1893 4409 4
