2840 5008
520 416 654 484 176
1580 416 1675 485 111

510 612 660 655 cum
688 590 878 654 varia
905 594 1307 674 temptasset
1328 637 1344 664 ‚
1371 588 1813 655 Eichstadius
1844 596 1914 654 et
1941 589 2270 678 Forbiger
2300 640 2316 668 ‚
2348 614 2435 658 ne
2467 596 2598 660 sibi
2625 617 2737 659 us-

510 710 711 777 quam
734 688 1087 753 dissimiles
1111 695 1338 752 essent
1360 736 1376 763 ,
1396 687 1469 752 id
1494 695 1984 773 praeoptarunt
2003 690 2073 753 in
2096 712 2231 776 quo
2258 706 2445 756 esset
2466 702 2736 778 praeter

509 797 736 854 cetera
761 788 928 851 vitia
958 786 1394 851 soloecismus
1433 835 1449 861 ‚
1494 789 1730 852 videtur
1759 789 1863 852 Ire
1892 790 2104 852 anima
2131 813 2208 853 ac
2249 790 2622 878 (Forbiger
2649 804 2732 863 et,

507 897 847 973 tamquam
886 885 1162 969 melius)
1191 896 1307 948 toto
1333 886 1484 949 solvi
1512 886 1588 950 de
1617 910 1870 973 corpore
1894 898 2149 951 mentem
2175 936 2192 967 ,
2231 889 2319 953 Et
2349 927 2421 937 —
2457 892 2733 975 lanques-

508 1011 644 1054 cere
659 1024 742 1033 —
758 986 949 1049 voltus
965 1033 983 1063 ‚
1011 984 1351 1070 Molliaque
1371 987 1667 1070 exsanyui
1689 986 1906 1049 cadere
1928 987 2131 1049 omnia
2154 1009 2413 1072 corpore
2432 990 2731 1053 membra.

442 1104 447 1109 ·
674 1084 811 1148 597.
857 1105 893 1147 c
912 1105 953 1147 u
969 1105 1017 1146 Μ
1047 1105 1137 1145 m:
1153 1104 1230 1144 lu
1245 1103 1283 1143 n
1300 1103 1338 1143 n
1353 1104 1394 1143 ‘r
1418 1130 1433 1144 .
1463 1081 1571 1145 Ita
1601 1081 2010 1167 quadratus:
2036 1083 2372 1170 oblongus
2391 1087 2731 1170 periberet,

506 1184 630 1250 sed
657 1184 729 1248 in
757 1182 960 1246 litura
991 1229 1006 1245 .
1047 1185 1396 1245 corrector
1425 1180 1743 1265 quadrati
1772 1203 1865 1244 PB
1883 1203 2238 1246 RIBETUR
2267 1230 2282 1257 ‚
2325 1183 2560 1269 itaque
2589 1184 2730 1248 Ma-

503 1282 716 1348 rullus
746 1331 760 1345 .
797 1280 973 1344 adibe
992 1280 1253 1343 habent
1279 1280 1708 1344 membranae
1736 1280 1806 1343 in
1836 1303 1879 1355 1,
1899 1279 1974 1344 51
2002 1328 2018 1355 ‚
2050 1279 2428 1365 quadratus
2446 1285 2732 1367 proibet-e

501 1383 573 1445 in
603 1405 645 1456 1,
660 1379 782 1444 973
810 1426 826 1453 ‚
872 1378 1188 1441 distraitur
1234 1376 1413 1441 idem
1441 1377 1511 1441 in
1542 1400 1610 1453 11,
1628 1376 1750 1442 827
1783 1383 1852 1441 et
1879 1377 1948 1440 in
1979 1400 2067 1452 VI,
2082 1375 2207 1443 258
2236 1379 2424 1444 thrait
2456 1428 2470 1442 .
2511 1380 2734 1445 thr-altit

503 1479 838 1563 oblongus
864 1477 936 1540 in
964 1497 1052 1549 w,
1070 1474 1191 1538 967
1212 1523 1224 1537 .
2017 1458 2029 1471 ’
2167 1470 2172 1475 ’

668 1574 808 1638 609.
832 1597 924 1636 Er
956 1592 1271 1635 surmzA
1294 1594 1437 1637 suc
1460 1595 1769 1637 cnonas
1801 1593 2143 1638 rAucns.
2168 1573 2282 1639 Sic
2304 1578 2598 1662 uterque
2622 1599 2728 1641 co-

504 1674 642 1738 dex
682 1721 694 1734 .
739 1672 811 1734 in
842 1669 1179 1756 quadrato
1209 1668 1463 1733 factum
1494 1690 1533 1732 a
1563 1677 1952 1734 correctore
1978 1694 2234 1756 supera-s·
2251 1720 2270 1751 ,
2315 1671 2461 1735 sine
2494 1695 2727 1738 causa:

503 1771 600 1835 sic
630 1779 854 1833 tamen
883 1775 952 1831 et
984 1766 1137 1830 Itali
1167 1774 1236 1830 et
1262 1767 1631 1833 Lambinus
1666 1816 1681 1843 ‚
1729 1789 1928 1852 quem
1972 1789 2203 1833 omnes
2238 1790 2443 1834 caeco
2476 1772 2728 1857 impetu

502 1875 824 1934 secuntur
846 1915 860 1929 .
893 1865 1050 1930 olim
1076 1865 1387 1951 impressi
1418 1873 1487 1930 et
1515 1865 1843 1930 Marullus
1871 1889 2126 1952 superas
2161 1870 2450 1933 accedere
2472 1870 2726 1955 fauces·

668 1965 810 2031 612.
855 1988 1068 2043 ouon
1127 1988 1196 2030 s1
1253 1986 1770 2030 innon-mines
1813 1987 2137 2030 nos-riui
2182 1989 2439 2031 Fonssr
2485 1991 2726 2043 mnus,

500 2067 684 2131 Non
715 2086 870 2127 TAM
900 2086 984 2126 sn
1009 2085 1370 2127 molimus
1394 2084 1777 2127 n1ss0LV1
1804 2084 2502 2138 conoul-:RERETUR
2526 2115 2540 2129 .
2566 2066 2726 2130 Cor-

499 2174 806 2230 rectores
854 2161 1297 2246 antiquissimi
1327 2168 1397 2224 et
1422 2160 1817 2225 Lactantius
1842 2161 1914 2223 in
1941 2183 2058 2235 vu,
2084 2159 2179 2236 12,
2195 2159 2276 2225 26
2321 2185 2467 2225 mm
2484 2186 2722 2228 oni-A-

500 2288 539 2327 L
558 2288 580 2327 1
596 2286 630 2328 s
649 2311 662 2325 .
682 2269 825 2327 tum
848 2257 1224 2344 quadratus
1247 2260 1398 2323 Non
1426 2271 1626 2323 tamen
1651 2260 1915 2323 moriens
1931 2306 1948 2337 ,
1973 2259 2123 2323 Non
2152 2271 2351 2324 tamen
2377 2265 2646 2326 moriens
2665 2287 2724 2326 se

499 2363 570 2425 in
600 2359 955 2424 Lactantio
979 2358 1380 2443 impressum
1410 2377 1588 2420 anno
1625 2357 1778 2420 1471
1816 2380 1831 2419 e
1872 2355 2093 2420 codex
2119 2357 2544 2425 Erfurtensis
2575 2361 2724 2424 anni

504 2460 665 2527 1468
696 2468 766 2525 et
806 2457 1016 2524 editio
1044 2455 1575 2521 Rostockcensis
1618 2456 1773 2520 anni
1821 2455 1980 2520 1476
2010 2456 2160 2521 Nem
2203 2467 2328 2521 tam
2363 2481 2428 2523 se
2464 2462 2723 2524 moriem

498 2562 739 2625 dissolvi
767 2566 1187 2645 torqueretur-5
1230 2553 1416 2641 quod
1448 2575 1569 2617 cur
1594 2575 1682 2617 ne
1709 2552 1873 2618 ferri
1903 2553 2175 2640 quidem
2203 2556 2427 2639 possit
2455 2558 2550 2622 ad
2577 2580 2723 2623 ver-

498 2681 649 2723 sum
680 2657 799 2721 198
831 2654 1066 2719 docui.

664 2755 804 2819 614.
847 2773 1326 2827 vi-:s'rEMQun
1372 2774 1887 2828 memnoni-:RE
1925 2799 1941 2826 ‚
1986 2773 2080 2814 υτ
2122 2772 2430 2816 ΑΝουιε
2475 2801 2493 2817 .
2558 2754 2722 2818 Post

495 2854 668 2917 haec
697 2851 1030 2914 Marullus
1058 2851 1240 2913 hunc
1272 2873 1357 2913 ex
1386 2872 1509 2914 sua
1540 2849 1808 2916 officina
1834 2870 2104 2913 versum
2133 2848 2402 2913 addidit
2423 2899 2439 2925 ‚
2475 2852 2720 2918 Gaude·

495 2964 589 3016 ret
613 2999 630 3030 ,
662 2950 1008 3035 praelonya
1026 2996 1031 3001 .
1046 2970 1229 3010 senex
1272 2959 1379 3012 aut
1419 2970 1652 3012 cornua
1696 2971 1905 3012 cervus
1934 2997 1947 3011 .
1992 2947 2154 3011 hinc
2196 2950 2615 3015 recentiores
2656 2952 2720 3015 in

494 3046 834 3113 Lactantii
879 3044 1253 3109 orationem
1294 3044 1502 3108 tacite
1544 3045 1963 3108 intruserunt
2010 3046 2328 3112 Gauderet
2349 3095 2368 3126 ,
2402 3047 2593 3133 quod
2633 3048 2721 3114 ibi

493 3168 714 3233 neque
758 3145 915 3209 olim
954 3141 1266 3228 impressi
1306 3142 1566 3206 habent
1609 3163 1830 3228 neque
1875 3163 2077 3206 manu
2105 3144 2347 3227 scripti
2376 3152 2521 3208 tres
2554 3167 2721 3231 quos

492 3246 762 3331 inspexi
792 3294 805 3307 .
835 3241 1226 3307 Madvicum
1252 3241 1462 3305 miror
1484 3288 1500 3316 ‚
1524 3241 1640 3327 qui
1668 3241 1738 3304 in
1767 3241 2110 3325 opusculis
2142 3242 2486 3329 prioribus
2515 3266 2583 3328 p.
2602 3242 2718 3308 312

493 3342 992 3408 recentissimos
1021 3340 1322 3404 Lucretii
1352 3338 1650 3404 editores
1681 3337 1769 3402 ad
1799 3339 2282 3403 nominativum
2327 3343 2549 3426 anquis
2589 3362 2720 3404 non

495 3441 869 3507 attendisse
889 3441 1073 3505 dicat
1091 3490 1105 3504 .
1125 3444 1309 3503 certe
1328 3439 1400 3502 in
1420 3438 1833 3501 nominativo
1856 3436 2038 3501 nulla
2064 3445 2170 3501 est
2193 3438 2476 3502 offensio
2489 3487 2505 3503 .
2520 3461 2719 3503 versu

492 3541 615 3606 456
652 3540 820 3625 Erqo
850 3540 1100 3604 dissolui
1127 3560 1363 3625 quoque
1393 3537 1666 3599 convenit
1690 3558 1923 3599 omnem
1952 3536 2187 3599 animai
2215 3536 2537 3600 Naturam
2568 3584 2584 3612 ‚
2619 3560 2718 3601 ceu

474 3642 697 3727 fumus
729 3688 746 3719 ,
792 3640 858 3701 in
902 3639 1058 3702 altas
1087 3637 1250 3700 ae‘ris
1278 3658 1471 3698 auras
1514 3681 1529 3697 .
1572 3655 1777 3697 versu
1811 3633 1929 3697 130
1957 3634 2245 3720 quoniam
2276 3644 2362 3696 est
2387 3636 2584 3697 animi
2611 3658 2716 3697 na-

491 3750 631 3804 tura
652 3749 895 3824 reperta
915 3739 1117 3823 Atque
1140 3735 1386 3798 animae
1406 3782 1424 3813 ,
1448 3734 1626 3819 quasi
1634 3756 1794 3818 pars
1814 3732 2075 3796 homini<
2092 3781 2106 3794 .
2137 3752 2344 3814 versu
2366 3730 2492 3795 427
2506 3734 2714 3796 multo-

490 3860 605 3922 que
632 3836 966 3899 minoribus
994 3857 1117 3897 esse
1147 3833 1484 3917 Principii-s·
1494 3831 1741 3918 factam
1778 3853 1963 3917 quam
1993 3831 2261 3916 liquidus
2287 3852 2470 3894 umor
2499 3830 2714 3916 aquai.

488 3933 560 3996 in
579 3955 669 4011 iv,
688 3932 811 3995 699
831 3932 1165 3996 maioribus
1187 3953 1311 3994 esse
1329 3940 1602 3993 creatum
1626 3929 1959 4012 Principiis
1982 3950 2168 4013 quam
2189 3951 2307 3996 voa:
2330 3974 2343 3988 .
2370 3927 2471 3991 sic
2495 3927 2710 3991 Varro

492 4032 577 4106 de
618 4031 845 4116 lingua
872 4030 1082 4093 latina
1112 4051 1185 4091 1x
1207 4051 1270 4113 p.
1290 4026 1412 4090 526
1455 4037 1634 4113 atque
1674 4027 1742 4088 in
1783 4025 1945 4088 hisce
1988 4025 2260 4088 omnibus
2298 4026 2714 4089 similitudines

483 4154 604 4195 non
646 4140 877 4194 tantum
914 4128 1206 4190 sumimus
1250 4150 1290 4189 a
1315 4127 1536 4214 fiyura
1564 4173 1581 4204 ,
1615 4125 1726 4188 sed
1760 4126 1942 4188 etiam
1971 4124 2218 4186 aliunde
2246 4122 2711 4207 (Florentinus

486 4231 692 4293 alinde
695 4227 731 4312 )
762 4275 779 4306 ,
819 4238 888 4288 ut
912 4227 976 4288 in
1007 4224 1175 4310 equis
1204 4235 1369 4287 aetas
1405 4272 1423 4303 ,
1470 4234 1539 4286 ut
1576 4223 1642 4285 in
1684 4223 1873 4285 asinis
1912 4222 2119 4307 (quod
2140 4222 2368 4284 similes
2383 4232 2710 4306 parentum

476 4337 781 4411 yemmtur
800 4372 817 4403 ,
844 4343 970 4386 rer.
991 4328 1156 4385 rust.
1181 4344 1250 4397 11,
1268 4321 1325 4397 6,
1345 4322 1420 4385 3:
1443 4332 1510 4385 ut
1533 4320 1651 4384 inis
1672 4319 1888 4405 Flor.)
1918 4320 2089 4383 euius
2115 4320 2283 4382 modi
2292 4318 2555 4405 saciant
2571 4317 2708 4403 pul-

482 4425 569 4485 los
596 4472 612 4501 ,
657 4423 813 4486 utin
831 4420 1035 4504 pomis
1063 4442 1183 4506 quo
1211 4421 1333 4484 sint
1355 4442 1499 4483 suco
1531 4467 1543 4480 .
1590 4417 1770 4482 idem
1811 4438 2036 4481 rerum
2065 4417 2476 4481 rusticarum
2509 4439 2578 4490 11,
2602 4413 2706 4489 4‚2
