2840 5008
1030 449 1039 454 ,
1137 373 1231 439 III
2176 379 2310 447 113

58 559 308 616 mortua
338 552 451 615 cui
481 552 623 616 vita
654 557 759 612 est
788 569 1002 635 prope
1031 549 1160 618 iam
1192 548 1344 612 vivo
1376 556 1582 633 atque
1612 548 1896 626 videnti,

59 668 156 751 qui
184 688 430 731 somno
465 673 725 754 partem
755 664 1068 727 maiorem
1100 663 1391 728 conteris
1422 664 1596 739 aevi,

59 787 114 846 et
139 781 423 867 vigilans
457 779 689 845 stertis
717 800 843 843 nec
875 778 1134 842 somnia
1163 800 1437 842 cernere
1468 800 1720 850 cessas,

57 896 536 981 sollicitamque
566 893 743 980 geris
775 914 977 957 cassa·
993 893 1346 958 formidine
1374 903 1692 968 mentem,

10 1028 32 1072 ο
54 1033 162 1075 nec
189 1012 498 1098 reperire
529 1018 729 1097 potes
758 1009 879 1073 tibi
909 1007 1083 1094 quid·
1101 1010 1187 1073 sit
1216 1031 1417 1095 saepe
1447 1010 1600 1073 mali
1620 1059 1635 1085 ‚
1660 1033 1807 1073 cum

58 1126 263 1190 ebrius
293 1126 564 1211 urgeris
594 1124 815 1188 multis
844 1125 1044 1188 miser
1071 1123 1369 1209 undique
1400 1125 1576 1187 curis

59 1251 245 1327 atque
276 1242 484 1306 animi
511 1241 770 1305 incerto
800 1238 1066 1303 fluitans
1097 1260 1324 1303 errore
1354 1239 1619 1325 vagaris
1633 1244 1664 1303 .’

133 1354 199 1421 Si
230 1365 527 1443 possent
555 1356 858 1419 homines
876 1404 893 1430 ,
913 1352 1200 1442 proinde
1231 1375 1310 1418 ac
1340 1356 1588 1419 sentire
1618 1355 1933 1421 videntur

62 1471 316 1555 pondus
346 1473 576 1536 inesse
607 1472 829 1534 animo
850 1520 865 1547 ‚
890 1468 1074 1555 quod
1106 1491 1178 1534 se
1206 1469 1535 1555 gravitate
1562 1471 1831 1557 fatiget,
1867 1450 1873 1457 ¹

9 1601 39 1645 15
62 1607 92 1647 e
120 1588 359 1672 quibus
390 1586 466 1651 id
494 1587 613 1651 fiat
643 1585 861 1649 causis
890 1606 1162 1671 quoque
1191 1606 1471 1649 noscere
1503 1596 1572 1650 et
1597 1585 1778 1650 unde

63 1709 237 1766 tanta
264 1703 431 1767 mali
457 1711 596 1766 tam
628 1721 828 1786 quam
854 1700 1065 1764 moles
1091 1700 1161 1764 in
1190 1711 1464 1788 pectore
1496 1711 1795 1778 constet,

66 1816 215 1881 haut
239 1818 337 1882 ita
366 1818 577 1881 vitam
607 1824 883 1902 agerent
901 1866 916 1893 ‚
937 1825 1012 1879 ut
1038 1838 1216 1880 nunc
1246 1816 1637 1902 plerumque
1666 1817 1969 1882 videmus

70 1931 216 2015 quid
244 1934 373 1998 sibi
409 1933 695 2018 quisque
724 1932 884 1995 velit
911 1931 1170 1995 nescire
1188 1980 1204 2006 ‚
1228 1940 1296 1995 et
1324 1953 1648 2017 quaerere
1679 1947 1942 2020 semper

73 2055 470 2113 commutare
500 2046 718 2110 locum
739 2095 755 2121 ‚
779 2047 969 2131 quasi
1000 2068 1171 2110 onus
1203 2045 1544 2133 deponere
1575 2048 1791 2132 possit
1810 2097 1823 2111 .

9 2170 51 2234 po
74 2162 193 2225 exit
220 2184 433 2249 saepe
461 2162 645 2227 foras
674 2162 926 2247 magnis
958 2183 1043 2225 ex
1070 2161 1347 2226 aedibus
1378 2162 1518 2237 ille,

77 2295 204 2339 esse
235 2276 424 2342 domi
455 2298 653 2362 quem
683 2285 1128 2360 pertaesumst
1146 2326 1161 2351 ‚
1184 2277 1544 2362 subitoque
1573 2281 1880 2354 revertit,

80 2391 317 2479 quippe
345 2392 510 2456 foris
541 2392 676 2455 nilo
705 2392 936 2455 melius
969 2393 1081 2476 qui
1111 2393 1358 2461 sentiat
1388 2414 1580 2484 esse3

10 2508 15 2581 s
81 2509 268 2573 currit
298 2529 510 2594 agens
537 2529 815 2571 mannos
845 2507 933 2572 ad
963 2509 1184 2573 villam
1214 2511 1735 2597 praecipitanter
1751 2559 1766 2584 ‚

14 2596 15 2613 Χ
83 2623 378 2688 auxilium
406 2625 604 2688 tectis
637 2623 824 2708 quasi
853 2623 1030 2687 ferre
1060 2623 1453 2688 ardentibus
1481 2625 1768 2688 instans:

13 2698 62 2883 Ῠῐι
84 2738 310 2803 oscitat
339 2740 678 2825 extemplo
699 2788 714 2813 ‚
735 2740 958 2824 tetigit
987 2761 1136 2803 cum
1165 2740 1386 2804 limina
1415 2740 1641 2814 villae,

18 2890 23 2971 1
89 2862 185 2916 aut
211 2855 352 2918 abit
378 2856 447 2918 in
478 2875 779 2918 somnum
808 2855 1030 2940 gravis
1061 2864 1264 2940 atque
1296 2856 1545 2919 oblivia
1576 2856 1868 2941 quaerit,

20 2982 25 3059 ξ
91 2978 188 3032 aut
214 2971 411 3035 etiam
440 2991 814 3056 properans
846 2971 1076 3034 urbem
1106 2972 1274 3056 petit
1305 2982 1508 3056 atque
1540 2973 1793 3035 revisit.

20 3070 23 3163 j
90 3079 203 3148 hoc
229 3107 303 3150 se
334 3087 619 3175 quisque
649 3083 851 3149 modo
882 3084 1084 3171 fugit:
1108 3095 1177 3150 at
1205 3108 1409 3171 quom
1429 3136 1443 3159 ‚
1470 3087 1759 3161 scilicet,
1780 3095 1858 3150 ut
1885 3087 1958 3150 fit
1973 3137 1991 3179 ‚-

96 3197 357 3299 effugere
386 3201 557 3265 haut
582 3201 760 3287 potis
792 3209 893 3264 est
910 3250 924 3274 ,
951 3201 1226 3287 ingratis
1254 3202 1493 3266 haeret
1524 3209 1591 3265 et
1621 3200 1765 3265 odit

22 3312 76 3375 170
98 3323 437 3402 propterea
456 3365 472 3391 ‚
495 3316 711 3379 morbi
741 3317 898 3401 quia
926 3338 1193 3381 causam
1220 3338 1356 3380 non
1389 3325 1574 3381 tenet
1602 3338 1832 3402 aeger3

26 3462 29 3493 η
99 3447 273 3510 quam
300 3433 472 3496 bene
503 3432 560 3494 si
590 3429 817 3495 videat
835 3481 849 3506 ‚
872 3432 999 3494 iam
1029 3432 1231 3495 rebus
1265 3433 1547 3517 quisque
1577 3433 1824 3497 relictis

26 3542 31 3593 k
95 3553 373 3611 naturam
402 3545 989 3633 primum,studeat
1019 3567 1429 3632 cognoscere
1460 3570 1677 3611 rerum
1698 3597 1713 3621 ‚

28 3620 31 3735 l
99 3663 393 3748 temporis
426 3661 681 3726 aeterni
713 3661 1023 3745 quoniam
1042 3710 1057 3737 ‚
1080 3684 1216 3726 non
1245 3664 1440 3726 unius
1472 3662 1709 3736 horae,

32 3792 55 3983 L
101 3778 428 3864 ambigitur
457 3784 678 3841 status
697 3823 712 3849 ‚
736 3776 801 3838 in
832 3798 967 3861 quo
999 3777 1085 3840 sit
1112 3778 1502 3842 mortalibus
1535 3779 1747 3842 omnis

61 3900 255 3957 zaetas
274 3943 288 3969 ‚
311 3900 476 3979 post
505 3899 785 3955 mortem
818 3913 989 3976 quae
1018 3900 1231 3956 restat
1261 3914 1544 3978 cumque
1573 3891 1933 3958 manenda.

33 3996 39 4031 1

38 4268 39 4275 ἵ
112 4211 216 4261 1050
250 4210 391 4280 quod
430 4211 449 4278 ΙΙ
494 4215 622 4261 1052
663 4209 837 4260 auimo
873 4210 913 4283 ‘ll
978 4215 1097 4260 1061
1140 4226 1235 4278 per
1270 4226 1424 4278 quem
1483 4211 1501 4277 Η
1555 4210 1777 4261 revertit
1810 4216 2076 4263 omissum.
2132 4209 2151 4278 ΙΙ
2215 4213 2338 4260 1063

38 4284 41 4371 j
109 4294 420 4364 praecipiter.
470 4294 490 4361 ΙΙ
546 4297 677 4344 1064
717 4292 911 4343 instas.
951 4292 970 4360 ΙΙ
1014 4297 1140 4342 1068
1177 4308 1329 4359 quem
1370 4293 1387 4359 ΙΙ
1430 4297 1559 4343 1069
1598 4291 1855 4360 ingratius
1891 4291 1911 4360 ΙΙ
1953 4297 2080 4344 1073
2120 4289 2345 4343 Aeterni

40 4376 43 4451 ἶγ
110 4378 334 4444 temporis
373 4378 392 4445 ΙΙ
433 4382 564 4429 1075
607 4374 894 4426 manendo.

40 4502 43 4529 ,
934 4539 941 4547 ‚
1724 4515 1740 4529 .
1899 4474 1939 4535 s

42 4538 45 4573 1

43 4596 46 4613 ι
