2840 5008
1156 431 1222 495 V

23 629 37 677 1
66 633 170 675 nec
199 607 515 674 diffidere
538 628 659 684 ‚ne
689 616 905 672 terras
937 615 1211 671 aeterna
1238 614 1503 670 teneret

66 749 182 789 nox
206 726 272 788 in
302 732 712 810 perpetuum
746 722 1053 786 detracto
1083 722 1327 786 lumine
1357 719 1546 783 solis,

67 839 169 903 sed
194 839 406 924 magis
436 837 609 901 illud
641 847 785 900 erat
816 858 1012 901 curae
1031 886 1045 911 ‚
1072 835 1257 921 quod
1289 834 1509 898 saecla
1537 818 1826 897 ferarum

68 946 355 1042 ipsestam
385 952 653 1016 miseris
683 950 1017 1015 faciebant
1047 972 1250 1036 saepe
1283 950 1603 1035 quietem:

70 1068 372 1152 eiectique
406 1066 614 1131 domo
643 1065 989 1153 fugiebant
1018 1085 1222 1129 saxea
1251 1073 1432 1128 tecta

23 1200 40 1245 5
70 1182 410 1268 spumigeri
445 1182 588 1245 suis
619 1179 914 1244 adventu
945 1179 1232 1264 validive
1262 1179 1506 1254 leonis,

68 1306 246 1381 atque
273 1296 691 1381 intempesta
722 1295 1053 1359 cedebant
1079 1303 1279 1357 nocte
1309 1301 1630 1378 paventes

68 1395 430 1498 hospitibus
464 1411 686 1475 saevis
714 1412 998 1474 instrata
1028 1409 1267 1472 cubilia
1295 1406 1566 1474 fronde.

136 1524 274 1615 Nec
302 1526 518 1589 nimio
550 1533 690 1589 tum
722 1525 872 1610 plus
904 1547 1102 1611 quam
1132 1545 1307 1587 nunc
1335 1523 1642 1586 mortalia
1671 1524 1892 1587 saecla

75 1624 271 1703 dulcia
300 1640 706 1724 linquebant
735 1641 1019 1703 labentis
1048 1640 1294 1702 lumina
1323 1638 1528 1700 vitae.

23 1761 43 1816 ,ὓ
70 1775 220 1817 unus
250 1754 430 1817 enim
462 1765 608 1817 tum
641 1755 925 1839 quisque
954 1754 1161 1839 magis
1193 1752 1566 1837 deprensus
1598 1773 1824 1815 eorum

24 1951 25 1964 χ
73 1869 296 1951 pabula
325 1870 486 1933 viva
517 1867 678 1931 feris
709 1870 1075 1953 praebebat
1093 1918 1107 1944 ‚
1133 1867 1446 1931 dentibus
1475 1866 1790 1943 haustuS,

24 1975 25 1980 ’
74 1992 128 2045 et
151 1981 422 2046 nemora
456 2004 538 2045 ac
567 1984 811 2047 montis
837 1985 1086 2069 gemitu
1117 1985 1456 2067 silvasque
1484 1981 1790 2068 replebat
1808 2032 1822 2054 ‚

24 2177 32 2190 ¹
74 2097 206 2159 viva
232 2096 481 2161 videns
516 2099 668 2170 vivo
701 2099 967 2183 sepeliri
996 2100 1254 2162 viscera
1283 2099 1483 2162 busto
1506 2145 1521 2159 .

77 2220 134 2273 at
160 2233 325 2295 quos
357 2212 673 2296 effugium
704 2221 1008 2277 servarat
1037 2213 1322 2299 corpore'
1354 2210 1561 2274 adeso
1581 2259 1596 2285 ‚

24 2333 44 2382 5
76 2326 388 2409 posterius
420 2328 743 2391 tremulas
773 2349 977 2414 super
1004 2328 1231 2391 ulcera
1261 2333 1437 2390 tetra
1465 2335 1771 2389 tenentes

24 2473 25 2496 η
78 2439 306 2523 palmas
339 2440 697 2506 horriferis
728 2443 1033 2508 accibant
1061 2442 1340 2507 vocibus
1371 2441 1620 2506 Orcum
1640 2490 1654 2514 ‚

77 2551 346 2640 donique
378 2578 501 2621 eos
532 2558 670 2622 vita
695 2559 1042 2642 privarant
1072 2558 1367 2622 vermina
1397 2578 1626 2629 saeva,

80 2673 351 2754 expertis
383 2672 536 2757 opis
556 2721 572 2748 ‚
594 2673 864 2758 ignaros
895 2672 1057 2757 quid
1085 2673 1362 2735 volnera
1392 2673 1667 2736 vellent.

24 2752 27 2847 l
79 2791 135 2844 at
159 2806 286 2848 non
315 2786 532 2850 multa
559 2787 772 2851 virum
804 2788 928 2851 sub
961 2788 1164 2872 signis
1197 2788 1372 2850 milia
1403 2785 1608 2850 d‘uctta

23 2898 57 2955 10
75 2917 191 2959 una
218 2898 364 2963 dies
399 2900 610 2965 dabat
640 2903 840 2965 exitio
862 2951 876 2977 ‚
898 2924 1024 2966 nec
1054 2901 1323 2966 turbida
1353 2903 1543 2988 ponti

24 3104 25 3125 Χ
80 3031 355 3097 aequora
383 3016 708 3102 fligebant
735 3017 924 3080 navis
956 3007 1046 3080 ad
1076 3038 1240 3081 saxa
1268 3017 1611 3102 virosque.

24 3220 25 3231 ἵ
79 3123 173 3189 hic
200 3135 448 3194 temere
479 3131 548 3193 in
580 3152 840 3194 cassum
867 3131 1120 3196 frustra
1148 3153 1330 3195 mare
1359 3153 1562 3216 saepe
1593 3139 1898 3194 coortum

82 3245 360 3309 saevibat
389 3246 761 3331 leviterque
790 3247 1000 3311 minas
1029 3248 1328 3332 ponebat
1355 3246 1600 3321 inanis,

82 3376 187 3420 nec
213 3368 482 3445 poterat
511 3382 909 3445 quemquam
936 3361 1182 3446 placidi
1213 3360 1490 3447 pellacia
1516 3361 1707 3444 ponti

23 3479 58 3526 ⁰5
81 3471 342 3537 subdola
371 3474 684 3559 pellicere
712 3477 779 3538 in
810 3476 1118 3540 fraudem
1144 3476 1516 3540 ridentibus
1548 3473 1774 3539 undis,

24 3592 61 3640 07
83 3591 202 3648 tum
228 3590 507 3674 penuria
537 3589 779 3654 deinde
811 3592 938 3656 eibi
967 3592 1346 3677 languentia
1373 3591 1511 3654 leto

81 3703 348 3766 membra
380 3703 588 3768 dabat
605 3754 620 3780 ‚
645 3713 882 3769 contra
909 3727 1087 3769 nunc
1114 3727 1336 3769 rerum
1368 3705 1564 3790 copia
1591 3714 1842 3769 mersat
1864 3754 1877 3767 .

83 3811 156 3875 illi
183 3817 614 3904 inprudentes
644 3821 770 3906 ipsi
800 3821 923 3884 sibi
953 3842 1156 3906 saepe
1185 3841 1515 3884 vencnum

23 3930 63 3983 10
85 3935 428 4016 vergebant
447 3984 461 4010 ‚
485 3957 662 3998 nunc
694 3956 766 3999 se
786 3926 1056 3999 nudant
1085 3936 1418 4000 sollertius
1449 3935 1612 4020 ipsi.

144 4092 431 4102 Ἥκω

2188 432 2322 498 189

93 4169 177 4219 984
192 4169 471 4242 Electique
509 4174 529 4242 ΙΙ
566 4179 664 4225 985
703 4174 966 4245 validique
1002 4177 1021 4245 ΙΙ
1059 4181 1157 4227 989
1196 4173 1442 4227 lamentis
1484 4174 1502 4241 ΙΙ
1542 4179 1640 4225 992
1680 4174 1908 4243 gemitus
1945 4174 1966 4242 Η
2006 4177 2101 4223 993
2139 4172 2267 4222 vino
2303 4174 2323 4239 u

90 4251 172 4300 995
208 4254 413 4307 vicerat
438 4257 594 4326 11996
633 4258 879 4311 accibant
916 4260 935 4330 Η
972 4265 1069 4312 997
1110 4257 1352 4326 Denique
1389 4258 1407 4325 ΙΙ
1454 4263 1578 4307 1001
1619 4255 1857 4309 lidebant
1904 4257 1923 4325 Η
1984 4260 2109 4306 1002
2150 4253 2264 4305 Nec
2302 4254 2321 4321 ΙΙ

96 4336 203 4384 1003
239 4336 486 4391 Saevidat
538 4341 557 4407 ΙΙ
614 4343 838 4411 potebas
901 4345 919 4413 Η
985 4347 1112 4395 1006
1150 4340 1402 4409 Improba
1439 4340 1636 4409 navigii
1672 4340 1810 4391 ratio
1847 4348 1956 4391 tum
1994 4353 2149 4388 caeca
2185 4335 2321 4385 iace-

92 4411 189 4466 bat.
223 4418 241 4486 ΙΙ
280 4427 406 4474 1008
444 4422 634 4477 daeant
671 4425 690 4491 ΙΙ
733 4430 860 4477 1009
896 4426 1188 4496 prudentes
1227 4424 1246 4492 ΙΙ
1289 4430 1417 4477 1010
1456 4441 1594 4476 nunc
1631 4440 1691 4476 se
1725 4431 1939 4476 omissa.
