2840 5008
1162 428 1260 495 IV
2179 430 2318 497 225

220 603 375 666 179.
432 601 528 664 IN
575 623 788 676 QUEM
832 622 1208 676 QUAEQUE
1265 591 1533 664 Loculu
1590 624 1947 666 nxvnnso
2006 627 2322 668 ΝυΜιΝΕ

37 726 130 765 TE
148 725 196 764 N
216 724 264 763 D
289 724 315 763 1
338 725 386 763 ‘r
413 749 431 776 ‚
459 721 592 762 nee
616 697 1072 762 sensum-facit
1094 720 1219 762 nee
1251 706 1519 786 ceterae
1550 700 1839 763 orationi
1868 701 2156 780 innexus
2188 713 2321 779 est,

36 821 221 885 quae
256 801 336 863 in
369 798 742 861 simulacris
771 796 1058 860 vertitur
1079 843 1095 870 ‚
1143 818 1293 860 cum
1322 796 1435 859 hie
1477 798 1805 881 imayinem
1847 798 2202 883 loquatur.
2250 808 2322 865 at

39 899 280 961 omnia
328 897 558 981 plana
584 896 751 958 fient
777 943 792 968 ‚
838 902 918 957 ut
959 894 1141 957 nullo
1187 895 1563 979 interprete
1604 894 1953 981 indigeant
1983 945 1998 972 ‚
2045 898 2101 960 si
2146 898 2320 961 haee

42 995 639 1073 coniunxerimus
661 1027 684 1068 ·‚
733 993 1005 1072 Quorwm
1036 995 1332 1079 quantula
1349 1016 1510 1078 pare
1535 995 1614 1056 sit
1636 996 1838 1078 imayo
1868 996 2068 1058 dicere
2095 1007 2323 1059 nemost

49 1094 175 1172 Qui
190 1094 420 1178 possit
444 1139 462 1166 ‚
491 1114 683 1177 neque
712 1114 847 1154 eam
873 1081 1169 1154 rdtionem
1198 1092 1453 1154 reddere
1481 1092 1655 1153 dictis
1676 1139 1694 1169 ‚
1731 1092 1809 1155 In
1838 1114 2015 1177 quem
2043 1116 2319 1179 quaeque

41 1193 248 1255 locum
280 1191 545 1254 diverso
574 1211 739 1253 Mon
756 1212 839 1251 IN
856 1211 893 1250 E
926 1210 1135 1251 'rnnn
1152 1214 1191 1250 A
1214 1211 1253 1250 r
1274 1237 1287 1251 .
1319 1208 1475 1250 nam
1498 1189 1927 1253 coniunctivo
1961 1211 2134 1275 opus
2166 1212 2317 1255 esse

45 1296 246 1372 patet
269 1335 286 1363 ‚
326 1293 407 1350 et
438 1288 709 1349 momine
739 1283 1171 1349 scribendum
1203 1306 1352 1349 esse
1383 1284 1712 1349 Marullus
1743 1286 1915 1350 vidit
1934 1336 1948 1350 .

223 1386 376 1450 178.
413 1408 522 1448 UT
568 1405 863 1447 nnnws
902 1405 1118 1447 nomi
1160 1405 1564 1447 FERATUR.
1595 1383 1780 1447 Idem
1803 1384 2132 1451 Marullus
2155 1408 2316 1451 vere

51 1493 118 1549 et
150 1485 416 1548 Latine
452 1484 614 1546 liora
642 1504 1046 1545 TERATUR.
1810 1538 1815 1542 .
2131 1530 2136 1535 .

225 1582 377 1647 182.
416 1603 468 1644 A
488 1603 528 1643 E
545 1604 585 1643 :r
600 1604 644 1642 n
661 1602 786 1642 Em
805 1602 827 1641 1
843 1603 875 1643 s
896 1627 911 1643 .
944 1577 1336 1658 Quadratus
1358 1579 1612 1642 aetherii
1633 1604 1653 1641 .·
1676 1578 1800 1643 sed
1829 1577 2005 1642 idem
2038 1581 2319 1645 aetheriis

51 1701 257 1743 versu
291 1680 377 1743 91
395 1679 425 1741 l
454 1725 472 1742 .

228 1778 376 1842 190.
427 1775 557 1839 Etr
617 1796 866 1850 QUASI
933 1780 1302 1838 raom-:Lo
1369 1794 1889 1839 sTmmLAzt-un
1947 1798 2091 1838 Fun
2114 1799 2315 1841 GERE

56 1894 435 1940 ruLoum
474 1873 797 1958 Impressi
836 1875 1184 1937 stimulatur
1208 1873 1469 1959 fnlyure
1497 1873 1731 1959 χαίρειν
1750 1899 1774 1954 ,·
1806 1873 1994 1957 quod
2037 1876 2137 1938 uti
2179 1897 2317 1939 non

54 1973 376 2058 improbo
412 2022 430 2049 ‚
479 1973 583 2036 ita
624 1971 907 2035 alterum
953 1971 1325 2055 elegantius
1372 1991 1522 2033 esse
1568 1968 1743 2033 duco
1775 2018 1790 2044 ,
1836 1993 1970 2056 quo
2018 1974 2318 2037 suaviter

59 2073 370 2136 variatur
405 2069 746 2155 orationis
775 2068 1027 2132 forma:
1056 2089 1211 2131 nam
1243 2068 1299 2130 si
1331 2067 1960 2153 scribimusfulyure
1978 2117 1992 2143 ‚
2010 2070 2134 2132 .hie
2164 2091 2316 2133 ver-

62 2190 171 2232 sus
203 2192 245 2232 a
277 2162 652 2256 superiore
681 2165 848 2255 nihil
879 2164 1105 2228 differt
1125 2196 1140 2227 ι

224 2267 373 2330 203.
422 2266 764 2340 Paxque
811 2284 1129 2326 VOLARE
1174 2283 1386 2324 MARE
1443 2283 1539 2323 Ac
1595 2282 1902 2324 TERnAs
1950 2286 2314 2327 CAELUM-

67 2385 208 2438 Qun
254 2385 580 2428 metim:
613 2410 627 2424 .
674 2361 1019 2425 Habemus
1063 2360 1174 2422 hie
1215 2359 1365 2422 illas
1411 2366 1553 2422 tres
1595 2358 1825 2422 mundi
1867 2369 2101 2443 partes
2145 2383 2315 2446 quas

66 2460 288 2526 facere
319 2460 693 2526 Lucretius
726 2458 900 2522 solet
922 2504 938 2533 ‚
966 2480 1138 2520 mare
1158 2506 1176 2536 ‚
1207 2468 1403 2520 terras
1426 2503 1442 2531 ‚
1474 2458 1710 2522 eaelum
1742 2507 1754 2522 .
1802 2457 1964 2543 quid
2007 2459 2211 2545 igitur
2254 2461 2315 2525 is
2389 2531 2396 2538 ,

64 2580 300 2625 versus
337 2561 460 2645 qui
500 2559 680 2621 hunc
710 2554 1062 2642 praeeedit
1094 2556 1299 2618 efficit
1328 2603 1344 2630 ‚
1391 2577 1526 2639 quo
1564 2558 1965 2640 corpuscula
1998 2557 2316 2623 dicuntur

70 2657 188 2720 Per
230 2669 425 2723 tot-um
479 2657 636 2720 caeli
677 2656 940 2740 spatium
985 2655 1322 2742 diffundere
1366 2678 1492 2716 sese
1521 2652 1552 2716 2
1593 2654 1863 2718 foedum
1914 2657 2145 2720 vitium
2186 2679 2313 2722 nec

69 2753 424 2819 ferendum
461 2754 837 2818 delebimus
870 2751 1231 2816 scribendo
1281 2773 1315 2814 c
1334 2773 1462 2813 mc
1482 2773 1755 2828 UMQUE
1802 2756 2010 2838 riyare
2039 2804 2053 2830 ‚
2095 2754 2170 2818 id
2210 2763 2315 2820 est

74 2853 371 2939 undique
398 2902 414 2919 .
463 2862 766 2917 ceterum
797 2873 935 2914 non
964 2851 1131 2914 satis
1161 2849 1592 2913 memorabile
1623 2859 1729 2915 est
1758 2853 2166 2937 quadratum
2194 2853 2316 2917 ha-

73 2950 228 3014 bere
271 2953 618 3038 defundere
660 2974 784 3014 sese
811 2999 828 3030 ,
876 2958 945 3013 et
992 2948 1355 3033 oblongum
1396 2949 1615 3033 prima
1657 2971 1856 3013 manu
1887 2998 1903 3025 ,
1948 2952 2003 3014 si
2049 2950 2315 3015 litteras

78 3069 299 3113 erasas
328 3057 532 3114 reete
557 3048 878 3133 >perspexi
903 3096 918 3122 ,
950 3048 1318 3136 diffunderes
1345 3073 1470 3112 esse
1488 3097 1501 3111 .

241 3149 381 3212 195.
431 3148 668 3227 Quon
727 3170 975 3211 sum-:n
1029 3158 1220 3221 Esr3
1276 3170 1411 3210 U131
1475 3169 1634 3208 TAM
1676 3169 2032 3211 vonucm
2077 3170 2313 3212 LEVI-

79 3265 168 3306 TA
189 3269 282 3309 ΤΕ
327 3268 772 3310 FERANTUR
805 3292 818 3308 .
874 3245 1073 3308 Hunc
1103 3266 1372 3308 versum
1403 3266 1555 3307 eum
1583 3243 1735 3307 loeo
1768 3244 1985 3308 alieno
2016 3246 2316 3329 positum

78 3340 404 3409 Marullus
446 3352 638 3408 reete
680 3343 966 3408 vidisset
995 3390 1010 3418 ,
1055 3342 1283 3406 neseio
1319 3364 1453 3426 quo
1488 3362 1719 3405 errore
1749 3343 2016 3406 traiecit
2045 3352 2207 3427 post
2238 3366 2317 3408 ea

84 3458 249 3520 quae
301 3443 516 3507 modo
579 3434 1017 3506 tractavimus
1048 3487 1064 3515 ,
1111 3443 1464 3526 caelumque
1505 3441 1713 3525 riqare
1740 3489 1758 3519 ,
1802 3441 1901 3504 ita
1952 3443 2277 3529 seriptum
2299 3492 2314 3518 ,

91 3535 261 3612 Quod
284 3552 592 3626 superest,
614 3541 718 3603 ubi
747 3551 869 3603 tam
897 3540 1128 3603 volucri
1157 3539 1309 3602 haec
1338 3539 1569 3602 levitate
1580 3538 1880 3623 feruntur
1897 3587 1911 3601 .
1939 3539 2308 3604 Lambinus

87 3653 377 3701 errorem
411 3639 601 3702 auxit
630 3637 991 3702 scribendo
1032 3638 1212 3716 Quod
1235 3648 1547 3721 superast.
1579 3635 1911 3699 Marullus
1942 3635 2213 3700 videtur
2240 3636 2315 3699 id

84 3731 373 3800 voluisse
421 3736 609 3823 quod
652 3757 884 3800 verum
932 3743 1037 3799 est
1071 3783 1085 3798 .
1138 3736 1303 3815 Quid
1343 3758 1501 3821 quae
1540 3746 1680 3798 sunt
1717 3735 1906 3818 ’ἐρίων
1949 3736 2076 3797 iam
2093 3737 2313 3821 prima

71 3826 272 3909 fronte
304 3847 542 3918 parata
582 3833 613 3897 f),
675 3834 821 3899 Cum
880 3836 1189 3897 iaciuntur
1230 3844 1285 3896 et
1322 3835 1604 3896 emissum
1642 3855 1741 3895 res
1786 3833 1961 3895 nulla
2003 3844 2281 3898 ‘moratur
2296 3883 2314 3913 ‚

90 3922 283 4001 Quod
311 3954 519 4017 super
551 3940 656 3996 est
676 3981 692 4008 ‚
732 3934 838 3996 ubi
866 3943 989 3995 tam
1016 3932 1251 3996 volueri
1278 3931 1511 3995 levitate
1521 3932 1818 4018 ferantur
1838 3976 1854 4003 ‚
1883 3928 2118 4009 Quone
2147 3934 2313 3996 vides

91 4021 252 4086 eitius
290 4029 504 4094 debere
546 4042 602 4093 et
635 4031 877 4115 'lonqius‘
919 4027 1072 4092 ire?
1117 4029 1292 4093 solet
1337 4030 1435 4092 ita
1475 4034 1680 4114 poeta
1721 4031 1887 4115 quod
1910 4053 2093 4114 super
2123 4042 2210 4093 est
2242 4032 2314 4093 in

93 4120 370 4199 apodosi
402 4149 658 4211 ponere
687 4175 703 4201 ‚
748 4136 825 4189 ut
851 4128 921 4189 in
951 4150 1021 4206 11,
1052 4126 1134 4190 39
1164 4127 1282 4190 491
1328 4150 1388 4201 v,
1414 4127 1494 4190 64
1540 4148 1627 4200 w,
1659 4125 1817 4190 1000
1847 4150 1863 4203 3
1910 4127 2014 4189 eui
2046 4149 2172 4211 par
2204 4135 2309 4189 est

92 4234 225 4297 erqo
253 4231 410 4303 post
439 4227 726 4311 quoniam
753 4225 824 4287 in
854 4247 897 4299 1,
917 4224 1038 4288 526
1070 4233 1138 4289 et
1167 4247 1227 4305 v,
1245 4224 1369 4288 260
1393 4273 1407 4298 ,
1452 4247 1593 4308 erqo
1621 4231 1784 4307 post
1814 4247 1951 4287 cum
1979 4223 2165 4308 apud
2188 4224 2309 4285 Vi-

92 4314 375 4381 truvium
417 4345 558 4402 vm,
582 4323 639 4397 3,
664 4323 745 4386 26
787 4373 800 4386 .
861 4323 957 4386 ita
1000 4326 1166 4409 qnod
1200 4347 1384 4408 super
1425 4332 1512 4385 est
1553 4322 1953 4405 Propertius
1997 4319 2205 4399 1v‚21,
2231 4320 2308 4384 21

97 4403 326 4478 Deinde
355 4441 478 4502 per
520 4422 760 4485 Ionium
816 4433 1012 4485 vectus
1069 4445 1205 4485 cum
1230 4422 1410 4507 fessa
1454 4420 1734 4484 Lechaeo
1781 4420 2029 4484 Sedarit
2058 4420 2317 4503 placida
