2840 5008
1175 371 1236 437 ΙΙ

36 576 37 599 ,
68 553 330 616 corpore
363 534 721 598 seiunctus
753 535 947 600 dolor
978 541 1184 618 absit,
1212 547 1434 609 menti’
1463 535 1725 615 fruatur

65 644 329 707 iucundo
365 668 586 710 sensu
605 698 619 723 ‚
647 672 804 713 cura
834 658 1117 718 semotu’¹
1136 662 1495 744 metuque?

67 778 200 843 ergo
231 780 647 843 corpoream
680 765 765 827 ad
794 777 1096 832 naturam
1128 794 1340 857 pauca
1370 776 1669 843 videmus

68 894 190 934 esse
218 895 393 958 opus
429 877 710 940 omnino
731 929 745 954 ‚
770 903 942 964 quae
975 883 1246 949 demant
1277 910 1560 975 cumque
1592 893 1925 975 dolorem,

67 985 304 1050 deficias
337 1011 630 1074 quoque
659 995 756 1056 uti
782 997 1023 1060 multas
1055 1001 1480 1068 substernere
1509 1011 1803 1090 possint.

62 1102 283 1182 gratius
311 1103 500 1166 inter
537 1105 698 1168 dum
725 1130 942 1193 neque
971 1120 1210 1177 natura
1236 1117 1384 1200 ipsa
1411 1123 1691 1204 requirit
1709 1175 1723 1199 ‚

62 1214 249 1277 sinon
279 1238 496 1280 aurea
531 1229 694 1283 sunt
720 1223 1030 1288 iuvenum
1061 1227 1411 1294 simulacra
1440 1257 1562 1318 per
1592 1239 1795 1305 aedes

60 1325 375 1412 lampadas
405 1331 741 1416 igniferas
772 1340 1071 1404 manibus
1099 1345 1455 1410 retinentia
1484 1349 1767 1431 dextris,

61 1441 270 1540 lumina
297 1449 666 1511 nocturnis
698 1452 906 1535 epulis
934 1462 1012 1518 ut
1041 1459 1556 1542 suppeditentur
1573 1514 1587 1539 ,

63 1577 162 1618 nec
189 1556 424 1623 domus
458 1573 751 1647 argento
779 1566 1058 1652 fulgenti
1087 1592 1386 1657 auroque
1416 1579 1708 1657 renidet,

60 1690 162 1731 nec
187 1673 482 1738 citharae
515 1679 806 1743 reboant
834 1681 1147 1766 laqueata
1176 1696 1541 1774 aurataque
1573 1680 1780 1774 tecta,

62 1805 181 1846 cum
208 1795 424 1852 tamen
453 1791 644 1854 inter
676 1814 747 1855 se
776 1801 1101 1880 prostrati
1131 1800 1198 1862 in
1226 1805 1518 1886 gramine
1547 1813 1726 1875 molli

60 1907 302 1984 propter
333 1925 568 1988 aquae
598 1906 810 1971 rivum
844 1904 1198 1977 sub'ramis
1230 1919 1491 1983 arboris
1522 1923 1695 1988 altae

60 2032 168 2074 non
193 2019 447 2100 magnis
483 2019 735 2103 opibus
765 2023 1067 2088 iucunde‘
1086 2051 1374 2116 corpora
1405 2048 1672 2114 curant,

60 2131 414 2207 praesertim
447 2154 610 2194 cum
640 2141 1004 2222 tempestas
1035 2141 1303 2208 adridet
1335 2156 1402 2210 et
1433 2153 1585 2214 anni
1685 2227 1688 2231 ,

36 2246 322 2324 ¹tempora
352 2258 828 2333 conspergunt
856 2253 1202 2321 viridantis
1231 2259 1509 2327 floribus
1538 2265 1809 2335 herbas.

36 2375 153 2445 ¹nec
179 2357 428 2423 calidae
463 2362 670 2425 citius
702 2362 1035 2431 decedunt
1066 2392 1350 2458 corpore
1377 2377 1599 2445 febres
1621 2432 1650 2471 ‚a

57 2471 354 2537 textilibus
386 2476 447 2539 si
477 2477 557 2539 in
587 2475 865 2561 picturis
896 2493 1220 2570 ostroque
1249 2491 1516 2557 rubenti

58 2580 311 2661 iactaris,
339 2611 553 2673 quam
587 2593 642 2653 si
673 2593 739 2655 in
767 2596 1029 2677 plebeia
1060 2610 1246 2665 veste
1278 2607 1654 2674 cubandum
1687 2625 1818 2682 est.
1861 2659 1868 2668 -

60 2715 162 2777 qua
184 2712 463 2787 propter
498 2707 820 2789 quoniam
849 2712 941 2774 nil
966 2723 1202 2779 nostro
1232 2718 1301 2780 in
1331 2742 1618 2806 corpore
1646 2749 1849 2812 gazae

58 2813 363 2891 proficiunt
391 2841 630 2903 neque
661 2824 971 2889 nobilitas
1001 2851 1125 2892 nec
1153 2832 1367 2915 gloria
1397 2840 1611 2922 regni,

60 3393 276 3449 ornatas
307 3391 519 3453 armis
541 3439 559 3466 ‚
583 3393 840 3459 validas
861 3446 875 3472 ‚
897 3402 1284 3487 pariterque
1315 3409 1666 3490 animatas,

56 3488 260 3563 fervere
291 3525 442 3566 cum
474 3504 719 3569 videas
751 3510 1029 3576 classem
1056 3516 1324 3602 lateque
1354 3528 1612 3609 vagari,

56 3602 131 3668 his
155 3613 255 3675 tibi
282 3625 428 3680 tum
460 3621 676 3698 rebus
705 3622 1079 3693 timefactae
1109 3633 1466 3717 religiones

56 3719 316 3807 effugiunt
345 3734 577 3796 animo
612 3736 1277 3831 pavida-mortisque
1310 3751 1581 3817 timores

56 3841 156 3898 tum
176 3861 450 3909 vacuum
481 3854 732 3931 pectus
762 3852 1017 3920 lincunt
1047 3882 1337 3946 curaque
1369 3867 1687 3933 solutum.

57 3952 194 4026 quod
219 3959 269 4019 si
297 3960 594 4024 ridicula
623 3961 796 4028 haec
826 3966 1240 4058 ludibriaque
1275 3999 1422 4042 esse
1451 3981 1756 4050 videmus
1774 4036 1789 4060 ‚

60 4127 407 4152 κ

2232 392 2315 458 41

64 4226 102 4272 18
130 4243 280 4286 mente
326 4238 347 4304 Η
407 4247 468 4292 19
510 4248 727 4294 semota
774 4244 793 4311 ΙΙ
844 4252 904 4296 27
944 4247 1110 4318 fulget
1157 4252 1176 4320 ΙΙ
1226 4262 1289 4307 28
1330 4258 1567 4327 laqueata
1620 4265 1636 4330 ΙΕ
1683 4267 1900 4336 templa.
1951 4270 1970 4340 ΙΙ
2018 4278 2079 4323 39
2117 4290 2276 4341 super

59 4319 96 4355 ⁰8
125 4313 139 4374 ll
170 4321 221 4367 41
258 4319 461 4375 Fruere
501 4325 520 4392 Η
575 4332 644 4376 42
683 4329 888 4395 magnis
929 4334 1123 4399 epicuri
1163 4335 1182 4405 ΙΙ
1221 4345 1282 4390 43
1323 4342 1545 4395 itastuas
1584 4350 1870 4417 tariterquc
1908 4353 1927 4419 Η
1966 4360 2029 4404 46
2066 4362 2273 4424 tempus
