2840 5008
1209 376 1273 443 V
2202 373 2346 441 295

44 560 338 625 caerula
368 605 387 633 ,
440 551 733 622 nondum
771 554 1020 638 Coqnica
1059 561 1334 616 terrenae
1354 597 1373 629 ,
1407 558 1753 635 pontemque
1789 550 2025 613 intrare
2066 560 2317 633 neqaret
2329 597 2346 627 ,

47 659 164 722 Ad
192 655 519 743 puppim
565 651 779 717 saorlze
822 650 1056 714 eithara
1085 650 1351 713 eliciente
1379 649 1631 713 carinae
1658 647 2008 710 Adductum
2039 658 2222 711 cantu
2250 670 2346 712 ve-

44 758 140 820 nit
172 778 381 820 mare
410 803 428 817 .
484 752 614 817 ubi
642 751 711 816 in
739 749 928 814 libris
959 753 1064 812 est
1080 758 1387 833 pontoque
1414 747 1648 809 intrare
1675 756 1996 829 neqarent.

232 852 405 918 509.
457 850 861 915 Mo-rums
907 868 1107 911 As‘rn
1126 868 1338 911 onum
1363 895 1376 908 .
1424 843 1613 924 Quae
1641 842 1824 907 hune
1851 864 2122 908 versum
2150 863 2345 925 prae-

53 951 338 1016 cedunt
360 999 378 1026 ,
431 950 531 1013 iis
578 948 896 1012 continuo
942 944 1404 1012 subiciendum
1451 951 1556 1008 est
1593 944 1651 1006 T
1644 965 1905 1028 erraque
1945 953 2014 1006 ut
2050 942 2118 1004 in
2143 941 2348 1004 media

59 1058 130 1113 et
161 1057 429 1114 cetera
464 1048 633 1122 534,
678 1066 896 1129 neque
928 1044 1098 1108 haec
1129 1043 1215 1108 de
1237 1043 1539 1108 motibus
1570 1050 1907 1105 astrorum
1934 1045 2142 1124 poeta
2168 1036 2348 1103 infra

56 1169 285 1212 vers-u
309 1147 460 1211 774
488 1153 567 1211 et
586 1144 912 1231 proximis
936 1149 1412 1207 commemorat
1430 1190 1444 1205 .
1472 1141 1702 1226 itaque
1733 1144 2021 1224 apparet
2043 1136 2154 1206 hio
2178 1158 2344 1221 quo-

61 1265 200 1329 que
231 1246 315 1309 in
347 1244 658 1312 schedis
683 1241 992 1308 carminis
1023 1238 1465 1324 disponendis
1497 1260 1537 1302 a
1565 1238 1780 1322 primo
1814 1237 2109 1310 editore,
2143 1256 2346 1320 quem

66 1343 151 1421 Q.
186 1342 630 1421 Ciceronem
673 1342 900 1410 fuisse⁴
926 1363 1135 1427 supra
1178 1340 1355 1416 dixi,
1401 1347 1757 1426 peceatum
1801 1361 1948 1403 esse
1968 1387 1983 1402 .
2024 1344 2347 1422 poterant

71 1448 314 1505 autem
346 1440 547 1504 haee
575 1440 779 1525 paulo
811 1441 1036 1525 aptius
1064 1446 1225 1524 post
1253 1460 1523 1504 versum
1553 1439 1675 1503 563
1707 1438 2057 1503 collocari.
2282 1513 2295 1526 „

243 1538 407 1602 513.
460 1537 670 1601 Iuor:
725 1560 986 1605 Auum
1041 1559 1299 1601 surm
1353 1559 1663 1601 FLUERE
1721 1558 1988 1612 Arous
2048 1556 2343 1624 mrsu-

76 1659 119 1698 υ
135 1659 290 1700 ERE
339 1659 385 1699 E
407 1659 454 1700 o
477 1659 525 1699 n
544 1658 644 1699 ΕΜ
668 1685 682 1699 .
713 1636 842 1700 Hie
873 1642 987 1701 aer
1016 1658 1135 1723 quo
1162 1637 1433 1702 intendat
1458 1656 1678 1720 neque
1701 1634 2162 1721 superioribus
2187 1653 2345 1700 conr

80 1734 353 1802 tinetur
386 1755 631 1819 neque
658 1734 740 1799 iis
770 1755 945 1819 quae
976 1741 1299 1804 secuntur
1318 1781 1332 1797 .
1363 1756 1518 1800 nam
1539 1756 1740 1799 ver-su
1763 1733 2072 1822 proximo
2105 1753 2346 1798 caven-

89 1832 252 1895 dum
318 1841 440 1897 est
501 1853 590 1895 ne
647 1832 817 1897 illud
866 1833 1012 1912 Quo·
1043 1831 1410 1902 referamus
1456 1832 1546 1897 ad
1587 1834 1794 1898 eodem
1816 1880 1832 1911 ,
1885 1832 2019 1922 Quo
2061 1831 2349 1896 volvenda

85 1931 324 1994 micant
344 1932 602 1995 aeterni
620 1931 827 1996 sidera
847 1932 1060 1998 mundi
1077 1957 1098 1995 :
1126 1952 1346 2016 neque
1379 1932 1553 1995 enim
1577 1930 1802 1995 sidera
1824 1953 1942 2016 quo
1967 1936 2035 1994 et
2050 1930 2126 1996 in
2151 1950 2348 2013 quem

89 2027 318 2091 locum
349 2029 734 2092 volvantur
766 2028 991 2093 dicere
1013 2031 1416 2114 poterimnS‚
1451 2037 1518 2093 et
1549 2051 1629 2092 eo
1661 2051 1865 2093 versu
1894 2027 2207 2094 absoluta
2238 2032 2347 2090 ae-

89 2147 239 2192 rum
271 2128 723 2212 expositione
752 2150 924 2213 opus
954 2135 1061 2192 est
1091 2128 1180 2191 ad
1210 2126 1632 2191 efficiendum
1662 2126 1734 2191 id
1766 2124 1952 2211 quod
1983 2126 2346 2209 quaeritur,

95 2225 361 2289 scilieet
390 2250 469 2291 eo
500 2226 647 2290 fieri
676 2234 753 2290 ut
782 2226 1008 2291 sidera
1036 2227 1429 2317 volvantur.
1475 2226 1610 2291 hoo
1639 2233 1862 2289 autem
1895 2245 2097 2288 versu
2126 2222 2248 2286 514
2276 2222 2348 2285 in

94 2321 247 2388 loeo
280 2345 416 2389 suo
451 2326 764 2409 reposito
789 2372 804 2398 ‚
834 2324 967 2389 hoo
995 2332 1102 2389 est
1129 2331 1291 2409 post
1318 2323 1441 2387 516
1462 2372 1479 2398 ‚
1511 2331 1798 2409 apparet
1825 2320 2006 2386 illum
2041 2319 2345 2404 superio-

101 2441 241 2484 rem
273 2428 513 2487 aerem
544 2423 850 2487 intendere
894 2411 1266 2486 nsonsom
1309 2429 1378 2486 et
1423 2421 1783 2506 sphaeram
1822 2420 2002 2484 illam
2033 2419 2199 2483 caeli
2231 2418 2345 2481 de-

103 2519 400 2601 primere
426 2545 443 2585 :
493 2522 667 2586 alter
710 2522 883 2584 enim
906 2569 922 2593 ‚
968 2521 1084 2602 qui
1127 2523 1362 2587 subter
1406 2529 1514 2585 est
1533 2569 1548 2594 ,
1595 2521 1879 2584 eundem
1912 2518 2080 2583 caeli
2112 2519 2349 2583 orbem¹

104 2619 432 2684 subvehere
468 2628 540 2683 et
567 2619 634 2680 in
664 2618 872 2682 altum
905 2616 1139 2680 tollere
1171 2617 1419 2683 dieitur
1439 2666 1453 2681 .

269 2717 418 2782 515.
445 2720 614 2781 Aur
656 2738 908 2780 Auum
954 2739 1294 2790 surum,
1327 2739 1646 2780 ooNTRA
1693 2738 1874 2792 Qu1s
1920 2737 2347 2779 sussvssum:

114 2836 316 2878 ORBE
335 2840 382 2879 u
413 2865 426 2878 .
457 2813 775 2880 Andreas
797 2814 1175 2900 Naugerius
1204 2817 1320 2879 Ast
1343 2817 1537 2879 alium
1569 2827 1636 2879 et
1668 2816 1776 2901 qui
1801 2815 2118 2894 subvehat,
2151 2835 2347 2898 quem

111 2915 317 2977 ceteri
347 2920 678 2978 secuntur
698 2963 711 2977 .
760 2913 1143 2977 debuerunt
1168 2914 1416 2999 ingrati
1448 2913 1756 2979 homines
1786 2921 2132 2978 auctorem
2166 2913 2340 2998 opti-

113 3031 286 3073 mum
314 3012 606 3076 laudare
634 3012 918 3096 primum
943 3060 959 3087 ‚
1005 3011 1251 3079 deinde
1283 3014 1368 3077 ab
1402 3035 1483 3076 eo
1515 3014 1822 3099 accipere
1866 3037 1906 3090 Q
1925 3036 2005 3076 Ul
2032 3037 2046 3076 ε
2090 3001 2221 3076 8εᾶ
2257 3023 2351 3076 ast

117 3108 596 3175 coniunctione
624 3110 1011 3175 Lucretium
1055 3133 1251 3175 usum
1289 3133 1426 3176 non
1469 3135 1619 3178 esse
1665 3113 1770 3176 his
1801 3112 1993 3175 annis
2024 3111 2346 3179 trecentis

117 3204 414 3293 intellegi
439 3208 695 3294 potuit.
727 3229 946 3294 neque
971 3231 1053 3275 ea
1076 3211 1459 3275 coniunctio
1484 3211 1639 3274 huie
1659 3211 1814 3274 loeo
1840 3210 2348 3279 accommodata

121 3311 221 3367 est
239 3354 258 3380 ,
276 3306 405 3371 sed
428 3328 580 3371 oum
604 3283 1053 3393 praecesserit
1078 3311 1183 3374 Ex
1204 3321 1464 3396 ucraque
1476 3313 1649 3397 parti
1672 3317 1741 3375 et
1766 3312 1918 3377 Inde
1941 3313 2134 3375 aliu-m
2153 3333 2348 3396 supra

108 3400 301 3487 fluere
322 3452 339 3482 ‚
383 3406 777 3469 necessario
822 3410 952 3499 seq
992 3409 1012 3471 i
1058 3408 1266 3473 debet
1310 3408 1411 3472 H1
1429 3434 1469 3473 N
1487 3434 1522 3474 c
1569 3418 1687 3474 aut
1731 3418 1915 3474 certe
1958 3411 2111 3475 Inde
2154 3411 2347 3473 alium

123 3512 318 3584 supter
337 3552 350 3565 .
396 3504 468 3566 in
516 3503 650 3567 hoo
691 3427 1153 3590 generexizulla
1179 3507 1559 3571 litterarum
1587 3508 2033 3577 similitudinis
2065 3515 2134 3570 et
2164 3516 2355 3577 oete<

123 3618 340 3665 rorum
365 3601 799 3667 artificiorum
819 3653 834 3679 ‚
857 3604 925 3671 in
952 3587 1193 3690 qllibus
1217 3607 1344 3670 sibi
1366 3605 1674 3690 plerique
1697 3605 1968 3689 plaoent
1985 3653 2000 3680 ,
2024 3604 2344 3669 habenda
2392 3634 2396 3640 ·

129 3697 292 3760 ratio
316 3698 434 3763 'est
455 3748 470 3775 ,
515 3722 737 3785 neque
767 3702 986 3767 dicam
1015 3727 1146 3768 Aur
1180 3725 1263 3766 ex
1292 3727 1402 3767 mo
1429 3740 1453 3779 ‚·
1489 3703 1676 3787 quod
1718 3702 2092 3787 quadratus
2131 3702 2344 3767 habet
2377 3766 2383 3774 ,
2414 3749 2420 3753 -

128 3811 327 3879 Supra
354 3820 554 3869 versu
586 3799 707 3864 285
727 3849 742 3875 ‚
772 3799 1033 3865 facilius
1066 3823 1265 3886 quam
1296 3823 1381 3864 ex
1412 3824 1574 3865 nmo
1609 3801 1771 3864 oriri
1802 3801 2105 3884 potuisse
2126 3848 2141 3864 .

286 3896 423 3960 516.
470 3897 582 3963 UT
642 3921 992 3965 FLuvlus
1036 3922 1401 3966 VERSARE
1459 3922 1721 3964 RorAs
1747 3949 1760 3962 .
1805 3900 2008 3984 Apud
2051 3899 2343 3964 Nonium

133 3989 358 4068 p.13‚8
386 4004 573 4060 rect-e
616 3999 695 4061 Ut
734 4021 823 4062 m.
843 4022 1084 4063 uvxos
1108 4047 1122 4074 ,
1169 4000 1352 4084 apud
1395 3999 1728 4067 Isidorum
1774 3999 2102 4086 originum
2133 4023 2244 4075 xx,
2268 4000 2341 4063 15

143 4084 406 4175 Influvio
429 4144 443 4158 .
488 4094 610 4158 sed
652 4096 721 4159 in
752 4096 989 4162 eodem
1022 4120 1220 4162 versu
1250 4099 1453 4164 iidem
1483 4120 1630 4163 oum
1661 4099 2063 4163 membranis
2091 4098 2343 4162 nostris

137 4197 333 4291 metra
350 4238 365 4265 ,
396 4213 529 4257 non
558 4194 841 4277 haustra„
871 4208 1077 4260 ansius
1103 4195 1282 4262 infra
1301 4198 1370 4260 in
1392 4198 1528 4262 hoe
1551 4198 1725 4262 libro
1756 4198 1915 4262 1069
1938 4197 2338 4282 quadratuS‚

141 4285 334 4351 aurire
361 4290 429 4354 in
460 4313 547 4367 ιν,
566 4292 605 4355 3
638 4293 972 4377 oblongus
998 4342 1011 4369 ‚
1055 4293 1235 4361 idem
1264 4297 1503 4360 emansit
1528 4297 1598 4359 in
1630 4319 1715 4371 v1‚
1746 4295 1901 4359 1140
1924 4342 1938 4368 ‚
1984 4296 2150 4358 aurit
2176 4315 2338 4378 qua-

140 4375 363 4450 dratus
391 4388 458 4453 in
490 4413 577 4465 vt,
602 4392 712 4454 141
739 4441 750 4453 .
