2840 5008
1216 399 1311 468 111
1874 468 1881 474 ,
2037 362 2041 371 ’
2231 399 2366 467 167

92 576 356 662 femina
388 598 535 640 wna
561 574 893 640 invenietur
919 575 1078 638 bona
1111 621 1125 636 .
1166 561 1233 638 in
1261 574 1450 639 Accii
1479 593 1683 638 versu
1713 621 1727 647 ‚
1763 594 1958 657 quem
1982 572 2243 638 Nonius
2271 573 2367 638 illi

108 672 447 759 adiungit
484 717 502 747 ‚
541 672 752 736 verba
791 670 1164 736 traicienda
1191 678 1351 736 sunt
1366 719 1382 746 ‚
1406 671 1579 736 'Erat
1602 671 1754 735 istuc
1781 672 1955 736 virile
1986 719 2004 750 ,
2044 673 2366 736 adversam

95 770 280 857 ferre
291 770 647 855 fortunam
658 768 849 855 facul
861 817 875 832 .

278 867 440 932 403.
469 868 850 949 QUAMVIS
875 889 1017 931 Estr
1042 889 1371 931 omarum
1397 888 1683 931 oAnsrs
1718 888 1979 929 LACER
2002 888 2359 941 numque

110 990 211 1030 nu:
226 990 334 1030 iun
351 991 399 1031 R
414 990 440 1030 1
461 990 499 1031 s
519 1014 533 1031 .
559 966 951 1047 Quadratus
982 968 1135 1031 cecis
1151 992 1171 1029 .·
1194 967 1336 1031 eius
1361 974 1708 1030 corrector
1739 966 2026 1044 Quamvis
2056 976 2329 1030 excretus
2347 1013 2361 1028 .

115 1072 494 1130 corrector
538 1065 815 1151 oblongi
855 1065 1024 1128 miro
1071 1065 1351 1129 consilio
1395 1065 1558 1130 feeit
1599 1064 2034 1149 laceranti-ique
2063 1111 2076 1127 .
2107 1062 2263 1126 Itali
2293 1071 2363 1126 et

114 1162 469 1227 Marullus
505 1185 577 1227 cx
595 1186 687 1227 Rc
706 1184 1105 1227 uncAEs1s
1137 1212 1150 1226 .
1197 1163 1267 1227 in
1296 1163 1468 1228 libro
1501 1186 1589 1239 iv,
1606 1162 1728 1227 203
1760 1210 1774 1238 ,
1805 1162 1923 1228 ubi
1953 1161 2363 1246 exemplaria

117 1260 384 1326 habent
416 1263 660 1326 caelum
673 1311 694 1342 ‚
718 1261 923 1327 scribi
952 1260 1157 1326 ‘debet
1186 1264 1417 1326 eirewm
1438 1312 1451 1326 .

284 1358 446 1424 404.
502 1381 886 1424 ,ADEMPTA
945 1381 1212 1424 ANIMA
1274 1384 1578 1426 cmcum
1632 1382 2156 1435 MEMBRISQUE
2218 1382 2359 1423 RE·-

121 1480 220 1522 mo
238 1482 280 1521 τι·
321 1504 339 1522 .
388 1458 510 1522 Ita
539 1457 916 1543 quadratus
946 1482 959 1521 :
998 1459 1069 1522 in
1098 1458 1394 1545 oblongo
1427 1470 1690 1524 remotus
1719 1506 1734 1533 ‚
1765 1458 1922 1523 olim
1951 1457 2265 1542 impressi
2294 1464 2363 1520 et

119 1555 467 1620 Marullus
499 1576 647 1620 cum
668 1554 854 1620 Italis
875 1558 1119 1620 remoti-s·
1139 1604 1154 1620 .
1177 1577 1351 1622 unus
1372 1578 1606 1621 verum
1627 1557 1801 1621 vidit
1823 1564 2171 1621 corrector
2194 1575 2361 1640 qua-

125 1652 304 1718 drati
324 1702 341 1729 ‚
366 1653 495 1738 qui
521 1651 686 1717 fecit
707 1676 799 1717 RE
818 1676 865 1717 M
881 1675 921 1717 o
937 1675 1029 1717 TA
1050 1701 1065 1717 .

283 1752 439 1817 405.
485 1775 583 1816 Εἰ·
612 1774 1085 1818 Annianus
1116 1774 1447 1818 vlzmms
1478 1776 1849 1819 suscu’rzr
1879 1774 2139 1835 ⁴imus
2175 1801 2189 1816 .
2224 1750 2359 1816 Ne-

129 1871 258 1933 que
303 1851 580 1915 aetheris
605 1850 993 1916 Lucretiani
1035 1850 1212 1915 ullae
1255 1858 1416 1915 sunt
1459 1876 1654 1917 aurae
1685 1901 1703 1931 ,
1746 1872 1968 1937 neque
2014 1852 2130 1937 qui
2172 1874 2363 1930 auras

141 1946 352 2013 Vitalis
382 1950 625 2033 carpit,
647 1955 725 2012 ut
756 1947 921 2013 dicit
950 1947 1291 2035 Vergilius
1322 1951 1486 2013 Aen.
1506 1974 1548 2025 1,
1564 1950 1685 2016 387
1702 1998 1720 2029 ‚
1743 1950 1800 2014 is
1832 1948 2017 2013 aliud
2049 1971 2248 2035 quam
2279 1960 2360 2013 te-

128 2068 308 2110 nuem
336 2058 504 2112 aera
531 2048 732 2131 carpit
756 2095 774 2125 ,
812 2067 985 2132 quae
1016 2052 1174 2111 sunt
1204 2046 1506 2111 eiusdem
1535 2049 1747 2112 verba
1773 2048 1844 2112 in
1874 2048 2242 2134 georgicon
2272 2070 2361 2121 iv,

129 2143 242 2206 311
277 2191 292 2208 .
327 2145 574 2230 itaque
605 2151 675 2209 et
702 2144 813 2209 hic
842 2146 1045 2210 aerias
1073 2169 1263 2210 auras
1292 2144 1469 2209 dixit
1487 2148 1653 2210 Aen.
1671 2169 1733 2221 v,
1752 2145 1874 2209 520
1906 2152 1975 2208 et
2001 2145 2362 2210 Lucretius

134 2240 547 2327 aliquotiens
577 2292 597 2323 ,
636 2264 673 2307 e
715 2263 851 2328 quo
881 2242 1187 2308 Isidorus
1230 2244 1490 2308 rettulit
1515 2245 1587 2308 in
1618 2245 1947 2330 originum
1976 2266 2122 2319 xm,
2148 2243 2241 2318 11,
2265 2242 2360 2306 17.

134 2361 265 2423 quo
305 2342 388 2406 fit
418 2350 507 2407 ut
534 2342 646 2406 hic
678 2363 950 2427 quoque
979 2340 1409 2407 scribendum
1438 2351 1668 2427 putem
1697 2365 1992 2419 Annus
2020 2343 2219 2406 vitalis
2247 2364 2359 2403 au-

134 2461 234 2503 ras
265 2487 283 2521 ,
329 2461 518 2527 quae
555 2440 707 2528 ipsa
735 2442 947 2507 verba
973 2440 1291 2529 leguntur
1318 2441 1385 2507 in
1429 2441 1603 2508 libro
1636 2465 1724 2517 vi,
1753 2441 1907 2507 1227
1943 2490 1961 2519 ,
2005 2440 2135 2504 nisi
2175 2440 2361 2525 quod

133 2529 225 2602 ibi
250 2543 417 2605 aeris·
448 2548 561 2606 est
601 2588 615 2604 .
658 2540 728 2603 in
757 2561 821 2615 V,
838 2539 956 2604 501
994 2540 1369 2626 quadratus
1398 2541 1699 2606 aetherias
1729 2565 1956 2605 auras:
1986 2537 2362 2623 eodemque

135 2636 334 2702 modo
364 2639 484 2705 bis
512 2640 581 2703 in
601 2637 902 2703 Aeneide
934 2645 1225 2703 erratum
1253 2660 1401 2703 esse
1423 2639 1582 2703 mihi
1607 2639 2052 2703 certissimum
2073 2637 2361 2709 videtur,

136 2755 350 2821 neque
397 2736 689 2803 credere
731 2757 1010 2821 possum
1052 2743 1325 2822 poetam
1367 2737 1805 2802 cultissimum
1833 2743 1970 2801 tam
1997 2734 2360 2821 improprie

138 2833 431 2900 locutum
458 2857 614 2900 esse
640 2856 840 2921 quam
865 2836 1062 2901 nobis
1086 2835 1342 2900 librarii
1362 2835 1779 2920 persuadere
1801 2834 2191 2907 voluerunt,
2212 2854 2359 2898 cum

140 2932 206 2996 in
236 2957 281 3009 1,
297 2933 419 2998 547
447 2934 875 3018 scripserunt
893 2936 949 2997 si
968 2936 1225 2999 vescitur
1246 2958 1408 2998 aura
1433 2935 1725 3000 Aetheria
1741 2984 1756 3011 ‚
1785 2935 1856 2998 in
1878 2957 1966 3009 v1‚
1985 2933 2102 2996 761
2119 2934 2365 3018 primus

143 3033 223 3095 ad
247 3057 440 3099 auras
471 3033 793 3097 Aetherias
820 3033 978 3098 Italo
1008 3034 1345 3098 commixtus
1371 3035 1667 3120 sanquine
1693 3044 1898 3118 suryet
1934 3080 1946 3094 .
1993 3032 2224 3115 itaque
2253 3030 2363 3094 his

145 3129 305 3195 locis
335 3134 550 3196 aeriae
578 3156 770 3197 aurae
802 3132 1215 3197 conveniunt
1237 3181 1252 3208 ‚
1276 3140 1352 3196 ut
1384 3131 1568 3217 apud
1600 3131 1916 3197 Ovidium
1943 3135 2208 3194 metam.
2226 3150 2363 3201 x1v‚

151 3227 262 3292 127
303 3233 514 3296 aeria-s·
554 3235 778 3295 evectus
821 3233 907 3295 ad
943 3254 1133 3295 auras
1168 3279 1203 3310 ,.
1234 3231 1491 3295 scilicet
1522 3253 1606 3295 ex
1634 3229 1866 3295 inferis
1904 3276 1919 3301 ,
1968 3229 2131 3293 etin
2159 3251 2223 3301 x,
2248 3226 2365 3289 178

150 3324 373 3392 discus
406 3331 617 3394 aerias
643 3330 897 3394 libratus
924 3331 990 3393 in
1020 3353 1210 3393 auras
1233 3378 1246 3392 .
1276 3330 1348 3394 in
1375 3330 1743 3415 georgicon
1766 3353 1835 3404 11,
1852 3328 1970 3392 291
2001 3336 2071 3393 et
2092 3328 2256 3391 Aen.
2275 3349 2364 3398 xv,
2457 3357 2462 3362 ⁴

148 3423 267 3488 445
295 3429 524 3512 aptius
555 3448 704 3491 esse
731 3427 958 3492 iudico
991 3438 1285 3514 qua'ntwm
1312 3428 1531 3491 vertice
1559 3428 1646 3491 ad
1671 3447 1815 3493 ora-3
1841 3426 2166 3491 Aetherias
2183 3472 2201 3503 ,
2231 3435 2362 3487 tan-

151 3530 269 3584 tum
296 3526 508 3589 radice
535 3526 602 3588 in
632 3526 898 3589 Tartara
926 3526 1112 3588 tendit
1124 3549 1148 3606 ,·
1169 3524 1330 3588 item
1358 3525 1429 3587 in
1450 3547 1567 3599 vn,
1585 3523 1705 3588 557
1746 3527 1829 3589 Te
1855 3535 2039 3609 Super
2066 3522 2366 3586 aetherias

154 3641 357 3685 errare
397 3624 671 3687 licentius
711 3647 855 3687 oras
876 3670 892 3697 ‚
921 3623 991 3686 in
1037 3621 1293 3688 caelum
1337 3630 1639 3688 evectam
1673 3669 1687 3696 ‚
1726 3643 1865 3684 non
1894 3643 2086 3685 auras
2116 3666 2133 3697 ‚
2175 3617 2362 3702 quod

154 3713 400 3784 habent
440 3721 633 3785 libri.
662 3722 734 3785 in
771 3720 999 3786 Ovidii
1040 3721 1484 3807 metamorph.
1509 3744 1595 3794 ιν,
1612 3720 1736 3783 700
1781 3717 2004 3782 codex
2046 3718 2362 3802 antiquus

155 3810 558 3905 Berneggeri
602 3831 658 3884 et
694 3822 812 3884 alis
837 3822 1067 3885 Aerias
1106 3845 1291 3884 ausus
1330 3821 1567 3884 iactatis
1598 3820 1691 3881 ire
1706 3840 1830 3902 per
1857 3812 2048 3898 auras
2078 3842 2099 3879 .·
2142 3837 2365 3902 neque

158 3910 340 3979 aliter
370 3917 800 3983 scribendum
829 3927 935 3983 est
960 3919 1032 3983 in
1062 3943 1113 3983 11
1145 3919 1309 3984 artis
1338 3916 1707 3982 amatoriae
1737 3916 1817 3980 59
1841 3939 1857 3992 3
1901 3923 1974 3980 at
2014 3922 2277 3981 metam.
2301 3939 2364 3992 v,

160 4007 279 4073 511¹
311 4018 587 4081 curribus
628 4041 768 4081 oras
810 4018 963 4083 Exit
997 4019 1065 4082 in
1108 4017 1406 4082 aetherias
1442 4043 1462 4080 .·
1507 4017 1593 4081 ibi
1627 4053 1707 4063 —
1741 4017 1902 4079 Ante
1941 4015 2143 4080 Iovem
2181 4017 2363 4080 stetit.
2481 4011 2488 4016 ’

163 4105 371 4175 Statio
401 4114 590 4180 licuit
614 4115 964 4202 inproprie
993 4115 1176 4200 loqui
1204 4138 1219 4177 ι
1250 4114 1557 4200 Iuppiter
1589 4122 1695 4178 est
1726 4113 1841 4198 qui
1865 4112 1951 4177 de
1974 4112 2240 4197 Oedipo
2266 4113 2364 4176 di·

165 4204 250 4268 cit
294 4210 672 4301 Proieeicque
712 4215 868 4279 diem
913 4238 1024 4278 nec
1063 4215 1193 4277 iam
1238 4214 1501 4297 amplius
1546 4212 1781 4277 aethere
1820 4223 2021 4277 nostro
2066 4211 2331 4275 Vescitur
2348 4259 2364 4290 ‚

166 4299 371 4373 Theb.
391 4335 432 4388 1,
450 4311 568 4376 237
592 4363 602 4376 .
624 4312 748 4377 sed
773 4310 957 4396 apud
973 4309 1320 4375 Manilium
1337 4310 1408 4372 in
1431 4333 1473 4384 1,
1501 4309 1614 4373 149
1638 4330 1789 4373 cum
1806 4308 2109 4372 Bentlcio
2133 4328 2367 4371 neces-
