2840 5008
500 417 608 487 '30
1633 419 1662 484 I

514 593 838 679 principio
858 640 872 665 ‚
894 614 1111 656 rerum
1146 614 1346 676 quom
1378 590 1540 654 dicit
1568 591 2107 655 homoeomerian
2126 640 2141 665 ‚

370 724 467 769 835
513 728 701 783 ossa,
724 707 1066 782 videlicet,
1091 728 1126 769 6
1156 705 1465 791 pauxillis
1494 713 1697 789 atque
1727 706 1993 770 minutis

516 823 781 886 ossibus
809 821 918 884 hic
949 829 1015 885 et
1045 819 1130 883 de
1160 820 1469 905 pauxillis
1499 828 1700 903 atque
1729 820 1996 885 minutis

510 919 876 1000 visceribus
906 936 1128 999 viscus
1158 935 1338 1020 gigni
1366 954 1799 1019 sanguenque
1829 935 2039 998 creari

512 1051 849 1136 sanguinis
876 1050 1049 1113 inter
1078 1070 1151 1112 se
1179 1049 1400 1112 multis
1432 1050 1807 1113 coeuntibu’
1829 1032 2038 1134 guttis

514 1187 598 1229 ex
626 1165 900 1249 aurique
928 1171 1124 1249 putat
1150 1163 1334 1227 micis
1365 1163 1733 1246 consistere
1761 1184 1964 1249 posse

369 1296 466 1343 840
510 1300 742 1343 aurum
773 1287 839 1341 et
868 1277 951 1375 de
981 1276 1178 1342 terris
1207 1285 1453 1341 terram
1486 1298 1913 1341 concrescere
1942 1279 2218 1363 parvis‚'

510 1395 774 1480 ignibus
805 1414 889 1455 ex
914 1392 1084 1477 ignis
1103 1439 1117 1465 ‚
1139 1412 1437 1454 umorem
1466 1391 1807 1454 umoribus
1838 1412 2016 1467 esse,

514 1515 738 1571 cetera
766 1505 1087 1570 consimili
1114 1504 1303 1590 fingit
1330 1505 1588 1568 ratione
1617 1512 1945 1589 putatque
1962 1556 1975 1569 .

511 1643 636 1685 nec
666 1628 888 1684 tamen
920 1641 1066 1683 esse
1094 1619 1227 1682 ulla
1254 1617 1430 1681 idem
1455 1640 1545 1681 ex
1572 1625 1766 1705 parte
1793 1619 1860 1681 in
1889 1620 2091 1683 rebus
2119 1619 2312 1685 inane

510 1735 818 1799 concedit
835 1784 850 1811 ‚
871 1754 1090 1818 neque
1122 1732 1516 1818 corporibus
1542 1733 1739 1796 finem
1769 1733 2254 1815 esse-secandis
2276 1781 2289 1794 .

365 1867 461 1912 845
509 1871 715 1936 quare
744 1848 811 1910 in
838 1855 1124 1933 utraque
1151 1846 1308 1909 mihi
1338 1847 1591 1932 pariter
1618 1848 1881 1911 ratione
1910 1847 2175 1911 videtur

511 1986 732 2029 errare
763 1971 965 2047 atque
991 1962 1084 2024 illi
1103 2010 1119 2037 ‚
1142 1982 1345 2046 supra
1376 1983 1547 2045 quos
1579 1960 1863 2025 diximus
1894 1969 2050 2025 ante
2068 2010 2081 2025 .

510 2078 688 2142 adde
720 2076 904 2163 quod
929 2075 1238 2140 inbecilla
1263 2075 1457 2139 nimis
1485 2074 1849 2159 primordia
1875 2075 2093 2161 fingit3

507 2194 564 2258 si
590 2192 951 2278 primordia
978 2198 1134 2255 sunt
1151 2239 1166 2266 ‚
1190 2191 1378 2254 simili
1408 2211 1579 2275 quae
1610 2188 1915 2276 praedita
1945 2197 2258 2254 constant

506 2315 746 2371 natura
775 2314 979 2390 atque
1006 2306 1193 2391 ipsae
1221 2326 1331 2368 res
1362 2312 1520 2367 sunt
1538 2352 1553 2375 ‚
1576 2325 1920 2389 aequeque
1948 2304 2259 2368 laborant

364 2440 462 2487 850
509 2431 576 2488 et
603 2402 1162 2511 pereunt,·neque
1193 2420 1277 2482 ab
1310 2418 1514 2481 exitio
1546 2438 1656 2481 res
1685 2418 1819 2480 ulla
1846 2399 2168 2481 refrenat.

504 2560 657 2603 nam
688 2536 848 2623 quid
878 2537 947 2599 in
977 2556 1306 2620 oppressu
1337 2531 1563 2597 valido
1596 2531 1862 2596 durabit
1892 2554 2148 2607 eorum,

503 2661 579 2717 ut
606 2658 885 2717 mortem
916 2649 1215 2736 effugiat,
1237 2649 1350 2712 leti
1380 2648 1506 2711 sub
1537 2639 1850 2710 dentibus
1877 2645 2089 2730 ipsis?

504 2767 674 2853 ignis
693 2815 708 2841 ‚
732 2788 816 2829 an
843 2786 1034 2828 umor
1051 2812 1066 2839 ‚
1090 2785 1175 2827 an
1205 2784 1369 2826 aura
1384 2763 1416 2825 P
1440 2760 1604 2847 quid
1630 2761 1870 2825 horum
1888 2760 1920 2823 P
1942 2781 2240 2844 sanguen
2259 2809 2274 2835 ‚
2299 2782 2378 2824 os
2398 2810 2414 2837 ‚
2437 2754 2703 2824 aurum?

503 2882 629 2957 nil,
652 2886 729 2943 ut
758 2879 995 2965 opinor
1014 2927 1029 2953 ‚
1051 2878 1163 2941 ubi
1197 2899 1280 2940 ex
1311 2898 1527 2960 aequo
1556 2897 1669 2960 res
1696 2874 1997 2939 funditus
2029 2874 2240 2938 omnis

361 3014 459 3059 855
502 3004 637 3060 tam
666 2992 961 3057 mortalis
993 2992 1119 3055 erit
1148 3012 1344 3075 quam
1376 3009 1549 3072 quae
1578 2988 1927 3052 manifesta
1954 2988 2256 3051 videmus

506 3132 589 3175 ex
619 3108 829 3173 oculis
856 3106 1108 3170 nostris
1138 3105 1360 3188 aliqua
1386 3104 1456 3166 vi
1483 3103 1663 3167 victa
1688 3102 1937 3189 perire.

505 3232 575 3289 at
603 3244 821 3307 neque
849 3218 1189 3284 reccidere
1219 3217 1308 3282 ad
1333 3219 1535 3281 nilum
1564 3238 1674 3281 res
1703 3237 1906 3302 posse
1934 3238 2153 3301 neque
2184 3223 2403 3279 autem

503 3358 807 3403 crescere
840 3334 924 3398 de
954 3334 1089 3397 nilo
1123 3340 1335 3397 testor
1363 3354 1474 3397 res
1504 3339 1658 3395 ante
1689 3332 2037 3416 probataS.

502 3460 855 3539 praeterea
883 3450 1193 3534 quoniam
1225 3448 1412 3511 cibus
1445 3454 1644 3532 auget
1674 3467 1919 3530 corpus
1950 3444 2229 3528 alitque,

358 3585 457 3631 860
502 3567 673 3632 scire
700 3566 856 3630 licet
882 3564 1076 3629 nobis
1105 3584 1312 3627 venas
1344 3569 1411 3625 et
1442 3582 1737 3647 sanguen
1768 3566 1835 3622 et
1865 3579 2021 3621 ossa

503 3796 642 3859 sive
674 3796 860 3858 cibos
891 3793 1101 3857 omnis
1132 3792 1488 3857 commixto
1520 3807 1804 3873 corpore
1837 3784 2063 3848 dicent

505 3930 654 3973 esse
686 3916 753 3972 et
779 3908 1028 3971 habere
1057 3908 1123 3970 in
1155 3929 1229 3970 se
1257 3924 1614 3981 nervorum
1645 3921 1933 3985 corpora
1961 3919 2171 3984 parva

506 4227 786 4291 834.quam
821 4222 842 4290 ΙΙ
880 4225 976 4272 835
1006 4219 1073 4271 de
1111 4218 1131 4286 ΙΙ
1167 4222 1263 4269 837
1291 4229 1648 4285 sanguemque
1685 4212 1705 4282 ΙΙ
1744 4216 1840 4263 843
1867 4210 1992 4263 iden
2015 4218 2167 4280 parte
2204 4209 2224 4277 ΙΙ
2262 4212 2359 4259 846
2385 4206 2527 4259 suira
2549 4192 2681 4268 quod
2713 4187 2728 4252 ΙΙ

508 4310 604 4356 847
643 4301 889 4354 inbecilia
925 4301 945 4369 ΙΙ
983 4307 1078 4353 852
1119 4298 1312 4352 efficiat
1348 4298 1368 4367 ΙΙ
1404 4301 1502 4349 853
1541 4296 1757 4364 sanguis
1782 4311 1848 4345 an
1874 4311 1964 4347 os.
2015 4293 2035 4362 ΙΙ
2073 4307 2256 4345 aurum
2292 4296 2551 4342 omissum·
2591 4280 2609 4347 ΙΙ
2645 4273 2729 4324 860

507 4387 732 4455 sanguin
768 4386 788 4453 ΙΙ
828 4390 922 4437 861
963 4384 1092 4437 Sine
1127 4383 1147 4453 ΙΙ
1185 4398 1310 4435 core
1346 4382 1366 4450 ΙΙ
1403 4386 1500 4432 862
1539 4379 1703 4431 Esset
1736 4378 1931 4430 habere
