2840 5008
1140 395 1207 461 v
1275 377 1286 384 “
2139 395 2276 463 305

99 608 219 649 rum
244 583 534 669 carpentis
551 628 569 659 ,
614 601 771 664 quae
789 575 1026 660 partim
1057 582 1319 635 contecta
1337 569 1572 654 partim
1599 569 1865 633 revelata
1889 569 2142 655 frustra
2169 596 2278 637 no-

96 683 319 745 vissimis
345 679 734 744 trahebantur
756 672 1089 758 consequiis
1104 718 1121 750 ,
1154 668 1270 754 qui
1301 675 1407 731 tot
1431 665 1730 730 eiusdem
1752 668 1940 730 vocis
1972 672 2281 755 exempla

100 759 625 850 consideraverit,
636 772 1002 837 novissima
1018 765 1616 853 carpentaillorum
1633 764 2108 830 decoratorum
2120 790 2279 833 con-

98 898 275 940 secua
290 923 305 951 ‚
333 875 463 939 hoc
494 882 599 938 est
617 872 731 935 illa
763 870 1085 933 decorata
1107 874 1263 930 ante
1285 864 1652 929 novissima
1672 862 1880 928 fuisse
1900 865 2277 953 intelleget.

95 975 243 1037 haec
270 980 484 1038 autem
509 969 843 1035 adiectiva
864 975 934 1032 et
962 965 1288 1030 adverbia
1310 985 1350 1027 a
1378 964 1575 1028 bonis
1598 964 2046 1048 scriptoribus
2077 967 2277 1053 sylla-

94 1072 185 1135 bis
212 1071 432 1136 divisis
455 1069 724 1155 prolata
754 1088 903 1131 esse
932 1073 1072 1128 tum
1100 1065 1252 1149 ipsa
1272 1062 1506 1147 regula
1537 1062 1850 1147 exposita
1874 1084 1952 1126 ac
1982 1063 2279 1130 fortasse

93 1167 363 1231 nondum
386 1168 548 1232 satis
565 1173 752 1230 recte
776 1163 1282 1246 circumscripta
1302 1159 1793 1224 demonstravi.
1818 1164 2032 1250 omnis
2057 1170 2280 1229 autem

96 1264 270 1328 huius
300 1263 792 1330 observationis
820 1262 1037 1346 prima
1068 1260 1353 1323 stamina
1383 1266 1543 1321 sunt
1572 1258 1639 1320 in
1672 1259 1965 1343 quadam
1991 1262 2281 1328 Bentleii

96 1362 526 1449 disputatione
549 1412 564 1437 ‚
607 1383 810 1447 quam
838 1358 1137 1423 Phaedri
1179 1356 1600 1442 libro'primo
1644 1357 1714 1419 in
1741 1358 1872 1423 fine
1903 1362 2281 1445 appositam

95 1459 528 1526 Wakefieldus
576 1468 644 1524 et
682 1459 1012 1543 Forbiger
1052 1476 1412 1546 numquam
1457 1454 1700 1538 legisse
1746 1468 2281 1542 cognoscuntur,

96 1578 223 1620 cum
248 1559 313 1621 in
352 1559 526 1623 libro
559 1558 765 1621 tertio
795 1554 1091 1619 Lucretii
1122 1548 1245 1617 648
1290 1553 1431 1616 sine
1470 1552 1606 1615 ulla
1636 1552 2060 1621 dubitatione
2104 1580 2280 1623 com-

95 1663 361 1719 mentum
388 1655 711 1726 Italorum
753 1655 822 1716 in
854 1652 1077 1715 omnia
1120 1650 1529 1733 exemplaria
1557 1651 1741 1736 typis
1787 1674 2112 1739 expressa
2138 1659 2283 1722 illa-

94 1761 217 1815 tum
241 1756 565 1840 probant,
609 1753 915 1837 quamvis
943 1748 1289 1813 Bentleius
1320 1771 1457 1810 cum
1485 1751 1989 1836 praepositione
2020 1757 2287 1821 abiecta

94 1849 422 1935 legendum
467 1851 815 1914 docuisset
864 1849 1129 1931 Corpore
1170 1848 1403 1932 reliquo
1426 1894 1443 1924 ‚
1490 1847 1679 1930 quod
1707 1848 1802 1910 ita
1846 1852 2173 1936 scriptum
2217 1858 2288 1919 in

94 1950 470 2014 membranis
502 1946 857 2013 Vossianis
904 1949 1136 2008 extare
1167 1950 1387 2005 testor
1409 1991 1422 2004 .
1455 1942 1578 2006 -hic
1609 1943 1813 2028 igitur
1849 1950 2141 2015 comicos
2171 1977 2284 2018 ve-

93 2043 283 2123 teres,
309 2049 469 2113 item
499 2046 888 2111 Lucretium
919 2050 989 2107 et
1016 2039 1405 2104 Phaedrum
1424 2087 1440 2114 ‚
1470 2043 1761 2105 relicuom
1794 2051 2119 2127 quattuor
2149 2053 2283 2138 syl-

92 2142 243 2209 labis
271 2146 589 2211 extulisse
621 2142 923 2208 ostendit
944 2189 959 2216 ,
1003 2139 1276 2225 negavit
1306 2144 1527 2201 autem
1561 2160 1640 2202 eo
1671 2138 2034 2225 Vergilium
2062 2146 2284 2211 Hora-

91 2240 237 2305 tiu'm
264 2242 602 2308 Tibullum
644 2238 1071 2327 Propertium
1098 2257 1416 2321 umquam
1461 2257 1623 2299 usos
1668 2258 1816 2303 esse
1841 2235 1858 2303 .’
1899 2244 2127 2323 potuit
2162 2247 2285 2309 ad-

95 2335 237 2403 dere
279 2341 593 2406 Ovidium
621 2386 639 2414 ‚
686 2338 992 2402 Gratium
1021 2383 1035 2410 ‚
1083 2333 1551 2398 Germanicum
1582 2382 1596 2409 ‚
1640 2334 2082 2423 Priapeorum
2120 2351 2284 2428 poe:

91 2443 218 2512 taS‚
261 2440 586 2525 opuscula
612 2436 1013 2501 Maroniana
1034 2482 1050 2510 ‚
1098 2432 1569 2524 Columellam,
1600 2432 1963 2518 Senecam,
2006 2438 2284 2526 Calpur-

89 2535 250 2599 nium
276 2585 292 2613 ,
348 2539 694 2602 Lucanum
724 2583 740 2609 ‚
786 2533 1133 2598 Valerium
1176 2531 1534 2596 Flaccum.
1598 2533 1719 2598 sed
1766 2537 1951 2619 quod
2004 2539 2285 2606 Martia-

90 2631 203 2696 lem
244 2616 735 2699 ac'Iuvenalem
778 2632 1033 2715 primos
1074 2631 1331 2693 relicum
1365 2629 1618 2695 dixisse
1662 2633 2068 2701 existimavit
2091 2686 2106 2714 ‚
2149 2661 2288 2703 non

91 2731 239 2796 satis
280 2731 576 2797 attendit
603 2729 908 2793 Persium
952 2749 1031 2792 eo
1065 2734 1307 2812 quater
1349 2749 1545 2791 usum
1578 2751 1727 2795 esse
1749 2780 1765 2811 ‚
1811 2732 2043 2799 Silium
2073 2739 2284 2804 multo

88 2831 366 2915 saepius,
391 2830 683 2895 Statium
714 2837 852 2892 ter:
883 2827 1094 2892 habet
1124 2827 1324 2890 etiam
1350 2827 1650 2913 Sulpicia
1674 2829 1935 2899 Caleni.
1967 2843 2039 2899 at
2070 2838 2285 2923 epito-

86 2938 286 2992 mator
329 2929 586 2993 Iliados
626 2949 766 2990 non
808 2927 1036 3010 potuit
1075 2926 1373 2990 scribere
1403 2925 1525 2990 895
1571 2931 1834 3015 Atropos
1861 2932 2020 2997 hunc
2053 2938 2288 3001 circum

85 3027 264 3117 stabat
298 3029 691 3114 reliquaeque
731 3049 968 3090 sorores
984 3073 999 3100 ‚
1044 3025 1268 3110 potuit
1309 3026 1668 3112 riyidaeque
1708 3052 1944 3094 sorores
1969 3059 1994 3114 ,-
2056 3056 2285 3119 quam-

87 3142 269 3205 quam
300 3124 708 3211 exemplaria
735 3133 873 3188 tam
903 3124 1174 3187 mirifice
1207 3123 1504 3199 variant,
1546 3133 1624 3188 ut
1657 3126 1742 3190 de
1770 3127 1904 3192 hoc
1933 3151 2136 3196 versu
2167 3135 2286 3198 ad-

85 3217 207 3284 huc
233 3223 398 3287 nihil
421 3222 742 3287 constitui
771 3221 1021 3306 possit.
1052 3242 1177 3284 nec
1199 3220 1477 3283 Manilio
1511 3225 1871 3290 convenire
1897 3235 2068 3312 puto
2102 3234 2287 3316 quod

86 3326 179 3381 est
216 3320 284 3382 in
312 3345 381 3398 11,
396 3321 518 3385 734
542 3369 556 3393 .
602 3322 887 3384 Dimidia
908 3368 926 3398 ‚
968 3320 1222 3404 reliquis
1261 3319 1564 3383 tribuatur
1589 3333 1658 3385 ut
1695 3325 1907 3389 ordine
1945 3330 2134 3414 siquis
2155 3357 2176 3394 .·
2220 3340 2288 3396 et

83 3423 292 3481 tamen
307 3420 523 3484 'video
555 3418 902 3484 Friderico
932 3418 1183 3481 Iacobo
1220 3415 1402 3480 hunc
1431 3440 1698 3484 versum
1728 3425 2044 3506 probari,
2091 3449 2288 3512 quem

84 3511 419 3582 Bentleius
449 3518 780 3582 reiecerat
802 3566 815 3580 .
859 3518 1150 3580 relicuiae
1183 3520 1418 3579 ”autem
1447 3539 1809 3602 numquam
1839 3521 2061 3587 dictae
2096 3537 2286 3602 sunt,

85 3617 379 3694 quamvis
421 3616 518 3679 ita
562 3616 914 3701 scripsisse
944 3621 1210 3701 veteres
1258 3614 1443 3679 dicat
1486 3614 1886 3702 Papirianus
1915 3620 1982 3682 in
2027 3622 2286 3708 sylloge

81 3707 375 3778 Putschii
404 3714 650 3798 p.2290
673 3762 688 3778 .
732 3715 1030 3778 relicuum
1061 3713 1436 3776 Vaticanus
1468 3714 1688 3778 codex
1711 3713 2011 3781 Sallustii
2037 3719 2104 3781 in
2136 3741 2286 3784 ora-

79 3807 252 3875 tione
274 3813 495 3877 Macri
525 3813 579 3897 §.
605 3812 634 3876 l
659 3861 672 3876 .
701 3813 956 3898 reliquei
979 3818 1084 3874 est
1110 3811 1181 3875 in
1200 3811 1351 3896 lege
1372 3811 1540 3874 Iulia
1562 3813 1942 3897 municipali
1976 3815 2087 3880 151
2113 3840 2128 3893 3
2160 3820 2286 3882 sci-

79 3903 228 3971 licet
255 3917 335 3972 ut
351 3911 624 3996 pequdes
653 3932 851 3995 pequs
866 3910 1145 3995 pequnia
1160 3910 1490 3995 pequlatus
1506 3957 1522 3984 ‚
1566 3910 1726 3973 item
1753 3911 1822 3974 in
1851 3912 1999 3998 lege
2030 3914 2289 3982 Thoria

76 4000 151 4065 25
190 4019 519 4092 oqupatum
557 4015 627 4072 et
660 4007 773 4071 101
808 4011 1193 4094 persequtiO.
1238 4009 1546 4094 reliquuos
1589 4029 1710 4094 per
1753 4009 1887 4075 duo
1919 4036 1962 4075 u
1994 4013 2289 4080 dubitari

75 4120 208 4165 non
235 4113 469 4188 potest
500 4106 661 4190 quin
691 4114 879 4170 extet
905 4106 975 4168 in
1008 4106 1350 4170 Ciceronis
1384 4107 1470 4170 de
1500 4130 1574 4171 re
1607 4107 1879 4192 publica
1905 4111 2079 4176 libro
2111 4137 2152 4187 1,
2173 4115 2252 4177 35
2273 4163 2286 4185 ,

74 4197 189 4260 ubi
202 4199 426 4265 Maius
452 4201 645 4266 dedit
665 4205 983 4288 exiguuos
998 4251 1013 4278 ‚
1040 4227 1083 4288 9
1104 4203 1375 4267 litterae
1399 4226 1538 4268 non
1558 4207 1688 4269 nisi
1707 4209 2057 4294 vestigium
2081 4211 2285 4274 breve

73 4316 341 4363 manere
359 4306 651 4365 testatus
670 4325 684 4363 t
709 4322 842 4386 app
850 4308 998 4365 aret
1016 4303 1186 4365 enim
1212 4302 1644 4368 scribendum
1663 4325 1812 4368 esse
1832 4308 2142 4393 reliquuos
2155 4331 2287 4370 sus-

71 4399 289 4460 tentari
311 4399 492 4461 unius
524 4400 733 4484 optimi
754 4409 812 4461 et
828 4402 1050 4462 summi
1079 4401 1199 4463 viri
1220 4401 1563 4486 diliqentia.
1603 4402 1978 4486 scripturae
2000 4405 2286 4471 mutabi-

1173 4524 1174 4527 ¹
1805 4499 1886 4562 20
