2840 5008
1193 414 1256 482 11
2240 413 2330 480 93

111 590 396 678 quiritur
423 592 597 654 enim
621 588 753 653 hoc
772 638 786 665 ‚
806 584 1078 653 ‘Omnes
1102 590 1479 653 animantes
1498 588 1603 652 sui
1624 589 1892 674 generis
1908 586 2088 651 fetus
2109 586 2335 661 edunt,

113 711 359 774 eosque
404 689 623 776 figura
669 710 1030 773 corporum
1075 688 1381 752 dissimili
1412 736 1425 750 .
1445 687 1459 710 ’
1504 708 1665 773 ergo
1713 686 2081 750 scribemus
2124 685 2236 748 ΡΛ
2253 709 2334 748 R-

111 812 146 850 τ
162 810 253 851 un
270 811 293 850 1
311 810 413 850 ΠΝ
434 812 477 849 Τ
502 811 691 872 yemis
718 787 1052 849 humanum
1079 798 1397 871 mutaeque
1429 796 1704 868 natantes
1733 785 2204 870 Squamiqerum
2219 807 2333 868 pe-

113 887 283 950 cudes
310 910 334 966 ;
371 886 447 948 in
483 886 722 969 quibus
752 906 991 968 parum
1023 883 1365 968 eleganter
1394 882 1659 946 Nonius
1692 882 2134 968 Squamiyerae
2163 929 2177 944 .
2210 881 2334 945 sed

110 985 172 1046 in
198 983 534 1067 proximis
562 1030 577 1056 ‚
612 1003 784 1065 quae
813 980 1074 1045 Nonius
1103 1002 1243 1043 non
1274 980 1548 1045 exhibet
1570 1028 1586 1056 ‚
1612 982 1862 1065 optime
1890 978 2236 1042 Bentleius
2268 987 2335 1043 et

113 1081 561 1144 Londinensis
605 1079 828 1143 editor
858 1090 914 1142 et
940 1080 1098 1143 laeta
1138 1100 1526 1141 ARMENTA
1568 1127 1580 1140 .
1630 1099 1914 1163 quorum
1954 1077 2067 1140 hic
2107 1085 2334 1142 tamen

115 1200 252 1242 cum
295 1180 554 1242 arbusta
593 1185 662 1242 et
690 1188 966 1240 armenta
995 1198 1131 1239 uno
1159 1175 1531 1261 eodemque
1561 1176 1765 1240 modo
1795 1175 2096 1240 breviter
2126 1176 2333 1241 scribi

114 1277 409 1361 potuisse
443 1276 611 1340 dicit
640 1287 779 1339 arta
794 1324 812 1354 ,
835 1274 905 1338 id
930 1274 1122 1359 fingit
1148 1273 1333 1358 quod
1353 1274 1537 1336 nullo
1568 1281 1874 1357 tempore
1901 1273 2046 1337 fieri
2073 1274 2334 1358 potuit3

116 1374 287 1458 quod
317 1375 375 1437 si
411 1396 494 1437 eo
527 1394 701 1436 anno
735 1394 869 1457 quo
897 1372 1009 1435 ille
1037 1365 1210 1435 haec
1242 1371 1515 1455 scripsit
1543 1420 1558 1446 ‚
1598 1372 1734 1435 hoc
1765 1379 1868 1435 est
1901 1370 2059 1435 1712
2091 1420 2105 1446 ‚
2135 1379 2333 1456 puta-

116 1493 249 1535 mus
276 1471 636 1536 ferendum
666 1470 875 1535 fuisse
894 1518 908 1545 ‚
933 1477 1004 1533 at
1031 1470 1239 1533 hodie
1272 1470 1386 1555 qui
1417 1477 1630 1533 artem
1648 1516 1664 1544 ‚
1690 1491 1890 1554 quam
1919 1469 2181 1534 discere
2209 1492 2330 1533 no-

114 1569 368 1632 luerunt
387 1619 402 1645 ‚
426 1570 607 1633 fictis
618 1568 915 1639 ,fallaciis
948 1575 1267 1631 exercent
1299 1568 1773 1632 contemnendi
1797 1576 1959 1634 sunt
1983 1617 1995 1632 .
2022 1569 2185 1653 quid
2214 1591 2329 1633 au-

118 1675 238 1730 tem
265 1669 343 1731 iis
374 1668 495 1732 fiet
524 1716 538 1742 ‚
571 1668 685 1752 qui
705 1689 776 1731 se
791 1668 992 1730 huius
1009 1665 1480 1730 fraudulentae
1499 1665 1665 1729 artis
1682 1667 2041 1751 magistros
2056 1666 2284 1730 ferunt
2300 1668 2332 1730 P

119 1765 488 1828 notabimus
523 1771 709 1828 certe
736 1766 806 1827 in
834 1764 968 1827 hoc
998 1783 1244 1849 genere
1276 1784 1573 1826 summos
1603 1810 1619 1838 ‚
1652 1764 1982 1828 Kritzium
2015 1772 2083 1828 et
2110 1766 2330 1829 Mass-

122 1883 412 1926 manuum
431 1912 446 1936 ‚
471 1885 560 1927 ne
589 1862 996 1926 inducantur
1025 1861 1495 1925 adulescentes
1514 1910 1527 1923 .

266 1960 405 2024 347.
439 1961 788 2040 QUORUM
819 1981 1039 2023 unum
1072 1980 1426 2033 QUODV1s
1452 2006 1466 2020 .
1495 1958 1773 2022 Rectius
1803 1960 1873 2022 in
1903 1960 2076 2026 libro
2102 1984 2189 2036 ιν,
2215 1961 2332 2027 126

127 2057 381 2135 szrum
409 2082 604 2123 unum
637 2075 1007 2133 anvm.

266 2156 404 2220 354.
453 2180 490 2221 c
510 2180 552 2219 A
568 2180 605 2218 L
623 2179 659 2218 L
679 2179 701 2218 1
717 2179 920 2220 DUM„
969 2153 1332 2219 Corrector
1376 2153 1652 2239 oblongi
1699 2177 1733 2218 c
1751 2176 1847 2216 AL
1867 2177 1890 2216 1
1907 2178 1949 2216 D
1968 2177 2012 2218 U
2028 2177 2076 2217 M
2105 2201 2119 2217 .
2152 2154 2326 2221 duos

122 2274 336 2318 versus
382 2257 504 2341 qui
546 2255 728 2317 hunc
770 2252 1188 2339 praecedunt
1231 2252 1623 2317 Macrobius
1666 2252 1897 2336 posuit
1943 2253 2014 2315 in
2057 2253 2325 2319 Saturn.

121 2371 199 2423 vx,
217 2353 250 2414 5
270 2401 284 2417 .

267 2451 804 2527 356.N0NQ1J1T
834 2474 1035 2515 num
1067 2472 1417 2514 PEDIBUS
1441 2472 1841 2515 VEs⁷r1c÷1A
1871 2472 2172 2516 PRESSA
2202 2475 2323 2516 131-

123 2570 381 2616 snLc1s
414 2603 426 2615 .
460 2550 860 2630 Quadratus
914 2550 1168 2636 Oinquit
1195 2598 1213 2628 ,
1257 2548 1553 2612 schedae
1606 2550 1880 2636 Oinquid
1913 2598 1929 2613 .
1978 2559 2324 2616 corrector

124 2649 414 2730 quadrati
446 2657 521 2715 et
548 2649 875 2714 Marullus
908 2649 1197 2734 Linquit,
1222 2645 1517 2712 absurde
1535 2694 1550 2721 ‚
1583 2649 1885 2732 quamvis
1916 2650 2001 2714 ab
2031 2650 2320 2715 Avantio

123 2767 306 2829 porro
336 2770 576 2813 omnes
604 2748 1047 2833 probaverint
1072 2796 1084 2809 .
1109 2744 1541 2836 scribendum
1571 2754 1675 2809 est
1695 2746 1760 2810 N
1774 2768 1813 2809 o
1833 2769 1865 2810 s
1878 2770 1913 2811 c
1929 2772 1952 2811 1
1968 2771 2008 2811 :r
2030 2748 2198 2813 humi
2208 2774 2322 2835 pe·
2393 2764 2402 2769 “
2464 2813 2472 2821 ,

123 2843 275 2908 dibus
298 2849 549 2933 vestiyia
568 2871 785 2932 pressa
809 2847 1051 2910 bisulcis
1069 2893 1084 2907 .

267 2943 401 3007 358.
434 2968 470 3008 c
495 2966 970 3019 oMPLn'rQUE
1013 2947 1428 3018 QUAERELL
1449 2964 1520 3006 1s
1549 2942 1827 3007 Fnonn
1847 2967 2143 3010 IFERUM
2183 2970 2321 3009 NF.-

123 3058 252 3103 mus
293 3064 767 3107 Ansrrrnns
792 3091 806 3118 ,
836 3066 927 3105 Er
974 3064 1305 3105 REVISIT
1354 3063 1672 3105 CREBRA
1701 3045 1816 3107 An
1862 3068 2321 3112 s'rABULUM.

123 3135 432 3206 Antonius
444 3142 666 3207 “Marii
695 3143 975 3205 adsidens
994 3190 1011 3221 ,
1044 3148 1392 3204 corrector
1432 3140 1750 3226 quadrati
1779 3150 1846 3205 et
1872 3144 2179 3229 impressi
2210 3147 2319 3209 ad-

123 3234 306 3300 sistens
319 3287 336 3317 ,
356 3240 657 3306 absurde
673 3288 689 3305 .
707 3241 950 3304 horum
973 3240 1339 3303 carminum
1359 3240 1706 3304 teneritati
1732 3241 1926 3305 unice
1956 3250 2185 3327 aptum
2218 3253 2323 3310 est

125 3338 382 3415 querellis
409 3362 454 3402 A
470 3364 517 3402 ι)
535 3362 567 3403 s
583 3363 605 3403 1
621 3364 663 3403 D
677 3363 721 3404 U
734 3363 772 3402 E
789 3363 810 3401 1
829 3363 861 3403 s
881 3389 895 3404 .
917 3340 987 3402 in
1015 3339 1145 3402 fine
1174 3339 1526 3404 vocabulis
1555 3340 1855 3404 traiectis
1886 3364 1920 3405 c
1935 3365 1977 3405 R
1989 3365 2026 3404 E
2042 3367 2081 3405 B
2094 3366 2136 3406 R
2149 3365 2195 3406 A
2223 3368 2320 3407 re-

123 3431 242 3536 pisit
267 3437 695 3502 scribendum
727 3460 876 3504 esse
904 3437 1077 3501 vidit
1109 3440 1457 3502 corrector
1487 3439 1803 3523 quadrati
1833 3490 1847 3516 ‚
1879 3463 2099 3528 neque
2129 3443 2322 3508 aliter

125 3534 411 3612 lmpressi
429 3584 441 3598 .

271 3630 405 3695 361.
447 3633 619 3698 Nnc
651 3658 958 3698 ΤΕΝΕΒΕ
991 3657 1336 3698 sAL1cns
1367 3657 1629 3710 ATQUE
1662 3658 1918 3700 HERBE
1947 3658 2159 3700 noan
2190 3661 2317 3724 vr-

131 3739 412 3793 crnrns
433 3731 970 3807 FLUM1NAQUE
1003 3755 1194 3796 ILLA
1219 3755 1538 3807 QUEUNT
1570 3755 1820 3797 summ
1840 3756 1872 3797 s
1902 3757 2319 3800 LABENTIA

129 3836 239 3880 ΜΡ
253 3844 274 3883 1
288 3846 320 3886 s
349 3874 363 3889 .
409 3827 802 3907 Quadratus
843 3832 1062 3893 vientes
1088 3879 1105 3909 ‚
1149 3830 1544 3897 Macrobius
1588 3830 1855 3895 Saturn.
1878 3854 1967 3906 v1,
1985 3831 2024 3894 2
2054 3880 2070 3908 ‚
2101 3833 2322 3897 herbae

131 3916 352 3982 omisso
377 3970 392 3996 ‚
419 3927 672 3990 virentes
714 3976 727 3989 .
774 3925 950 3990 idem
995 3927 1385 3992 Macrobius
1429 3929 1755 4017 lambentia
1798 3936 1866 3993 et
1908 3930 2322 4020 Fluminaque

129 4010 242 4076 ulla
262 4064 274 4077 .
302 4016 431 4085 hoc
459 4025 592 4087 ulla
621 4023 940 4108 quadrati
979 4046 1249 4109 quoque
1293 4025 1546 4090 codicis
1592 4035 1938 4091 corrector
1979 4031 2210 4112 posuit
2251 4040 2321 4095 et

129 4113 480 4185 probarunt
507 4122 815 4207 plerique
833 4147 848 4201 3
881 4123 1067 4208 quod
1095 4123 1256 4187 mihi
1285 4124 1508 4187 locum
1536 4124 1792 4190 habere
1819 4149 2026 4211 posse
2055 4151 2193 4192 non
2219 4130 2319 4193 vi·

131 4199 308 4274 detur
327 4258 341 4288 9
376 4220 500 4284 nisi
531 4221 870 4285 scribatur
899 4233 1006 4285 aut
1031 4221 1251 4284 herbae
1279 4221 1646 4287 Fluminave
1678 4272 1691 4285 .
1728 4232 1913 4288 certe
1941 4225 2140 4310 longe
2172 4225 2317 4287 dul-

130 4300 439 4457 gissimum
466 4317 600 4381 hoc
632 4318 902 4383 dicendi
929 4340 1142 4405 genus
1184 4325 1289 4382 est
1319 4365 1336 4392 ‚
1379 4320 1492 4383 illa
1511 4321 1782 4409 flumina
1822 4325 2070 4386 summis
2112 4323 2317 4385 laben-

171 4421 206 4460 a
231 4410 406 4489 ripis.
