2840 5008
1208 417 1237 483 I
1331 520 1339 527 .

79 600 394 659 uvescunt
417 641 434 667 ‚
461 589 749 655 eaedem
780 588 1130 675 dispansae
1158 590 1226 652 in
1260 590 1401 653 sole
1432 601 1807 656 serescunt.

72 718 128 772 at
150 729 381 793 neque
421 727 567 791 quo
598 711 804 791 pacto
833 703 1206 790 persederit
1232 727 1427 768 umor
1453 709 1650 790 aquai

65 824 337 886 visumst
357 871 374 897 ‚
399 842 539 883 nec
569 840 837 884 rursum
869 839 1000 903 quo
1030 828 1229 904 pacto
1259 819 1507 905 fugerit
1535 829 1754 885 aestu.

61 938 121 998 in
146 958 406 1023 parvas
436 935 651 1020 igitur
678 934 891 1019 partis
923 933 1324 1019 dispergitur
1350 957 1569 1011 umor,

65 1072 217 1134 quas
249 1051 439 1115 oculi
469 1049 662 1113 nulla
689 1056 977 1133 possunt
1001 1050 1261 1113 ratione
1290 1048 1521 1114 videre
1538 1100 1551 1113 .

67 1166 208 1249 quin
241 1166 455 1228 etiam
484 1164 716 1228 multis
748 1163 908 1232 solis
934 1158 1381 1228 redeuntibusv
1402 1165 1594 1228 annis

65 1280 297 1342 anulus
327 1280 405 1341 in
436 1277 649 1363 digito
681 1276 911 1341 subter
938 1284 1252 1342 tenuatur
1279 1277 1593 1343 habendo
1617 1328 1631 1354 ‚

63 1392 326 1457 stilicidi
359 1413 562 1456 casus
593 1390 883 1477 lapidem
915 1399 1142 1467 cavat,
1163 1395 1611 1469 uncusaratri

60 1508 307 1570 ferreus
340 1507 622 1570 occulte
653 1506 982 1570 decrescit
1009 1528 1237 1570 vomer
1263 1508 1333 1570 in
1362 1508 1541 1572 arvis
1561 1557 1577 1583 ‚

69 1630 406 1706 strataque
434 1622 573 1685 iam
604 1621 785 1705 volgi
812 1620 1098 1705 pedibus
1132 1619 1375 1685 detrita
1401 1623 1655 1686 viarum

71 1756 252 1799 saxea
281 1736 780 1822 conspicimus:
805 1743 943 1798 tum
962 1782 977 1808 ‚
1002 1742 1236 1820 portas
1264 1745 1547 1821 propter
1566 1787 1580 1813 ‚
1604 1745 1771 1803 aena

79 1850 238 1934 signa
262 1872 513 1914 manus
547 1849 822 1913 dextras
852 1848 1217 1913 ostendunt
1243 1849 1594 1915 adtenuari

74 1983 251 2050 saepe
279 1966 704 2028 salutantum
731 1971 917 2028 tactu
944 1963 1348 2049 praeterque
1376 1975 1711 2030 meantum
1730 2015 1744 2029 .

67 2077 215 2141 haec
242 2079 448 2164 igitur
479 2078 718 2151 minui,
744 2100 891 2142 cum
921 2079 1054 2143 sint
1085 2078 1363 2154 detrita,
1386 2079 1726 2146 videmus:

40 2226 41 2231 κ
75 2191 175 2254 sed
205 2214 387 2277 quae
418 2214 709 2278 corpora
738 2191 1073 2257 decedant
1099 2195 1167 2256 in
1195 2202 1498 2280 tempore
1530 2216 1831 2281 quoque,

68 2304 276 2370 invida
302 2307 679 2393 praeclusit
707 2308 993 2394 spatium
1022 2316 1264 2372 natura
1290 2308 1563 2373 videndi
1580 2360 1593 2373 .

74 2427 397 2501 postremo
431 2442 608 2508 quae
638 2443 921 2507 cumque
951 2421 1095 2489 dies
1121 2430 1496 2510 naturaque
1524 2426 1728 2488 rebus

76 2535 367 2617 paulatim
399 2537 642 2601 tribuit
661 2586 676 2613 ,
697 2536 1086 2601 moderatim
1117 2559 1423 2602 crescere
1453 2560 1701 2624 cogens
1724 2589 1739 2614 ‚

80 2648 233 2712 nulla
256 2658 496 2737 potest
527 2652 871 2715 oculorum
901 2653 1083 2716 acies
1112 2659 1428 2716 contenta
1457 2653 1657 2728 tueri,

39 2793 43 2812 ·
76 2781 180 2825 nec
202 2786 408 2849 porro
442 2786 621 2851 quae
654 2787 931 2852 cumque
962 2788 1129 2830 aevo
1161 2767 1503 2850 macieque
1534 2776 1920 2832 senescunt:

75 2895 214 2952 nec,
234 2901 409 2944 mare
443 2900 620 2964 quae
650 2880 1051 2966 inpendent,
1074 2902 1276 2944 vesco
1308 2881 1447 2944 sale
1477 2902 1641 2945 saxa
1669 2904 1909 2967 peresa

78 2990 218 3070 quid
245 3014 515 3078 quoque
546 2994 858 3057 amittant
883 2996 950 3057 in
980 3003 1282 3079 tempore
1315 3017 1588 3060 cernere
1617 2999 1869 3084 possiS.

77 3108 444 3189 corporibus
477 3107 696 3170 caecis
726 3108 923 3193 igitur
956 3116 1198 3172 natura
1226 3110 1400 3195 gerit
1428 3131 1570 3175 res.

145 3217 270 3284 Nec
296 3229 528 3285 tamen
554 3220 854 3307 undique
885 3243 1214 3309 corporea
1243 3224 1491 3308 stipata
1517 3232 1829 3291 tenentur

39 3351 42 3374 ¹
78 3334 260 3397 omnia
282 3342 531 3399 natura
549 3359 565 3399 ε
586 3358 871 3422 namque
901 3345 1006 3401 est
1032 3338 1101 3400 in
1128 3338 1330 3401 rebus
1359 3339 1585 3403 inane.

77 3446 229 3525 quod
254 3450 376 3513 tibi
408 3472 745 3535 cognosse
772 3453 841 3515 in
870 3452 1092 3515 multis
1126 3453 1250 3516 erit
1278 3453 1439 3515 utile
1467 3454 1668 3518 rebus
1687 3503 1701 3529 ‚

77 3576 178 3621 nec
202 3563 369 3630 sinet
401 3571 738 3627 errantem
768 3565 1075 3629 dubitare
1106 3575 1173 3629 et
1204 3588 1524 3650 quaerere
1556 3589 1818 3654 semper

75 3665 144 3729 de
168 3694 407 3741 summa
435 3698 666 3740 rerum
695 3686 762 3742 et
789 3681 1040 3743 nostris
1073 3680 1376 3744 diffidere
1408 3681 1603 3744 dictis
1622 3729 1635 3742 .

39 3809 44 3830 ν
76 3785 223 3862 quod
250 3791 306 3853 si
333 3812 478 3854 non
514 3797 728 3864 esset,
750 3792 930 3855 nulla
957 3795 1218 3857 ratione
1247 3795 1501 3857 moveri

70 3913 156 3958 res
179 3910 491 3985 possent:
517 3923 806 3988 namque
836 3906 1122 3984 officium
1155 3908 1359 3998 quod·
1371 3909 1675 3993 corporis
1708 3915 1964 3985 exstat,

75 4007 296 4080 officere
326 4024 543 4101 atque
576 4017 847 4090 obstare
866 4069 881 4096 ,
905 4021 974 4084 id
1003 4022 1070 4084 in
1100 4024 1277 4087 omni
1307 4030 1608 4107 tempore
1639 4022 1911 4087 adesset

2257 424 2339 491 13

75 4286 144 4337 321
183 4295 483 4360 praecluset
522 4294 793 4385 speciem'
815 4298 834 4364 ΙΙ
890 4305 986 4351 334
1039 4301 1157 4363 Qua
1189 4309 1411 4371 propter
1447 4299 1595 4353 locus
1633 4308 1715 4354 est
1752 4300 1979 4354 intactus
2016 4303 2168 4355 inane
2204 4320 2294 4354 va-

74 4382 260 4442 cansque
271 4417 282 4428 .
