2840 5008
1185 391 1279 461 ΙΙΙ

37 573 425 649 conspectu
465 587 571 629 ex
603 562 949 628 hominum
969 614 984 641 ,
1007 564 1260 632 foedati
1293 569 1562 634 crimine
1592 574 1796 657 turpi,

43 679 357 745 omnibus
395 662 731 744 erumnis
763 677 1004 743 adfecti
1038 679 1324 768 denique
1353 684 1617 760 vivunt,

45 801 106 856 et
135 816 274 878 quo
311 816 649 880 cumque
681 802 898 857 tamen
926 795 1145 858 miseri
1175 818 1420 861 venere
1451 809 1808 883 parentant

49 919 112 971 et
135 910 380 994 nigras
413 915 747 980 mactant
773 906 1067 992 pecudes
1098 919 1166 973 et
1192 912 1476 975 manibu’
1506 912 1680 979 divis

49 1021 316 1087 inferias
345 1025 664 1088 mittunt
682 1072 697 1097 ‚
720 1023 1060 1108 multoque
1089 1025 1156 1088 in
1186 1027 1389 1090 rebus
1419 1030 1680 1093 acerbis

51 1138 263 1231 acrius
296 1138 712 1205 advertunt
741 1138 994 1202 animos
1025 1137 1112 1201 ad
1143 1141 1556 1225 religionem.

60 1274 184 1337 quo
216 1254 461 1339 magis
493 1253 571 1316 in
605 1251 827 1316 dubiis
855 1252 1186 1318 hominem
1218 1263 1528 1340 spectare
1558 1260 1824 1342 periclis

55 1369 380 1432 convenit
417 1366 880 1451 adversisque
909 1368 977 1432 in
1005 1370 1205 1433 rebus
1235 1392 1518 1435 noscere
1551 1374 1664 1457 qui
1695 1375 1805 1438 sit:

54 1504 197 1545 nam
224 1503 463 1547 verae
494 1502 707 1546 voces
737 1488 876 1545 tum
906 1480 1168 1548 demum
1195 1492 1475 1570 pectore
1506 1487 1589 1551 ab
1619 1488 1747 1552 imo

61 1596 403 1660 eiciuntur
425 1645 445 1671 ,
475 1603 548 1660 et
579 1596 857 1682 eripitur
886 1619 1180 1683 persona
1199 1648 1213 1675 ‚
1235 1610 1462 1664 manet
1489 1622 1599 1665 res
1618 1651 1631 1665 .

61 1703 362 1797 denique
399 1711 724 1775 avarities
758 1719 823 1774 et
851 1711 1181 1776 honorum
1213 1735 1413 1778 caeca
1445 1716 1722 1802 cupido,

13 1842 17 1881 ι
64 1845 228 1909 quae
256 1826 574 1889 miseros
604 1823 908 1897 homines
940 1834 1190 1912 cogunt
1218 1829 1696 1895 transcendere
1723 1833 1888 1898 fines

62 1940 212 2004 iuris
246 1949 333 2004 et
365 1941 556 2004 inter
588 1938 749 2002 dum
777 1940 1001 2003 socios
1031 1942 1354 2006 scelerum
1384 1954 1589 2030 atque
1617 1949 1955 2015 ministros

63 2063 300 2120 noctes
343 2061 561 2138 atque
592 2053 737 2116 dies
766 2054 886 2117 niti
914 2064 1299 2141 praestante
1330 2057 1560 2123 labore

67 2168 149 2231 ad
177 2190 498 2232 summas
529 2188 869 2253 emergere
900 2190 1065 2255 opes
1085 2218 1100 2245 ,
1122 2169 1291 2234 haec
1322 2173 1599 2239 vulnera
1626 2178 1800 2241 vitae

14 2362 15 2367 ἵ
63 2306 199 2347 non
226 2285 583 2347 minimam
612 2288 869 2370 partem
897 2284 1129 2348 mortis
1159 2284 1509 2352 formidine
1541 2289 1839 2355 aluntur.

13 2386 21 2481 l
68 2400 285 2485 turpis
323 2398 505 2461 enim
533 2397 743 2460 ferme
774 2406 1197 2485 contemptus
1229 2410 1296 2466 et
1325 2403 1497 2466 acris
1530 2413 1791 2490 egestas

67 2522 335 2579 semota
364 2515 454 2578 ab
488 2513 670 2577 dulci
701 2514 837 2577 vita
865 2514 1217 2600 stabilique
1248 2516 1561 2583 videntur

73 2638 141 2693 et
170 2630 378 2715 quasi
403 2628 536 2691 iam
568 2628 685 2693 leti
714 2636 943 2713 portas
976 2631 1348 2694 cunctarier
1378 2640 1568 2712 ante3

71 2743 256 2807 unde
286 2743 599 2807 homines
632 2741 790 2806 dum
819 2765 890 2806 se
919 2744 1089 2807 falso
1121 2755 1381 2810 terrore
1413 2749 1632 2811 coacti

75 2858 389 2943 effugisse
418 2858 664 2922 volunt
691 2856 887 2943 longe
905 2908 919 2934 ,
942 2859 1274 2947 longeque
1304 2883 1631 2938 remosse‚

15 2989 25 3034 ι
78 2973 404 3058 sanguine
439 2971 616 3036 civili
648 2993 785 3034 rem
817 2972 1111 3039 conflant
1140 2973 1540 3060 divitiasque

77 3086 562 3171 conduplicant
590 3085 769 3168 avjdi
788 3137 803 3163 ‚
827 3087 1097 3152 caedem
1128 3088 1335 3153 caede
1364 3091 1885 3164 accumulantes,

83 3201 386 3265 crudeles
416 3198 721 3287 gaudent
747 3203 814 3265 in
845 3203 1020 3268 tristi
1048 3203 1283 3268 funere
1311 3204 1537 3270 fratris
1557 3255 1571 3282 ,

89 3324 156 3378 et
184 3317 747 3401 consanguineum
775 3339 1039 3382 mensas
1071 3318 1277 3383 odere
1306 3321 1699 3405 timentque.

90 3432 401 3495 consimili
433 3431 697 3496 ratione
728 3434 812 3496 ab
845 3432 1081 3498 eodem
1111 3455 1312 3519 saepe
1342 3435 1579 3500 timore

16 3555 39 3616 Β
90 3553 373 3609 macerat
400 3544 687 3611 invidia.
712 3556 867 3612 ante
899 3550 1129 3613 oculos
1157 3550 1339 3615 illum
1368 3571 1514 3613 esse
1543 3557 1885 3636 potentem
1904 3602 1917 3627 ,

88 3658 260 3723 illum
285 3663 626 3747 aspectari
644 3712 658 3738 ,
684 3663 863 3726 claro
898 3663 1010 3749 qui
1037 3664 1288 3728 incedit
1317 3665 1606 3738 honore,

90 3773 211 3856 ipsi
237 3797 305 3837 se
331 3777 403 3839 in
435 3777 732 3840 tenebris
762 3778 944 3842 volvi
975 3799 1317 3864 caenoque
1349 3787 1749 3864 queruntur.

18 3911 19 3956 ι
95 3891 413 3954 intereunt
443 3892 688 3974 partim
716 3899 1080 3956 statuarum
1114 3901 1182 3957 et
1208 3893 1490 3957 nominis
1523 3914 1682 3979 ergo
1702 3942 1715 3955 .

18 3991 19 4060 Ῠ
103 4010 163 4064 et
186 4025 379 4091 saepe
409 4027 629 4090 usque
659 4005 829 4069 adeo
850 4055 864 4081 ‚
889 4009 1121 4072 mortis
1151 4007 1507 4071 formidine
1527 4056 1541 4082 ‚
1564 4009 1740 4072 vitae

18 4109 23 4210 l

2268 409 2356 476 81

111 4283 162 4328 53
194 4280 382 4336 Inferia
417 4285 438 4351 ΙΙ
479 4290 545 4335 58
581 4282 883 4336 Eliciuntur
918 4285 940 4353 ΙΙ
975 4292 1028 4337 et
1061 4294 1325 4341 wniseum.
1365 4288 1385 4354 ΙΙ
1424 4304 1657 4339 manare.
1697 4289 1717 4354 Η
1755 4293 1818 4339 62
1856 4288 2066 4340 taborc.
2104 4286 2124 4357 ΙΙ
2164 4291 2228 4336 66
2267 4288 2345 4339 vi-

110 4358 267 4417 detur.
304 4367 324 4433 u
363 4373 426 4418 72
464 4366 687 4419 fratres.
725 4367 745 4434 Η
786 4373 851 4418 78
888 4375 1083 4421 statum

1902 4470 1941 4528 6
