2840 5008
1234 428 1297 498 11
2293 435 2384 504 69

78 612 467 690 praeterea
497 610 779 667 cunctas
808 602 1035 666 itidem
1065 625 1171 666 res
1201 613 1467 669 vertere
1498 596 1673 669 sese.

33 736 43 779 '›
80 726 366 782 vertunt
403 740 490 781 se
521 718 706 781 fluvii
734 717 1011 781 frondes
1044 726 1111 781 et
1139 721 1382 804 pabula
1411 720 1590 783 laeta

79 833 144 896 in
172 833 510 919 pecudes
530 881 546 907 ‚
568 840 843 896 vertunt
870 832 1165 917 pecudes
1193 835 1258 896 in
1291 855 1580 921 corpora
1606 841 1841 897 nostra

84 955 407 1010 naturam
431 996 449 1023 ‚
480 954 549 1010 et
578 954 812 1010 nostro
845 946 930 1010 de
962 967 1245 1033 corpore
1274 970 1486 1041 saepe⁴
1507 947 1796 1012 ferarum

85 1068 486 1147 augescunt
516 1062 698 1125 vires
731 1068 797 1124 et
826 1082 1110 1161 corpora
1140 1065 1724 1149 pennipotentum.

88 1197 242 1260 ergo
277 1197 540 1239 omnes
572 1184 811 1239 natura
841 1177 1022 1240 cibos
1051 1177 1117 1240 in
1152 1168 1441 1262 corpora
1466 1178 1622 1240 viva

33 1306 47 1351 )
85 1292 288 1354 vertit
320 1297 401 1354 et
433 1290 605 1352 hinc
633 1311 865 1352 sensus
895 1292 1297 1355 animantum
1326 1298 1641 1376 procreat
1669 1312 1928 1365 omneS,

85 1426 222 1467 non
252 1405 396 1468 alia
427 1405 642 1488 longe
672 1405 926 1466 ratione
957 1404 1178 1489 adque
1209 1405 1398 1468 arida
1425 1405 1604 1489 ligna

88 1519 392 1605 explicat
423 1517 502 1602 in
533 1516 827 1579 flammas
860 1525 925 1581 et
951 1520 1020 1582 in
1047 1519 1217 1603 ignis
1250 1519 1473 1581 omnia
1500 1525 1752 1582 versat.

84 1633 302 1696 iamne
334 1630 551 1695 vides
584 1631 784 1716 igitur
811 1634 1030 1719 magni
1058 1631 1429 1717 primordia
1456 1653 1678 1694 rerum

83 1747 342 1809 referre
375 1748 455 1809 in
490 1745 673 1830 quali
702 1746 831 1809 sint
860 1746 1094 1810 ordine
1127 1766 1436 1830 quaeque
1465 1745 1684 1809 locata

33 1879 44 1922 ·›
85 1869 147 1926 et
174 1861 565 1924 commixta
597 1860 834 1942 quibus
866 1858 1029 1923 dent
1055 1868 1276 1924 motus
1307 1859 1815 1944 accipiantque?

158 1975 351 2038 Tum
380 1995 601 2060 porro
635 1971 795 2057 quid
822 1971 893 2036 id
931 1983 1064 2051 est,
1088 1975 1373 2038 animum
1403 1973 1590 2057 quod
1617 1977 1943 2059 percutit,
1966 1977 2181 2062 ipsum

86 2088 277 2174 quod
307 2095 555 2151 movet
587 2095 655 2151 et
683 2088 904 2151 varios
936 2111 1168 2152 sensus
1201 2109 1596 2174 expromere
1627 2090 1836 2174 cogit,

85 2226 164 2267 ex
192 2202 647 2267 insensilibus
677 2223 761 2264 ne
793 2201 1028 2266 credas
1060 2204 1303 2267 sensile
1332 2202 1556 2288 gigni?

81 2320 147 2381 ni
173 2319 435 2381 mirum
454 2365 471 2391 ‚
492 2315 752 2402 lapides
785 2323 854 2379 et
878 2317 1057 2402 ligna
1088 2326 1154 2382 et
1182 2325 1363 2381 terra
1393 2317 1579 2402 quod
1607 2339 1741 2381 una

33 2454 40 2491 t
78 2434 294 2497 mixta
325 2440 563 2495 tamen
591 2439 935 2516 nequeunt
961 2432 1229 2495 vitalem
1256 2431 1541 2495 reddere
1571 2454 1868 2496 sensum.

82 2548 249 2612 illud
280 2549 361 2610 in
388 2546 500 2608 his
530 2546 730 2631 igitur
759 2547 959 2609 rebus
988 2543 1358 2610 meminisse
1392 2546 1657 2611 decebit
1675 2596 1689 2622 ,

81 2685 220 2726 non
257 2684 350 2725 ex
383 2660 694 2723 omnibus
726 2660 990 2724 omnino
1009 2710 1025 2736 ‚
1050 2683 1221 2746 quae
1253 2682 1534 2745 cumque
1566 2669 1797 2725 creant
1826 2682 1964 2736 res,

85 2776 336 2839 sensile
372 2782 443 2838 et
477 2774 811 2860 extemplo
840 2796 944 2837 me
973 2776 1153 2861 gigni
1182 2774 1403 2838 dicere
1432 2797 1697 2851 sensuS,

86 2890 210 2953 sed
239 2889 477 2975 magni
504 2873 866 2952 referre'ea
892 2890 1172 2974 primum
1204 2890 1525 2974 quantula
1554 2896 1897 2965 constent,

33 3019 44 3063 5
85 3004 337 3067 sensile
373 3024 550 3087 quae
578 3003 862 3078 faciunt,
887 3012 955 3068 et
986 3026 1118 3089 qua
1147 3003 1282 3068 sint
1309 3004 1614 3089 praedita
1639 3004 1883 3086 forma,

85 3117 396 3181 motibus·
417 3116 767 3180 ordinibus
794 3120 1109 3205 posituris
1142 3118 1429 3204 denique
1462 3140 1632 3204 quae
1661 3119 1823 3183 sint.

93 3252 382 3315 quarum
410 3231 507 3294 nil
537 3252 759 3294 rerum
786 3233 853 3294 in
884 3233 1074 3318 lignis
1105 3233 1491 3318 glaebisque
1519 3232 1851 3296 videmus:

94 3352 161 3407 et
186 3352 418 3407 tamen
447 3345 655 3419 haec,
681 3368 828 3409 cum
855 3355 1013 3411 sunt
1043 3348 1234 3432 quasi
1263 3346 1641 3433 putrefacta
1667 3368 1790 3431 per
1816 3348 2077 3412 imbres
2075 3395 2090 3423 ‚

87 3458 496 3522 vermiculos
526 3460 826 3544 pariunt,
854 3461 1008 3545 quia
1038 3482 1325 3545 corpora
1353 3462 1652 3525 materiai

33 3586 52 3633 ο
94 3565 391 3656 antiquis
424 3593 511 3634 ex
543 3571 886 3637 ordinibus
917 3581 1224 3659 permota
1251 3597 1431 3638 nova
1459 3597 1533 3638 re

96 3685 543 3749 conciliantur
570 3687 666 3749 ita
693 3694 771 3750 ut
799 3686 1048 3753 debent
1077 3688 1381 3752 animalia
1408 3690 1618 3775 gigni.

96 3798 344 3862 deinde
376 3820 461 3862 ea
479 3846 496 3875 ,
519 3800 878 3864 seminibus
912 3804 1023 3888 qui
1053 3803 1297 3867 sensile
1322 3823 1524 3888 posse
1555 3802 1767 3865 creari

99 3915 522 3978 constituunt
550 3935 759 4000 porro
792 3936 875 3978 ex
903 3916 1043 3980 aliis
1074 3917 1320 3979 sentire
1351 3916 1590 3992 suetiS‚

96 4025 317 4090 mollia
343 4028 478 4091 iam
504 4026 795 4091 faciunt:
818 4050 970 4092 nam
999 4051 1234 4093 sensus
1263 4030 1557 4115 iungitur
1589 4029 1799 4092 omnis

108 4309 205 4355 875
240 4306 290 4357 in
324 4304 550 4359 frondes
608 4307 629 4373 ΙΙ
685 4310 782 4357 882
836 4313 888 4357 et
930 4306 1066 4376 ignis
1121 4307 1141 4376 Η
1198 4314 1294 4359 891
1345 4305 1500 4360 fedus
1558 4308 1578 4375 ΙΙ
1631 4305 1864 4359 decedit.
1921 4307 1941 4374 ΙΙ
1997 4309 2092 4356 893
2139 4302 2368 4355 Sensilia

113 4387 333 4457 etemplo
371 4386 392 4457 ΙΙ
433 4393 534 4441 902
577 4404 645 4439 ex
682 4386 964 4440 sensilibus
1001 4389 1022 4457 ΙΙ
1061 4394 1156 4442 903
1196 4390 1360 4443 sueti.
1399 4389 1420 4462 ΙΙ
1460 4395 1558 4443 904
1596 4388 1783 4444 Mollia
1816 4406 1933 4441 cum
