2840 5008
1260 390 1291 456 I

124 563 468 628 dimidiam
501 570 759 648 partem
778 610 793 636 ‚
815 582 938 625 nec
965 583 1073 625 res
1101 562 1450 646 praefiniet
1478 562 1636 626 ulla.

123 701 275 764 ergo
307 700 551 743 rerum
579 677 750 741 inter
778 696 1092 739 summam
1120 676 1584 761 minimamque
1616 676 1780 762 quid
1809 680 2016 744 escit?

65 811 82 856 3
120 794 203 856 nil
234 793 369 856 erit
397 800 481 856 ut
515 791 751 854 distet:
776 812 923 854 nam
954 790 1254 874 quamvis
1283 789 1586 855 funditus
1617 793 1830 855 omnis

123 928 374 970 summa
405 906 502 969 sit
530 906 813 977 infinita,
839 912 1059 967 tamen
1077 953 1093 980 ‚
1114 904 1510 988 parvissima
1541 926 1713 990 quae
1745 914 1903 970 sunt
1921 956 1934 981 ‚

125 1043 200 1084 ex
223 1020 516 1084 infinitis
546 1020 954 1083 constabunt
979 1018 1284 1103 partibus
1313 1039 1561 1104 aeque.

123 1135 295 1219 quod
329 1134 659 1220 quoniam
687 1135 855 1197 ratio
885 1133 1202 1197 reclamat
1229 1155 1392 1197 vera
1417 1141 1755 1218 negatque

121 1248 393 1313 credere
423 1269 638 1335 posse
668 1248 947 1311 animum
967 1297 982 1324 ‚
1005 1248 1223 1312 victus
1251 1247 1508 1312 fateare
1535 1246 1885 1312 'necessest

63 1381 77 1424 5
118 1384 256 1426 esse
287 1385 373 1426 ea
405 1383 589 1447 quae
619 1361 811 1426 nullis
840 1363 966 1426 iam
995 1361 1305 1447 praedita
1331 1363 1639 1449 partibus
1670 1372 1901 1426 extent

119 1487 180 1541 et
204 1478 482 1540 minima
516 1484 828 1540 constent
853 1484 1096 1540 natura
1113 1526 1126 1540 .
1152 1498 1324 1561 quae
1355 1478 1667 1561 quoniam
1698 1486 1883 1553 sunt,

115 1591 216 1655 illa
243 1612 533 1676 quoque
566 1612 713 1654 esse
741 1591 861 1654 tibi
890 1589 1107 1654 solida
1136 1597 1339 1674 atque
1368 1599 1644 1655 aeterna
1674 1591 2016 1656 fatendum
2042 1641 2053 1653 .

117 1704 397 1789 denique
429 1705 506 1768 ni
533 1705 831 1768 minimas
859 1704 927 1767 in
954 1705 1166 1788 partis
1199 1712 1444 1769 cuncta
1471 1707 1718 1769 resolvi

118 1841 345 1905 cogere
379 1826 786 1883 consuesset
812 1839 1033 1881 rerum
1061 1826 1302 1882 natura
1334 1821 1624 1883 creatrix
1644 1869 1658 1894 ‚

59 1948 72 1993 )
108 1933 224 1996 iam
252 1934 347 1997 nil
379 1955 474 1997 ex
504 1934 631 1997 illis
660 1932 893 1997 eadem
923 1954 1237 2018 reparare
1268 1934 1524 1998 valeret

115 2056 478 2133 propterea
510 2048 663 2132 quia
681 2096 697 2122 ‚
721 2068 892 2132 quae
921 2047 1143 2112 multis
1175 2055 1333 2111 sunt
1358 2049 1663 2132 partibus
1694 2057 1914 2123 aucta,

110 2183 234 2226 non
263 2170 568 2248 possunt
597 2183 676 2225 ea
704 2183 875 2246 quae
909 2162 1113 2226 debet
1139 2163 1448 2247 genitalis
1476 2162 1726 2227 habere

108 2277 411 2340 materies
432 2326 448 2353 ‚
475 2277 703 2340 varios
733 2299 1029 2340 conexus
1048 2325 1063 2352 ‚
1086 2276 1392 2361 pondera
1408 2326 1424 2353 ‚
1443 2278 1681 2363 plagas
1697 2325 1712 2351 ‚

113 2411 482 2455 concursus
502 2439 517 2466 ‚
540 2399 761 2455 motus
780 2440 795 2466 ‚
818 2413 940 2478 per
970 2412 1142 2476 quae
1169 2413 1280 2455 res
1311 2414 1617 2477 quaeque
1646 2400 1997 2477 geruntur.

57 2520 69 2562 5
182 2486 324 2585 Qua
352 2514 649 2592 propter
681 2507 794 2591 qui
821 2507 1157 2572 materiem
1187 2529 1406 2571 rerum
1439 2529 1587 2571 esse
1619 2515 1939 2595 putarunt

109 2619 311 2704 ignem
343 2630 561 2706 atque
593 2642 675 2683 ex
703 2620 840 2705 igni
868 2643 1185 2685 summam
1216 2622 1585 2686 consistere
1615 2621 1761 2685 solo
1779 2670 1793 2695 ‚

108 2755 333 2821 magno
366 2757 584 2822 opere
613 2757 653 2799 a
682 2755 842 2799 vera
869 2735 1039 2820 lapsi
1066 2735 1324 2799 ratione
1354 2734 1695 2799 videntur.

109 2847 488 2913 Heraclitus
517 2849 639 2913 init
669 2870 950 2933 quorum
982 2848 1120 2913 dux
1149 2850 1403 2935 proelia
1433 2850 1717 2935 primm,

107 2962 307 3028 clarus
339 2965 433 3028 ob
471 2964 825 3027 obscuram
848 2964 1138 3049 linguam
1166 2965 1375 3049 magis
1402 2965 1577 3028 inter
1604 2965 1820 3028 inanis

53 3091 67 3135 )
105 3055 377 3160 quamde
407 3078 642 3164 gravis
670 3078 844 3141 inter
875 3077 1114 3142 Graios
1134 3128 1150 3155 ‚
1175 3079 1289 3163 qui
1315 3100 1479 3143 vera
1505 3079 1881 3163 requirunt:

105 3193 304 3256 omnia
332 3192 517 3256 enim
546 3189 771 3255 stolidi
799 3192 1006 3278 magis
1036 3192 1447 3257 admirantur
1476 3200 1862 3277 amantque,

102 3304 368 3370 inversis
401 3326 583 3392 quae
613 3306 738 3369 sub
766 3307 989 3371 verbis
1016 3297 1346 3372 latitantia
1376 3317 1659 3371 cernunt
1676 3356 1691 3383 ,

101 3439 378 3505 veraque
411 3421 836 3484 constituunt
866 3443 1037 3506 quae
1068 3423 1240 3487 belle
1270 3430 1546 3508 tangere
1578 3429 1863 3508 possunt

103 3535 261 3598 auris
291 3544 361 3599 et
388 3533 624 3620 lepido
656 3556 827 3618 quae
858 3545 1017 3601 sunt
1043 3537 1270 3601 fucata
1300 3558 1547 3600 sonore
1567 3585 1580 3599 .

51 3659 66 3702 5
167 3648 336 3712 Nam
368 3671 495 3712 cur
524 3657 664 3713 tam
693 3651 916 3714 variae
944 3673 1054 3715 res
1084 3658 1367 3737 possent
1396 3673 1545 3714 esse
1564 3699 1580 3725 ‚
1602 3650 1870 3733 requiro
1890 3696 1903 3721 ‚

105 3780 175 3823 ex
199 3785 325 3826 uno
360 3765 421 3827 si
453 3770 615 3827 sunt
639 3764 773 3848 igni
802 3787 1108 3850 puroque
1141 3772 1405 3829 creatae
1424 3765 1455 3827 P

101 3874 178 3937 nil
202 3876 573 3961 prodesset
601 3879 769 3941 enim
799 3878 1082 3943 calidum
1113 3879 1455 3943 denserier
1482 3880 1701 3963 ignem

101 4008 205 4052 nec
229 4012 385 4053 rare
415 3990 565 4054 fieri
583 4039 598 4066 ‚
623 3992 678 4054 si
714 4001 939 4078 partes
967 3994 1138 4078 ignis
1171 3993 1450 4057 eandem

2302 394 2390 460 23

99 4269 185 4317 619
218 4269 361 4338 quod
417 4270 441 4338 Η
498 4275 602 4321 626
640 4279 882 4323 constant
935 4274 956 4339 Η
1011 4279 1109 4325 628
1146 4275 1191 4325 si
1249 4272 1267 4339 ΙΙ
1322 4278 1418 4324 631
1459 4271 1614 4325 nullis
1670 4272 1690 4338 ΙΙ
1747 4276 1845 4321 634
1883 4286 2013 4337 quas
2067 4266 2087 4332 ΙΙ
2144 4271 2240 4315 639
2279 4265 2346 4314 ob

101 4357 347 4405 omissum.
388 4353 410 4421 ΙΙ
451 4356 559 4404 646
597 4350 683 4402 Ex
717 4370 811 4404 uro
