2840 5008
1158 396 1261 464 IV
2176 398 2315 466 249

93 573 406 637 Lucretio
440 571 711 658 dignum
745 570 834 635 sit
860 592 1079 656 neque
1110 593 1150 634 a
1179 571 1322 635 veri
1361 569 1791 647 similitudine
1822 570 2108 634 alienum
2128 621 2146 652 ,
2192 572 2321 636 nisi

93 673 248 746 hoc,
279 673 483 737 Nimc
515 672 651 735 aliis
680 672 839 734 alius
867 671 973 756 qui
999 672 1076 733 sit
1102 671 1269 735 cibus
1297 691 1595 733 umens
1637 690 1894 732 Arrus
1935 669 2319 755 E'apediam.

252 768 398 834 636.
448 769 896 842 TANTAQUE
943 790 1075 831 ins
1130 790 1383 832 luanus
1428 788 1889 831 nis-rAN'mA
1931 790 2319 832 DIFFERI-

94 890 177 929 TA
195 890 226 932 s
244 891 285 944 Q
303 890 399 931 σε
446 890 590 931 Es'r
614 914 628 930 .
673 865 1070 929 Rectissime
1103 865 1287 950 apud
1316 865 1608 929 Nonium
1637 887 1703 949 p.
1722 864 1819 940 95,
1838 865 1919 929 30
1948 886 2085 927 non
2112 866 2318 930 modo

94 989 171 1029 m
200 965 293 1028 his
313 965 507 1029 rebus
534 964 855 1051 scriptum
887 971 1024 1037 est,
1055 963 1179 1027 sed
1203 963 1400 1027 etiam
1431 964 1500 1026 in
1521 963 1652 1026 fine
1675 964 1990 1027 omissum
2019 987 2057 1026 E
2075 986 2191 1027 s‘r:
2222 965 2321 1029 ita

94 1064 258 1127 enim
284 1063 533 1127 melior
560 1062 636 1126 fit
666 1062 1066 1148 compositio
1088 1110 1103 1125 .
1133 1070 1239 1126 est
1269 1068 1495 1125 autem
1518 1061 1609 1125 ad
1635 1062 1817 1126 hunc
1840 1084 2109 1127 versum
2141 1085 2177 1126 e
2208 1085 2318 1127 su·

94 1163 351 1245 periore
380 1161 773 1225 iterandum
802 1164 908 1236 sit,
941 1161 1126 1245 quod
1154 1162 1320 1225 latet
1348 1162 1419 1225 in
1437 1164 1663 1246 possit.

124 1312 131 1316 ,
248 1260 391 1324 637.
428 1260 548 1325 Ur
578 1282 791 1335 ouon
837 1282 1067 1323 Anus
1100 1282 1334 1323 cunis
1377 1283 1522 1323 Esr
1549 1282 1774 1325 Anus
1817 1283 2080 1324 FRUAT
2110 1281 2317 1325 Acme

95 1380 349 1421 VENEN
366 1381 478 1422 υΜ
498 1407 512 1421 .
547 1358 938 1438 Quadratus
974 1361 1051 1423 Ut
1076 1361 1242 1445 quod
1268 1361 1427 1423 alius
1457 1361 1638 1447 cybus
1658 1371 1743 1424 est
1770 1362 1910 1423 aliis
1920 1361 2076 1448 fiat.
2105 1361 2173 1423 in
2198 1361 2319 1425 ob-

97 1455 288 1542 longo
331 1466 527 1520 recte
567 1455 819 1522 factum
864 1480 1077 1521 FUA‘r
1102 1505 1117 1521 .
1170 1457 1499 1522 Marullus
1557 1460 1633 1523 Ut
1671 1459 1778 1545 qui
1817 1459 1957 1521 aliis
2000 1459 2164 1529 cibus
2204 1470 2318 1539 est,

96 1554 294 1618 multo
341 1563 536 1619 certe
574 1556 859 1640 peritius
904 1577 1102 1640 quam
1147 1556 1387 1632 ceteri,
1436 1556 1551 1641 qui
1592 1564 1710 1620 aut
1755 1558 1874 1620 alis
1902 1557 2321 1641 scripserunt

99 1659 208 1715 aut
259 1655 403 1717 aliis
459 1654 850 1740 disyllabon
892 1676 1042 1719 esse
1084 1677 1289 1741 posse
1339 1656 1809 1719 existimarunt
1831 1705 1846 1718 .
1891 1656 2320 1721 scribendum

102 1758 198 1812 est
224 1772 322 1814 AL
340 1776 363 1815 1
383 1800 400 1826 ‚
435 1753 627 1836 quod
654 1752 913 1818 habent
941 1755 1367 1819 membranae
1397 1755 1468 1817 in
1489 1777 1580 1828 v1‚
1616 1753 1772 1817 1227
1793 1803 1809 1829 ‚
1840 1756 2014 1819 Nam
2033 1746 2210 1841 *quod
2233 1757 2323 1819 ali

101 1849 366 1913 dederat.
396 1852 470 1915 in
503 1851 739 1929 tabula
760 1851 1200 1916 Heracleensi
1228 1852 1310 1916 98
1339 1853 1528 1916 aleive
1550 1854 1693 1938 quoi
1719 1875 1880 1938 may.
1909 1856 2183 1938 royando
2210 1855 2321 1918 sub

100 1950 432 2031 royandove
449 1997 468 2014 .
498 1950 889 2015 Priscianus
917 1973 982 2036 p.
1005 1952 1165 2015 1014
1189 1954 1388 2016 Aliter
1415 1973 1685 2037 quoque,
1717 1952 1793 2013 ab
1824 1974 1892 2014 eo
1923 1953 2087 2036 quod
2112 1964 2198 2016 est
2222 1953 2321 2017 hie

103 2045 209 2135 aiis
222 2094 240 2125 ,
269 2047 451 2112 huius
480 2050 601 2113 alis
618 2096 633 2123 ‚
664 2048 805 2112 huic
833 2050 922 2113 ali
936 2097 953 2128 ,
972 2073 1097 2134 pro
1128 2050 1287 2112 alius
1316 2049 1478 2112 alius
1509 2049 1650 2112 alii.
1680 2048 1749 2110 in
1771 2047 2054 2111 aliorum
2080 2055 2317 2133 poeta-

104 2163 240 2205 rum
281 2147 599 2210 versibus
642 2147 1064 2233 trisyllabum
1110 2146 1326 2210 solum
1368 2146 1637 2210 invenio
1660 2192 1677 2220 ‚
1723 2167 1856 2230 quo
1901 2154 2128 2210 tamen
2167 2148 2318 2233 ipso

105 2248 370 2307 utuntur
413 2245 621 2329 pauci
643 2294 658 2309 .
700 2244 997 2309 Naevius
1028 2244 1213 2328 apud
1253 2244 1536 2308 Paulum
1578 2244 1751 2309 libro
1784 2267 1809 2306 1
1852 2244 1938 2307 ex
1964 2243 2169 2309 Festo
2191 2292 2209 2319 ‚
2249 2246 2320 2309 in

102 2338 361 2419 adnictat
375 2390 393 2421 ,
437 2344 579 2407 Alii
608 2344 865 2407 adnutat
875 2392 893 2424 ,
939 2345 1050 2407 atii
1090 2344 1361 2407 adnictat
1375 2391 1392 2422 ,
1439 2344 1632 2406 alium
1662 2353 1832 2407 amat
1849 2391 1868 2423 ‚
1913 2346 2105 2408 alium
2131 2355 2320 2425 tenet,-

108 2437 335 2519 quibus
368 2462 550 2526 quae
575 2439 881 2506 Isidorus
912 2440 1108 2504 addit
1138 2441 1300 2527 orig.
1321 2465 1363 2516 1,
1381 2440 1463 2503 25
1483 2488 1498 2516 ‚
1532 2461 1612 2506 ea
1639 2463 1777 2504 non
1800 2448 2078 2528 tangere
2106 2443 2317 2507 tutius

108 2543 201 2597 est
221 2583 237 2599 .
277 2538 646 2604 Terentius
684 2541 756 2603 in
793 2540 1074 2627 Hecyra
1114 2564 1183 2615 11,
1204 2540 1260 2615 2,
1279 2540 1361 2604 28
1401 2541 1602 2604 Aliud
1621 2541 1892 2628 fortasse
1921 2543 2034 2606 alii
2069 2542 2175 2604 viti
2202 2553 2317 2605 est.

107 2653 191 2708 111,
209 2635 263 2715 5,
281 2638 360 2702 59
402 2651 470 2703 ut
498 2641 614 2703 alii
633 2688 651 2720 ,
693 2642 748 2703 si
773 2640 917 2703 huic
941 2664 1065 2705 non
1092 2651 1178 2703 est
1200 2689 1219 2720 ‚
1258 2642 1402 2704 siet.
1449 2640 1776 2703 Horatius
1805 2640 1911 2704 bis
1950 2640 2141 2705 Nunc
2166 2640 2320 2704 mihi

107 2755 254 2796 nime
281 2737 429 2800 alii:
469 2737 654 2801 idem
685 2739 776 2801 Tu
791 2786 809 2817 ,
849 2738 1001 2801 mihi
1029 2740 1136 2824 qui
1162 2740 1509 2823 imperitae,
1543 2739 1652 2802 atii
1678 2741 1865 2802 servis
1890 2741 2075 2803 miser
2096 2787 2111 2803 .
2156 2737 2318 2804 Ovi-

110 2826 245 2894 dius
273 2836 384 2897 alii
410 2837 688 2900 rediture
717 2835 1008 2920 epistula
1035 2859 1096 2911 v,
1116 2835 1196 2899 59
1215 2885 1228 2898 .
1260 2836 1370 2899 alii
1397 2836 1713 2900 Manilius
1744 2861 1840 2913 111,
1853 2837 1973 2912 80,
2003 2837 2318 2902 Lucanus

108 2946 237 3009 vm,
255 2931 373 2996 642
406 2958 498 3014 ix,
532 2933 690 2998 1053
714 2984 726 2996 .
774 2934 1057 2998 Plautus
1084 2935 1155 2998 in
1182 2934 1400 2998 Milite
1430 2958 1519 3015 1v,
1537 2934 1596 3010 8,
1614 2935 1692 2998 47
1725 2937 1816 3001 Et
1837 2939 1924 3000 ita
1952 2937 2006 2999 si
2031 2939 2319 3001 sementia

109 3039 241 3091 esset
251 3078 269 3109 ‚
298 3033 401 3096 tibi
425 3034 658 3097 servire
684 3034 880 3096 malui
902 3033 1099 3096 Multo
1129 3056 1316 3119 quam
1345 3034 1457 3096 alii
1484 3034 1729 3097 libertus
1758 3059 1881 3100 esse
1899 3083 1913 3097 .
1944 3035 2152 3099 habeto
2181 3036 2317 3099 ani-

107 3145 259 3189 mum
300 3131 561 3195 bonum.
604 3152 1006 3216 quamquam
1033 3131 1205 3195 haec
1247 3138 1475 3195 utrum
1512 3132 1611 3195 ita
1638 3140 1716 3196 ut
1759 3133 2000 3216 scripsi
2031 3132 2320 3219 legenda

109 3222 233 3288 sint
258 3250 394 3292 non
423 3230 596 3294 satis
627 3238 942 3294 constare
970 3238 1172 3315 puto:
1202 3251 1355 3293 nam
1385 3238 1584 3294 vetus
1611 3230 1976 3294 Camerarii
2003 3231 2212 3296 habet
2241 3234 2318 3297 li-

114 3321 370 3402 bertatis,
416 3329 609 3413 quod
637 3329 734 3392 ita
763 3329 1229 3414 accipiendum
1274 3336 1379 3393 est
1406 3337 1484 3392 ut
1516 3327 1701 3392 dicat
1730 3350 1803 3392 se
1845 3329 2036 3394 militi
2064 3331 2317 3396 servire

110 3420 407 3489 maluisse
438 3448 639 3512 quam
671 3427 839 3490 alios
867 3426 1201 3492 Libertati
1229 3427 1398 3491 deae
1419 3475 1434 3491 .
1813 3449 1818 3450 ⁷
2387 3425 2393 3430 ’

263 3522 400 3588 638.
430 3525 597 3604 Εεει·
628 3548 926 3601 1‘rAQUE
959 3549 1057 3589 ner
1082 3548 1471 3602 εΕΒΡΕΝε,
1502 3549 1856 3590 HOMINIS
1884 3549 2035 3603 Qun
2065 3542 2317 3590 TACTA

54 3679 57 3680 γ
113 3635 422 3687 SALIVIS
467 3624 880 3689 Dlspnnir
905 3672 919 3686 .
958 3623 1385 3688 Wakefieldo
1428 3623 1651 3687 iudice
1695 3622 1802 3685 his
1844 3622 2014 3685 nihil
2055 3623 2318 3687 facilius

116 3720 240 3789 est,
269 3719 385 3783 Est
408 3724 646 3808 itaque,
674 3734 746 3785 ut
769 3722 898 3807 (ubi
912 3770 930 3802 ,
958 3724 1057 3786 vel
1078 3721 1348 3808 quando)
1375 3744 1622 3806 serpens
1636 3769 1654 3800 ,
1686 3743 1845 3806 quae
1873 3731 2032 3783 tacta
2059 3731 2144 3783 est
2168 3722 2317 3785 sali-

112 3809 193 3872 vis
216 3813 500 3899 hominis,
531 3822 810 3906 disperit.
839 3821 1037 3886 nobis
1055 3868 1070 3895 ‚
1104 3821 1214 3905 qui
1243 3818 1522 3883 deorum
1552 3839 1926 3882 sermonem
1956 3840 2042 3883 ne
2073 3819 2129 3882 si
2150 3819 2317 3883 For-

112 3905 291 3993 biger
320 3917 591 3999 quidem
633 3919 970 3995 Ῠποφήτκε
1012 3919 1131 3983 fiat
1170 3918 1616 4003 intellegimus
1643 3963 1659 3992 ‚
1704 3924 1823 3980 aut
1862 3909 2067 4005 itaq'ue
2096 3926 2216 3982 aut
2255 3931 2324 3983 ut

115 4021 670 4089 supervacaneum
688 4039 836 4082 esse
849 4066 866 4093 ,
884 4026 1245 4103 utrumque
1259 4024 1481 4082 autem
1496 4016 1927 4081 coniunctum
1944 4017 2320 4081 orationem
2377 4033 2392 4040 ·

115 4101 369 4174 videtur
392 4116 798 4196 perturbare
823 4141 839 4193 ς
884 4138 1009 4202 pro
1044 4118 1293 4204 quibus·
1327 4118 1385 4180 si
1413 4117 1784 4181 scribemus
1815 4117 1933 4182 Est
1957 4139 2002 4179 A
2018 4139 2056 4179 L
2072 4139 2148 4192 IQ
2167 4137 2318 4178 uAi:

117 4209 178 4260 αἱ
192 4225 427 4290 serpens
443 4260 462 4291 ,
483 4213 648 4277 nihil
667 4217 1004 4298 supererit
1019 4219 1087 4278 in
1109 4238 1244 4301 quo
1262 4215 1661 4279 haereamus
1683 4262 1696 4277 .
1720 4216 1965 4301 aliquae
1978 4262 1996 4294 ,
2015 4214 2283 4297 inquam
2304 4260 2318 4284 ‚

118 4316 244 4362 non
273 4307 512 4393 aliqua,
545 4334 629 4376 ex
657 4335 784 4392 usu
814 4313 1143 4378 Lucretii.
1175 4335 1382 4401 supra
1411 4314 1536 4377 263
1560 4312 1833 4378 codices
1863 4324 2174 4397 tamquam
2203 4312 2321 4374 ali-

119 4415 224 4477 que
262 4424 356 4467 res
394 4408 711 4476 Verberet.
759 4411 1003 4476 Festus
1044 4436 1109 4497 p.
1144 4412 1266 4477 254
1286 4461 1301 4488 ‚
1342 4412 1424 4494 28
1476 4412 1795 4497 Quispiam
1843 4411 1989 4496 quin
2033 4409 2325 4498 siynfficet
