2840 5008
1162 373 1229 438 V

87 556 239 611 terra
267 549 351 611 sit
369 597 384 624 ,
410 570 447 610 e
481 555 669 612 terra
699 547 1011 631 quoniam
1042 557 1199 614 sunt
1228 555 1473 611 cuncta
1502 555 1752 616 creata.

83 664 392 748 multaque
422 684 609 726 nunc
640 662 833 726 etiam
864 663 1158 726 existunt
1186 662 1493 726 animalia
1518 663 1716 728 terris
1733 711 1746 734 ,

79 778 367 842 imbribus
399 787 472 841 et
503 776 721 841 calido
754 777 914 844 solis
945 783 1264 842 concreta
1292 798 1575 862 vapore3

83 915 195 977 quo
223 894 438 957 minus
473 900 580 956 est
606 891 841 960 mirum
859 939 876 965 ,
900 892 955 954 si
985 898 1125 954 tum
1154 901 1314 955 sunt
1340 891 1540 976 plura
1569 900 1806 960 coorta

29 1027 45 1072 o
79 1017 134 1072 et
156 1008 402 1072 maiora
420 1057 436 1081 ‚
458 1028 642 1071 nova
670 1006 905 1070 tellure
936 1013 1138 1089 atque
1169 1006 1442 1070 aethere
1473 1006 1729 1070 adulta.
1769 1043 1774 1048 «

76 1122 376 1207 principio
410 1143 624 1207 genus
655 1121 926 1185 alituum
955 1121 1312 1205 variaeque
1342 1122 1650 1192 volucres

77 1260 186 1301 ova
209 1235 681 1321 relinquebant
711 1236 1020 1306 exclusae
1048 1246 1352 1323 tempore
1386 1258 1594 1299 verno
1614 1284 1628 1310 ‚

72 1352 382 1416 folliculos
410 1360 490 1415 ut
515 1337 696 1414 nunc
723 1339 952 1414 teretis
984 1359 1241 1416 aestate
1273 1351 1547 1416 cicadae

72 1468 304 1531 lincunt
333 1475 579 1551 sponte
610 1487 732 1530 sua
760 1466 1005 1530 victum
1037 1468 1375 1550 vitamque
1405 1474 1716 1553 petentes
1734 1518 1747 1532 .

27 1599 42 1643 5
73 1590 197 1645 tum
224 1582 347 1645 tibi
372 1588 559 1646 terra
590 1580 777 1648 dedit
805 1582 1053 1666 passim
1084 1582 1388 1645 mortalia
1418 1583 1670 1645 saecla.

72 1697 298 1761 multus
331 1697 503 1760 enim
534 1694 716 1759 calor
747 1704 948 1780 atque
978 1717 1169 1760 umor
1200 1697 1565 1783 superabat
1592 1698 1660 1761 in
1693 1698 1897 1763 arvis:

71 1811 187 1875 hoc
213 1812 327 1875 ubi
359 1832 667 1896 quaeque
697 1810 827 1875 loci
853 1812 1039 1896 regio
1071 1820 1457 1897 opportuna
1485 1811 1801 1887 dabatur,

73 1927 448 1993 crescebant
473 1927 654 1994 uteri*
674 1934 918 1990 terram
944 1925 1286 1991 radicibus
1317 1928 1488 2013 apti3

75 2065 228 2127 quos
255 2042 370 2106 ubi
397 2051 701 2127 tempore
728 2049 990 2110 maturo
1021 2048 1178 2129 pate
1209 2042 1465 2107 fecerat
1494 2051 1720 2107 aestus

25 2174 39 2219 a
71 2158 376 2222 infantum
393 2207 407 2233 ‚
429 2156 692 2242 fugiens
719 2179 1020 2242 umorem·
1045 2178 1376 2242 aurasque
1406 2167 1787 2243 petessens,

72 2274 494 2337 convertebat
520 2272 610 2336 ibi
640 2279 882 2340 natura
909 2271 1235 2338 foramina
1261 2283 1482 2337 terrae

75 2398 132 2450 et
158 2409 383 2455 sucum
411 2387 600 2451 venis
631 2389 918 2472 cogebat
945 2386 1228 2456 fundere
1258 2389 1511 2475 apertis

74 2503 458 2566 consimilem
488 2503 678 2568 lactis
698 2552 714 2582 ,
740 2502 915 2569 sicut
942 2525 1120 2569 nunc
1149 2502 1390 2567 femina
1422 2524 1729 2587 quaeque

74 2639 208 2680 cum
234 2619 525 2703 peperit,
551 2617 728 2683 dulci
756 2619 1054 2704 repletur
1082 2619 1253 2682 lacte
1273 2667 1288 2694 ,
1313 2617 1501 2702 quod
1531 2618 1741 2681 omnis

23 2747 38 2790 5
68 2733 332 2818 impetus
360 2734 428 2797 in
460 2755 771 2803 mammas
801 2734 1215 2801 convertitur
1241 2732 1351 2797 ille
1381 2732 1670 2797 alimenti
1691 2784 1704 2797 .

71 2855 234 2911 terra
260 2850 474 2913 cibum
502 2849 728 2934 pueris
747 2898 762 2925 ‚
785 2855 1037 2917 vestem
1069 2870 1283 2934 vapor
1301 2897 1316 2924 ‚
1338 2847 1553 2919 herba
1582 2849 1796 2913 cubile

75 2965 417 3045 praebebat
445 2963 653 3028 multa
683 2972 749 3028 et
775 2964 956 3031 molli
984 2964 1293 3049 lanugine
1325 2963 1703 3029 abundans.

74 3071 412 3144 at‘novitas
442 3078 671 3143 mundi
699 3101 822 3143 nec
851 3079 1102 3164 frigora
1134 3078 1303 3143 dura
1331 3081 1552 3144 ciebat

75 3213 179 3256 nec
204 3194 433 3259 nimios
463 3201 690 3258 aestus
718 3215 842 3263 nec
871 3195 1128 3280 magnis
1155 3195 1405 3259 viribus
1435 3216 1662 3258 auras,

24 3321 43 3365 ο
76 3309 268 3374 omnia
296 3310 464 3374 enim
495 3309 746 3395 pariter
775 3316 1090 3375 crescunt
1120 3316 1188 3372 et
1214 3310 1466 3374 robora
1495 3317 1789 3373 sumunt.

144 3422 355 3503 Quare
387 3425 586 3489 etiam
614 3433 816 3510 atque
847 3425 1040 3489 etiam
1069 3434 1443 3488 maternum
1471 3446 1715 3489 nomen
1743 3423 1993 3509 adepta

75 3546 233 3602 terra
256 3548 443 3605 tenet
471 3541 706 3604 merito
727 3590 741 3616 ‚
767 3541 1081 3625 quoniam
1110 3561 1321 3625 genus
1348 3539 1498 3625 ipsa
1527 3540 1777 3604 creavit

73 3650 403 3718 humanum
433 3664 638 3740 atque
667 3655 906 3723 animal
933 3677 1148 3742 prope
1178 3662 1362 3719 certo
1391 3663 1693 3739 tempore
1721 3653 1897 3717 fudit
1991 3706 1996 3712 .

75 3788 243 3832 omne
261 3818 275 3845 ‚
299 3769 487 3856 quod
515 3771 584 3833 in
611 3772 868 3857 magnis
897 3770 1267 3835 bacchatur
1295 3770 1613 3879 montibu’
1642 3769 1920 3854 passim,

25 3892 42 3936 ⁵
73 3885 396 3970 aeriasque
426 3885 621 3949 simul
647 3886 957 3957 volucres
986 3886 1379 3951 variantibu'
1407 3885 1638 3948 formis
1655 3932 1669 3946 .

73 3998 177 4061 sed
205 4001 355 4085 quia
379 3999 580 4064 finem
609 4000 895 4087 aliquam
926 4000 1229 4088 pariendi
1261 4000 1467 4064 debet
1496 4000 1771 4071 habere,

2187 377 2323 445 183

79 4283 165 4331 799
197 4288 281 4335 tus
333 4282 357 4350 ss
409 4286 508 4334 800
547 4282 746 4335 maiore
801 4283 821 4351 Η
875 4288 970 4341 802
1009 4282 1341 4353 reliquebant
1394 4282 1412 4351 ΙΙ
1453 4287 1551 4334 805
1588 4281 1812 4350 primum
1853 4279 1874 4346 ΙΙ
1908 4286 2006 4332 809
2044 4284 2248 4333 aestas.
2288 4275 2309 4343 ΙΙ

81 4365 164 4412 812
199 4362 274 4416 Ut
308 4365 329 4433 ΙΙ
367 4370 463 4416 823
502 4365 673 4417 anima
710 4366 728 4432 ΙΙ
768 4372 866 4426 824
905 4368 1081 4436 magni
1117 4366 1136 4433 ΙΙ
1175 4371 1271 4446 8325
1309 4365 1611 4433 Aeriaeque
