2840 5008
1178 406 1272 474 111
1324 357 1329 362 ’
1605 446 1616 452 -
2181 404 2328 471 143

111 585 321 667 ipsum
354 582 692 646 Antonius
722 579 924 644 Marii
962 578 1238 644 exhibet
1285 628 1298 640 .
1353 579 1508 642 olim
1551 578 1862 663 impressi
1906 583 1976 642 et
2003 576 2333 642 Marullus

114 688 288 745 reete
317 679 379 742 E
411 680 673 743 tenebris
700 678 880 741 tantis
900 726 913 739 .
1028 667 1041 694 ἱ

267 780 324 842 7.
360 777 475 843 ΟΥ
495 798 713 842 0N11s
746 825 760 839 .
800 776 912 839 Sic
943 776 1274 860 oblongus
1306 798 1319 837 :
1362 774 1737 858 quadratus
1775 775 1962 862 Giniis
1984 822 1997 836 .
2020 775 2090 838 in
2121 798 2190 849 11,
2209 775 2331 839 505

112 885 394 961 uterque
419 899 651 962 cycnea
667 923 680 937 .
714 875 1048 960 oblongus
1068 874 1140 937 in
1163 872 1375 948 11‚824
1395 895 1486 947 lv,
1508 872 1621 937 181
1649 872 1770 936 910
1789 896 2008 959 oyynos
2032 880 2101 936 et
2123 876 2332 959 cyyni,

111 977 219 1039 ubi
243 974 629 1060 quadratus
652 997 685 1037 c
706 974 1001 1037 litteram
1025 972 1302 1038 exhibet
1335 1021 1347 1035 .
1376 970 1733 1041 Lueretius
1756 978 1979 1035 utrum
2004 970 2360 1035 Graecam*

115 1095 193 1136 an
208 1073 529 1137 Latinam
549 1072 877 1135 rationem
908 1068 1311 1153 praetulerit
1348 1068 1609 1132 neseio:
1647 1075 1831 1132 certe
1869 1069 2197 1154 syllabam
2213 1091 2330 1134 ne-

114 1193 238 1255 que
263 1172 378 1236 hio
410 1151 636 1254 nedue
656 1169 998 1255 Vergilius
1030 1168 1357 1251 corripuit
1374 1216 1387 1230 .
1414 1190 1496 1232 ea
1525 1174 1843 1251 correpta
1862 1167 2242 1233 Martialem
2262 1169 2332 1232 in

117 1293 198 1344 ιχ,
223 1270 338 1333 103
361 1257 562 1356 cyyrio
586 1268 937 1351 scripsisse
961 1287 1098 1328 non
1122 1264 1391 1332 videtur
1417 1264 1736 1330 credibile
1755 1314 1769 1328 .
1788 1287 1945 1328 mox
1961 1266 2101 1330 hedi
2115 1267 2332 1351 prima

115 1389 303 1432 manu
334 1368 674 1451 oblongus
699 1414 714 1440 ‚
743 1367 924 1429 haedi
948 1364 1129 1428 idem
1160 1386 1200 1427 a
1229 1372 1616 1428 correctore
1649 1371 1716 1427 et
1747 1362 2121 1448 quadratus
2144 1413 2159 1440 ‚
2189 1364 2330 1429 No-

115 1467 254 1530 nius
282 1488 346 1550 p.
365 1466 512 1537 306,
533 1466 572 1528 9
601 1477 656 1528 et
682 1513 696 1539 ‚
728 1462 870 1536 420,
889 1463 968 1526 32
1002 1465 1133 1527 aevi
1162 1512 1175 1525 .
1218 1463 1287 1527 in
1316 1486 1385 1536 11,
1405 1462 1526 1525 367
1560 1462 1981 1526 membranae
2009 1463 2194 1527 haedi
2217 1513 2230 1526 .
2261 1465 2331 1528 in

121 1563 440 1628 Varronis
490 1562 576 1627 de
634 1564 861 1647 lingua
902 1561 1147 1626 Latina
1187 1582 1232 1623 v
1260 1561 1425 1645 p.99
1454 1560 1803 1624 Mediceus
1865 1561 2085 1625 codex
2136 1562 2332 1645 (nam

120 1661 513 1747 Spengelius
542 1683 680 1725 non
712 1660 933 1723 omnia
960 1666 1145 1724 reete
1174 1658 1478 1743 rettulit)
1506 1661 1677 1722 ircus
1697 1661 1863 1744 quod
1885 1661 2082 1724 savini
2092 1662 2295 1749 fircus
2315 1709 2329 1724 .

118 1762 270 1844 quod
291 1760 648 1846 illicfoedus
673 1761 739 1822 in
767 1760 912 1838 latio
940 1781 1088 1821 rure
1127 1758 1285 1844 [qui
1311 1759 1378 1820 in
1404 1759 1555 1822 urbe
1586 1757 1864 1843 deleta]
1897 1759 2083 1823 bedu-3
2124 1763 2230 1846 qui
2265 1764 2332 1825 in

69 1850 78 1861 ¹
119 1860 254 1923 urbe
279 1872 347 1923 ut
370 1862 438 1923 in
466 1861 674 1923 multis
702 1880 782 1920 'A‘
812 1858 1018 1922 addito
1048 1858 1235 1921 aedas
1266 1905 1279 1919 .
1324 1878 1528 1921 versu
1555 1858 1864 1942 proximo
1897 1858 2154 1944 etfortis
2178 1859 2330 1924 libri

122 1964 183 2020 et
205 1957 467 2022 Nonius
496 1980 564 2042 p.
584 1957 740 2036 306,
763 1956 941 2020 idem
968 1978 1032 2039 p.
1051 1954 1174 2020 420
1205 1979 1310 2019 ao.

271 2054 326 2117 9.
360 2056 481 2119 Tu
517 2102 533 2130 ‚
578 2077 833 2118 PATER
862 2101 877 2128 ‚
922 2075 1010 2117 Es
1054 2075 1315 2117 RERUM
1355 2074 1819 2115 INVENTOR.
1853 2050 2203 2139 Oblongus
2235 2080 2328 2135 ee,

122 2153 483 2236 quadratus
517 2177 583 2231 e,
612 2154 811 2216 huius
842 2159 1188 2238 corrector
1217 2155 1280 2214 ό.
1320 2211 1329 2216 .
1372 2211 1381 2217 .

277 2253 369 2315 11.
415 2273 679 2315 OMNIA
723 2247 1041 2313 LIMANT
1073 2298 1086 2311 .
1134 2249 1347 2316 Recte
1372 2249 1709 2312 Avantius
1740 2271 2046 2313 LIBANT
2079 2298 2095 2324 ‚
2142 2252 2328 2335 quod

122 2347 261 2412 lima
287 2348 471 2414 nulla
506 2357 614 2413 est
640 2350 710 2411 in
738 2370 858 2413 ore
886 2348 1107 2432 apium
1138 2347 1556 2431 pascentium
1588 2394 1603 2420 ‚
1638 2347 1899 2431 qualem
1930 2349 2166 2413 tribuit
2194 2352 2329 2414 aeri

126 2447 333 2512 subtili
364 2447 724 2512 Vitruvius
754 2494 769 2521 ‚
801 2467 948 2510 eum
981 2445 1146 2509 dicit
1172 2446 1239 2509 in
1270 2469 1330 2522 v,
1349 2446 1405 2521 9,
1427 2436 1463 2510 5
1494 2447 1659 2532 quod
1684 2470 1759 2511 ex
1785 2448 2076 2512 viridibus
2100 2450 2331 2517 subtilis

127 2556 174 2607 et
196 2556 547 2612 extenuati&
569 2557 678 2610 αέν
693 2557 950 2631 propter
969 2547 1287 2609 motionem
1311 2546 1585 2630 emporis
1604 2546 1861 2631 influens
1877 2549 2171 2632 perlimat
2193 2572 2328 2633 spe-

128 2643 289 2724 ciem,
311 2644 446 2711 hoe
477 2652 589 2709 est
617 2645 879 2709 oculum
899 2643 1221 2709 ,Horatio
1251 2643 1490 2707 ludere
1518 2634 1738 2719 licuit,
1756 2646 1905 2709 Non
1932 2647 2066 2710 istic
2092 2640 2330 2733 obliquo

126 2742 280 2805 oculo
294 2767 429 2808 mea
447 2746 767 2809 commoda
783 2745 1106 2829 quisquam
1123 2743 1339 2806 Limat
1352 2789 1367 2817 ,
1389 2743 1583 2826 quasi
1599 2744 1732 2806 limi
1748 2746 1909 2809 oculi
1925 2766 1965 2807 a
1981 2746 2130 2809 lima
2148 2746 2326 2825 dice-

125 2845 378 2917 rentur,
362 2864 376 2879 ·
426 2862 629 2927 quem
661 2840 1019 2909 admodum
1052 2847 1122 2904 et
1148 2840 1431 2905 Plautus
1458 2840 1679 2916 ludit,
1719 2862 1867 2905 eum
1897 2844 2103 2907 dolwm
2130 2846 2333 2910 dolari

129 2933 319 3012 dicit,
350 2947 417 3003 et
444 2941 672 3004 nostri
699 2940 1005 3004 homines
1034 2941 1281 3024 partim
1307 2941 1656 3015 iocantur,
1696 2942 1943 3024 partim
1970 2941 2330 3021 falluntur,

130 3051 265 3096 cum
278 3038 552 3119 yeruhen
575 3035 920 3102 deducunt
941 3059 983 3102 a
1003 3038 1230 3112 ruben,
1256 3060 1542 3124 quorum
1565 3032 1780 3103 altero
1805 3040 2103 3106 studium
2127 3045 2328 3130 signi-

128 3127 384 3208 ficatur,
414 3136 634 3201 altero
669 3136 902 3220 quies,
934 3135 1118 3221 apud
1146 3136 1576 3201 Phaedrum
1558 3158 1630 3200 m
1658 3160 1755 3212 111,
1780 3138 1874 3214 10,
1891 3139 1973 3202 49
2001 3137 2161 3204 ferri
2192 3163 2330 3206 non

132 3223 318 3293 debet
337 3256 389 3295 si
378 3234 802 3297 mendacium
827 3233 1120 3296 Subtilius
1149 3234 1442 3313 lima-sset,
1467 3234 1592 3299 sed
1620 3258 1758 3299 non
1787 3243 1925 3299 tam
1955 3258 2103 3300 cum
2125 3239 2332 3305 Bent-

129 3321 245 3387 leio
272 3331 530 3396 rimatus
559 3330 986 3397 scribendum
1017 3338 1122 3395 est
1151 3353 1346 3416 quam
1375 3334 1685 3413 rimasset,
1711 3356 1843 3419 quo
1866 3342 2138 3419 praeter
2161 3340 2330 3404 anti-

133 3423 384 3503 quiores
428 3429 612 3493 eirca
651 3429 828 3493 idem
872 3436 1139 3513 tempus
1166 3429 1420 3494 Iliados
1452 3432 1789 3516 interpres
1829 3456 1994 3499 usus
2040 3444 2145 3499 est
2172 3437 2330 3514 456,

142 3516 398 3609 Undique
425 3528 738 3591 rimabant
760 3529 1006 3591 inimico
1038 3550 1299 3612 corpora
1309 3528 1525 3615 ferro.

286 3621 376 3686 15.
420 3623 825 3688 NATURAM
870 3647 1152 3689 RERUM
1217 3647 1526 3691 n1v-1NA
1592 3650 1855 3691 MENTE
1923 3650 2328 3696 comm-AM.

136 3708 507 3788 Quadratus
537 3733 852 3786 coartam.
889 3723 1118 3807 inepte
1147 3723 1514 3789 Lambinus
1547 3724 1633 3786 de
1664 3726 2051 3791 coniectura
2079 3727 2331 3796 Donati

134 3805 421 3886 Iannoeti
448 3819 821 3885 Florentini
851 3822 1021 3885 haud
1044 3822 1289 3886 divina:
1331 3822 1630 3925 ineptius
1659 3821 2123 3889 Wakefieldus
2149 3840 2331 3893 natu-

134 3927 258 3971 ram
282 3913 766 4003 interpretatur
800 3919 1131 3983 rationem
1171 3926 1455 3985 naturae
1496 3940 1779 3985 rerum.
1823 3930 2009 3986 reete
2041 3922 2332 3993 Orellius

135 4008 278 4069 ratio
304 4022 407 4077 tua
437 4018 629 4101 coepit
652 4017 981 4103 vociferari
1002 4019 1318 4081 Naturam
1339 4041 1581 4097 reru-m,
1603 4020 1809 4082 divina
1829 4032 2053 4097 mente,
2077 4024 2334 4093 scilieet

136 4104 244 4163 tua
268 4131 673 4178 ‚cooRtrA.
718 4113 889 4178 haee
921 4121 1026 4177 est
1052 4112 1210 4177 illa‘
1199 4136 1326 4199 nepa
1359 4115 1575 4191 cospla’
1590 4115 1979 4202 Επικογρογ,
2022 4119 2191 4185 haee
2219 4123 2333 4188 illa

137 4189 251 4279 ῙΕΡᾸ
295 4210 537 4283 κεφΔλΗ
587 4234 623 4273 Η
652 4227 901 4295 πρωτΗ
953 4234 1070 4275 τΗΝ
1121 4214 1344 4287 coelam
1387 4212 1757 4298 ἐΞεΥΡοῨω,
1805 4216 1993 4281 euius
2017 4239 2330 4286 summae

139 4298 306 4374 ²Pud
345 4304 652 4373 familiam
698 4309 932 4374 laudes
981 4358 995 4372 .
1044 4322 1199 4376 mox
1247 4322 1432 4375 totum
1472 4314 1642 4377 video
1674 4337 1795 4398 per
1837 4317 2018 4378 inane
2055 4318 2193 4399 yeri
2232 4343 2268 4379 r
2271 4343 2329 4382 es

108 4446 111 4455 ·
140 4396 313 4469 quasi
345 4419 425 4465 ex
453 4405 624 4471 libro
654 4407 871 4491 primo
901 4406 1163 4473 Nonius
1194 4408 1460 4492 profert
1489 4432 1553 4493 p.
1572 4410 1764 4486 446,
1733 4435 1803 4475 o.
