2840 5008
1173 396 1307 463 Ι.
2201 397 2377 477 63Δ

76 572 284 635 multae
327 580 549 638 tamum¹
580 570 730 634 artis
769 617 781 631 .
827 569 896 632 in
943 575 1081 632 tam
1127 574 1369 633 exacta
1406 573 1785 652 temporum
1832 570 2299 636 convenientia

78 668 229 733 nihil
249 669 495 734 obstat
522 689 657 752 quo
686 667 905 738 minus
925 666 1419 753 Hieronymum,
1438 664 1551 730 hie
1573 664 1899 731 Suetonio
1923 668 2089 733 satis
2110 677 2296 734 recte

78 788 255 832 usum
285 787 446 834 esse
479 766 837 830 credamus
871 788 886 829 ε
924 786 1052 830 nec
1093 765 1389 832 dubitari
1432 771 1663 850 potest
1693 766 1859 849 quin
1885 765 2028 831 fere
2059 766 2296 832 eadem
2349 771 2354 772 ⁷

78 866 138 928 in
164 865 672 932 commentariis
698 866 767 929 in
794 865 1093 930 Lucretii
1123 886 1391 929 carmen
1419 863 1693 950 scriptis
1720 864 2056 930 invenerit
2076 912 2091 940 ,
2123 887 2296 951 quos

79 951 264 1049 vulgo
303 971 525 1028 notos
565 962 772 1030 fuisse
816 969 1125 1030 testatur‘
1149 964 1220 1028 in
1259 963 1574 1050 apologia
1610 963 1680 1037 in
1709 963 2020 1028 Rufinum
2046 964 2298 1052 prima,

82 1068 248 1125 tomo
272 1086 323 1125 11
338 1086 406 1148 p.
425 1061 555 1126 472
579 1061 682 1125 ed.
707 1060 1025 1125 Vallarsii
1065 1110 1078 1123 .
1123 1061 1197 1125 in
1227 1082 1303 1126 re
1337 1066 1506 1124 nota
1537 1059 1704 1140 nihil
1736 1082 1907 1147 opus
1941 1059 2069 1126 fuit
2090 1068 2167 1125 ut
2190 1061 2296 1126 Ci-

82 1161 330 1227 ceronis
358 1181 784 1245 praenomen
809 1167 1099 1246 poneret
1130 1209 1146 1235 ,
1187 1182 1335 1225 cum
1373 1180 1572 1223 nemo
1599 1159 1945 1246 ignoraret
1974 1158 2299 1240 Quintum

81 1258 601 1344 intellegendum
632 1278 781 1323 esse
802 1306 818 1332 ‚
851 1279 1001 1323 eum
1025 1259 1248 1345 ipsum
1277 1258 1466 1323 cuius
1494 1256 1709 1323 frater
1742 1256 1830 1322 de
1850 1258 2169 1324 Lucretio
2196 1259 2298 1322 iu-

83 1354 313 1420 dicium
332 1358 598 1441 probat
613 1404 631 1432 ‚
652 1356 990 1421 hominem
1011 1356 1082 1419 in
1102 1355 1345 1421 studiis
1369 1355 1656 1444 poeticis
1677 1363 2020 1421 versatum
2039 1407 2055 1433 ,
2076 1379 2297 1444 neque

86 1474 120 1516 a
137 1452 574 1541 philosophia
591 1454 874 1519 alienum
893 1503 910 1531 ,
938 1455 1063 1520 sed
1078 1455 1243 1520 nulli
1261 1462 1490 1520 certae
1509 1454 1904 1541 disciplinae
1921 1455 2267 1522 addictum
2281 1508 2297 1528 ,

86 1557 148 1613 at
165 1553 378 1618 nostri
396 1552 818 1639 interpretes
847 1601 865 1633 ,
903 1553 1096 1638 quasi
1115 1553 1367 1618 nullum
1389 1554 1518 1620 nisi
1541 1562 1883 1620 oratorem
1907 1554 2301 1622 Ciceronem
2406 1571 2416 1582 ·

89 1657 353 1714 nossent
368 1698 385 1726 ‚
409 1650 502 1716 de
523 1650 820 1716 Lucretii
838 1652 1201 1717 carminum
1221 1651 1690 1720 emendatione
1711 1652 2131 1719 mendacium
2147 1677 2302 1726 esse

93 1746 363 1813 clamant
378 1798 395 1824 ,
422 1756 660 1814 cetera
673 1749 928 1814 Donati
947 1758 1016 1816 et
1030 1750 1433 1837 Hieronymi
1454 1772 1591 1814 non
1615 1760 1943 1816 exornata
1961 1800 1977 1828 ,
2001 1752 2125 1818 sed
2141 1755 2300 1819 ficta

96 1851 154 1908 et
178 1848 644 1913 commenticia
669 1848 1112 1935 pronuntiant
1132 1895 1148 1915 .
1181 1870 1307 1935 ego
1337 1870 1504 1915 vero
1532 1849 1603 1913 in
1623 1849 2171 1936 Hieronymianis
2198 1854 2300 1919 ni·-

93 1940 175 2005 hil
193 1946 460 2011 omnino
480 1947 680 2032 'quod
700 1947 887 2013 credi
905 1969 1046 2011 non
1063 1948 1285 2034 possit
1303 1948 1573 2013 invenio
1594 1970 1610 2011 ε
1631 1969 1852 2033 neque
1883 1950 2056 2013 enim
2085 1959 2302 2018 totam

96 2043 310 2124 poesin
331 2066 457 2130 per
474 2045 837 2110 intervalla
856 2045 1156 2111 insaniae
1175 2047 1619 2133 compositam
1643 2046 1806 2112 dicit
1821 2094 1839 2123 ‚
1862 2047 1986 2112 sed
2007 2048 2299 2133 aliquam

100 2146 334 2221 partem
372 2191 386 2205 .
436 2144 599 2208 olim
637 2142 847 2209 fuisse
891 2144 1008 2228 qui
1051 2165 1123 2208 se
1169 2165 1413 2209 nomen
1443 2165 1716 2229 quoque
1746 2146 1977 2210 uxoris
2003 2146 2303 2216 Lucretii

100 2223 456 2323 repperisse
484 2248 812 2327 putarent
835 2290 850 2318 ,
882 2241 1128 2307 Petrus
1159 2241 1456 2310 Crinitus
1484 2249 1778 2307 testatur
1810 2266 1826 2307 z
1862 2251 2108 2329 postea
2137 2244 2300 2313 Sca-⁴

100 2332 246 2419 liger
270 2384 288 2413 ‚
317 2340 510 2404 cuius
555 2339 882 2425 insignem
926 2339 1263 2425 quendam
1307 2361 1602 2405 errorem
1646 2340 1866 2408 sciens
1905 2350 2263 2427 praetereo
2284 2393 2299 2422 ‚

95 2434 361 2500 eandem
387 2460 535 2503 rem
570 2438 765 2523 quasi
785 2459 1028 2502 novam
1048 2438 1335 2524 protulit
1358 2438 1450 2503 ad
1468 2438 1836 2506 Eusebium
1857 2462 1920 2506 n.
1948 2440 2106 2506 1922
2125 2489 2140 2504 .
2170 2444 2302 2509 sci-

103 2528 236 2595 lieet
259 2533 328 2597 in
353 2536 808 2622 nugacissimo
836 2537 1064 2604 libello
1081 2585 1097 2613 ,
1123 2538 1238 2622 qui
1256 2537 1435 2601 inter
1457 2536 1855 2626 Hieronymi
1877 2561 2087 2626 opera
2114 2547 2302 2613 tomo,

105 2649 164 2690 x1
191 2630 399 2698 editus
432 2642 545 2700 est
580 2635 677 2700 ita
702 2635 1066 2720 inscriptus
1101 2683 1117 2710 ‚
1162 2637 1440 2700 Valerius
1468 2635 1725 2725 Ruffiaw
1756 2684 1773 2712 ‚
1809 2660 1888 2701 ne
1927 2639 2113 2704 ducat
2147 2664 2301 2712 ωεστ

103 2748 214 2790 rem
236 2777 252 2808 ,
284 2753 347 2815 p.
362 2732 489 2799 245
519 2734 691 2798 haec
718 2734 1034 2821 leguntur
1061 2783 1076 2798 .
1106 2734 1293 2799 Isivia
1318 2736 1519 2799 m'rum
1545 2758 1723 2799 suum
1749 2736 2091 2823 interfecit,
2125 2753 2303 2828 quem

104 2825 261 2890 nimis
285 2832 433 2897 odiit
463 2858 490 2915 ,-
536 2832 818 2897 Lucillia
843 2857 1020 2897 suum
1035 2882 1053 2913 ‚
1077 2855 1254 2920 quem
1281 2835 1465 2897 nimis
1493 2835 1722 2899 amavit
1740 2883 1754 2897 .
1784 2835 1898 2899 illa
1924 2849 2130 2921 sponte
2156 2843 2301 2905 vni-§2

108 2925 209 2987 cuit
232 2932 538 2995 aconitum
564 2979 583 3011 ,
621 2931 770 2996 haec
810 2932 1057 3018 decepta
1082 2932 1372 3019 furorem
1397 2934 1758 3019 propinavit
1783 2955 1907 3019 pro
1940 2939 2167 3001 amoris
2182 2962 2302 3024 po-

106 3022 221 3085 culo
241 3073 255 3087 .
285 3030 476 3094 amice
494 3077 512 3105 ‚
537 3032 858 3095 contrariis
886 3031 1312 3095 contenda-ma
1335 3033 1481 3096 votis
1507 3033 1658 3096 istae
1676 3080 1695 3111 ,
1723 3043 1943 3097 neutra
1970 3043 2173 3099 tamen
2199 3038 2301 3101 de-

94 3115 372 3198 fraudata
399 3127 634 3215 estsine
645 3127 904 3214 fraudis
913 3127 1227 3214 femineae
1256 3140 1312 3193 et
1323 3131 1588 3216 proprio
1614 3131 1842 3196 scilicet
1866 3133 2088 3198 damano
2106 3183 2120 3197 .

242 3218 384 3285 7931.
417 3234 638 3300 quon
669 3248 922 3290 uncas
944 3277 959 3290 .
988 3226 1066 3290 In
1093 3227 1267 3293 libro
1300 3234 1545 3312 quarto
1574 3227 1614 3292 6
1643 3250 1984 3295 MAems.

250 3317 387 3384 932.
414 3345 885 3388 Exsonvnan
917 3348 956 3388 1³
975 3346 1187 3389 oneo
1208 3375 1221 3388 .
1246 3325 1326 3389 In
1356 3333 1600 3411 quarto
1630 3350 1889 3393 PERGO
1911 3377 1925 3392 .

251 3415 385 3484 942.
418 3422 585 3487 sm>
628 3444 920 3488 pomus
951 3445 1124 3487 TALI
1154 3442 1407 3489 uero
1438 3447 1847 3491 RECREATA
1874 3449 2302 3494 VALEscAr..

108 3503 175 3570 In
189 3508 352 3579 libro
377 3526 625 3603 quarto
647 3522 760 3585 tali
781 3531 977 3585 atacto
993 3567 1009 3596 ,
1035 3542 1120 3586 ex
1143 3543 1276 3606 quo
1303 3522 1623 3607 quadrati
1641 3524 1790 3610 ipse
1812 3525 2068 3611 primus
2090 3527 2302 3614 scrip-

109 3608 202 3670 tor
225 3607 381 3677 fecit
410 3618 814 3704 corrigendo
846 3620 956 3683 tali
983 3630 1206 3684 attactu
1240 3668 1254 3684 .
1295 3620 1431 3686 hoc
1460 3622 1828 3688 absurdum
1858 3631 1962 3687 est
1992 3647 2006 3685 :
2040 3629 2302 3689 attactu

109 3703 295 3771 mellis
322 3732 462 3777 non
492 3716 921 3782 convalescet
946 3738 1116 3802 puer
1136 3765 1154 3793 ‚
1185 3718 1310 3782 sed
1339 3720 1660 3785 absinthii
1688 3720 1965 3806 potione
1983 3767 1999 3796 ,
2024 3720 2166 3785 sive
2196 3742 2301 3786 er-

111 3816 246 3866 rore
265 3853 280 3881 ,
308 3818 401 3882 ut.
422 3813 680 3898 placuit
707 3814 927 3879 Tasso
948 3858 968 3890 ν,
998 3815 1082 3879 da
1123 3817 1428 3901 l'inyanno
1470 3841 1579 3882 suo
1616 3866 1631 3880 .
1672 3818 1781 3881 tali
1804 3816 1982 3903 facto
2022 3833 2303 3887 recreata

111 3901 362 3977 probari
386 3919 659 3995 posset,
681 3914 738 3976 si
765 3913 878 3978 hic
903 3911 1129 3978 Ovidii
1148 3935 1388 3980 versus
1412 3923 1594 3980 esset
1610 3962 1626 3991 ,
1652 3914 1767 3999 qui
1794 3915 2069 4001 scripsit
2094 3917 2167 3981 in
2194 3938 2302 3986 re-

113 3996 322 4067 mediis
378 4011 622 4074 amoris
664 4010 787 4075 479
839 4012 1019 4090 Quod
1053 4014 1245 4100 siquis
1284 4025 1542 4078 vestmom
1567 4015 1814 4102 factum
1868 4014 1981 4080 hoc
2030 4017 2301 4099 incusat,

116 4090 304 4162 Achivi
317 4127 339 4182 ,·
361 4107 616 4172 scilicet
642 4130 781 4173 non
802 4116 1105 4175 vestrum
1122 4160 1139 4188 ,
1163 4110 1286 4177 sed
1310 4134 1524 4177 meum
1550 4161 1562 4175 .
1595 4118 1667 4178 at
1686 4114 2030 4178 veteribus
2052 4115 2124 4179 in
2134 4115 2305 4202 facti

116 4196 418 4268 vocabulo
464 4205 783 4292 singulari
822 4229 1102 4274 numero
1130 4210 1358 4295 posito
1388 4209 1637 4275 nuUam
1667 4212 1953 4278 subiecti
1981 4213 2299 4278 variatio-

115 4300 252 4398 Πθῐξὶ
276 4297 624 4369 admittere
652 4306 904 4391 placuit
926 4357 940 4372 .
968 4307 1198 4393 itaque
1221 4308 1504 4373 Plautus
1535 4309 1677 4374 sine
1706 4310 1843 4373 ulla
1866 4310 2300 4394 ambiguitate

119 4394 364 4473 sempsit
386 4398 455 4462 in
482 4400 768 4485 Epidico
790 4429 832 4480 1,
850 4405 909 4482 2,
928 4405 967 4469 6
1005 4406 1128 4485 Qui
1153 4407 1422 4471 invident
1443 4456 1461 4487 ,
1500 4410 1694 4473 ommis
1719 4409 1994 4486 inimicos
2030 4409 2118 4470 mi
2154 4409 2301 4472 istoc
