2840 5008
1199 387 1731 470 v-,.-
2195 387 2334 454 297

81 585 225 626 non
271 560 507 626 modo
554 559 738 646 quod
784 567 1097 645 quartum
1142 582 1370 625 casum
1430 561 1848 625 constructio
1904 560 2164 645 respuit
2192 609 2207 634 ‚
2267 569 2344 624 ut

83 657 587 724 Wakefieldus
616 656 780 722 dicit
809 658 1034 742 (certe
1064 658 1176 722 alii
1201 655 1565 722 iunxerunt
1593 654 1873 743 tertio),
1918 657 2043 722 sed
2074 660 2231 744 quia
2259 671 2346 723 εει

87 778 240 822 cum
255 755 627 820 'infinitivo
657 778 785 841 pro
815 759 954 822 lieet
977 778 1115 820 non
1146 765 1252 820 est
1281 758 1598 842 antiquae
1621 764 1691 821 et
1711 776 2068 843 germanae
2089 756 2344 822 Latini-

87 857 255 919 tatis
284 902 300 920 .
345 855 623 940 primus
653 876 734 918 eo
758 903 773 931 ‚
820 863 1142 941 quantum
1172 856 1314 920 scio
1338 904 1354 931 ‚
1396 877 1561 920 usus
1593 862 1700 919 est
1722 854 1945 920 Varro
1977 854 2159 941 apud
2185 854 2342 919 Gel-

88 953 249 1016 lium
275 975 493 1028 xvnl,
523 952 598 1017 12
620 954 789 1019 Inter
811 956 1146 1044 duasfilt‘aS
1165 978 1378 1040 reyum
1400 956 1553 1041 quid
1569 965 1781 1033 mutet,
1802 956 1959 1018 inter
1977 955 2344 1039 Antiyonam

87 1061 142 1113 ει
172 1051 462 1114 Tulliam
481 1095 500 1125 ,
533 1062 620 1114 εει
644 1053 1119 1116 animadvertere
1136 1099 1150 1116 .
1181 1073 1336 1116 nam
1358 1052 1720 1117 Terentius
1752 1051 2022 1136 quidem
2050 1072 2188 1114 non
2218 1050 2340 1115 du·-

84 1147 230 1211 bito
257 1145 436 1232 quin
463 1149 816 1235 scripserit
842 1151 911 1213 in
934 1150 1250 1214 Heauton
1275 1152 1729 1215 timorumeno
1760 1148 1881 1226 1‚2‚
1904 1149 1980 1213 18
2010 1150 2176 1229 Quid
2191 1173 2341 1214 nar-

91 1244 238 1309 rat?
255 1246 438 1332 'quid
464 1246 573 1310 ille
589 1246 620 1309 2
644 1245 933 1312 miserum
959 1272 1022 1312 εε
1051 1247 1172 1313 εεεε
1190 1298 1203 1312 .
1232 1251 1521 1312 miserum
1537 1246 1569 1311 7
1597 1247 1774 1334 quem
1793 1249 1994 1311 minus
2022 1248 2343 1313 crederes?

91 1361 230 1405 non
261 1344 649 1426 eredere815·
673 1353 742 1408 et
768 1346 838 1408 in
865 1345 1194 1432 Adelphis
1223 1370 1285 1421 v,
1304 1347 1361 1423 3,
1381 1345 1462 1409 42
1495 1347 1666 1409 video
1695 1370 1795 1410 eos
1820 1370 2037 1431 sapere
2058 1393 2073 1420 ‚
2114 1347 2342 1411 intelle-

88 1463 235 1524 ιᾳενε
256 1489 276 1519 ,
320 1444 393 1505 in
441 1443 583 1506 loeo
627 1444 871 1525 Vereri,
913 1447 1072 1510 inter
1109 1468 1171 1508 εε
1216 1468 1475 1509 amare
1514 1447 1699 1509 scires
1738 1445 1993 1508 liberum
2027 1444 2345 1529 Inqenium

98 1549 276 1624 atque
324 1541 621 1604 animum
640 1589 659 1620 ,
705 1540 966 1614 scilicet
1005 1537 1132 1604 etsi
1180 1562 1297 1606 eos
1326 1564 1467 1605 non
1496 1541 1932 1628 cognovisses
1956 1566 1973 1619 3
1998 1543 2150 1630 ‘non
2190 1545 2347 1607 scire

102 1648 185 1699 εει
203 1685 218 1699 .
260 1637 336 1699 in
360 1638 672 1702 Vitruvii
702 1661 771 1711 ιι,
792 1637 848 1713 9,
870 1637 941 1701 11
975 1645 1164 1702 recte
1193 1639 1345 1704 libri
1378 1640 1494 1706 Εει
1514 1643 1719 1705 'autem
1747 1641 2086 1704 maximum
2111 1641 2183 1704 id
2208 1663 2346 1704 con-

102 1734 382 1799 siderare
416 1738 759 1801 Ravennae
776 1761 797 1798 .·
824 1736 1028 1821 vulgo
1051 1734 1270 1800 fertur
1288 1739 1559 1802 maxime
1577 1788 1591 1803 .
1624 1745 1919 1801 ceterum
1940 1736 2109 1801 illud
2128 1738 2349 1823 ipsum

106 1841 189 1893 εει
215 1833 447 1911 omitti
481 1855 620 1897 non
649 1841 881 1919 potest
901 1881 918 1909 ‚
963 1854 1181 1919 neque
1213 1833 1463 1899 omittit
1484 1834 1800 1918 Valerius
1829 1835 2115 1900 Flaccus
2137 1883 2153 1912 ‚
2198 1857 2350 1899 cum

108 1926 274 1993 dicit
298 1931 376 1994 in
400 1954 498 2006 vl,
515 1931 638 1995 487
669 1933 817 1995 tales
842 1932 1085 2017 quando
1113 1933 1218 1995 tibi
1248 1956 1494 1996 cernere
1521 1956 1691 2019 reyes
1708 1932 1739 1995 2
1767 1932 1900 1996 hoc
1932 1935 2106 1997 enim
2136 1934 2348 1998 simile

110 2035 213 2089 est
239 2027 377 2091 illis
409 2028 635 2092 Marci
664 2027 867 2092 Tullii
909 2028 998 2092 ad
1026 2029 1325 2093 Atticum
1366 2030 1539 2094 libro
1570 2053 1679 2105 xv,
1702 2030 1796 2105 13,
1825 2032 1859 2094 1
1889 2078 1904 2105 ,
1951 2032 2080 2096 Sed
2104 2033 2349 2118 quando

109 2125 281 2188 illum
312 2128 519 2206 diem,
554 2150 691 2191 cum
719 2137 783 2191 tu
812 2129 1104 2191 edendam
1120 2127 1344 2214 putee?
1386 2130 1631 2213 quibus
1660 2129 1871 2193 utitur
1899 2130 1948 2192 Ι.
1981 2130 2051 2194 F.
2085 2129 2349 2194 Grono-

113 2223 259 2288 vius
290 2226 364 2287 in
397 2225 695 2290 diatribe
717 2247 780 2309 p.
806 2226 922 2291 106
943 2227 1118 2290 inter
1142 2227 1273 2290 alia
1295 2225 1593 2291 eiusdem
1615 2229 1881 2313 generis
1898 2276 1915 2304 ‚
1947 2228 2169 2313 qualia
2193 2237 2352 2292 sunt

121 2321 254 2400 Quo
279 2324 442 2387 mihi
453 2324 786 2410 fortunam
808 2322 841 2386 {2
892 2321 1060 2389 Unde
1085 2325 1238 2388 mihi
1266 2326 1535 2411 lapidem
1555 2324 1587 2389 2
1629 2324 1753 2389 sed
1797 2336 2061 2392 veteres
2103 2324 2199 2389 ini
2229 2326 2348 2389 ali-

120 2422 395 2504 quando
430 2434 520 2488 εει
546 2444 697 2486 cum
724 2423 1052 2488 infinitivo
1085 2426 1433 2512 ponebant
1454 2472 1468 2499 ‚
1513 2426 1631 2489 ubi
1670 2424 1941 2509 saepius
1986 2426 2350 2488 utebantur

116 2532 179 2584 ut
215 2522 698 2586 coniunctione
721 2570 738 2598 ‚
780 2529 858 2586 ut
887 2522 1058 2586 Cato
1102 2523 1219 2588 Εει
1253 2526 1412 2589 inter
1451 2525 1598 2588 dum
1625 2535 1951 2610 praestare
1992 2526 2352 2588 mercaturis

115 2641 240 2682 rem
269 2644 579 2707 quaerere
597 2670 612 2696 ‚
641 2630 719 2684 ut
740 2621 1020 2685 Plautus
1048 2622 1118 2685 in
1142 2620 1446 2707 Captivis
1477 2644 1519 2697 1,
1537 2622 1594 2697 2,
1614 2623 1695 2686 68
1723 2621 1864 2686 Hoc
1889 2623 2066 2686 illum
2093 2628 2189 2686 me
2215 2645 2348 2685 vmc-

118 2726 243 2781 tare
273 2721 519 2809 confido
543 2719 693 2806 fore
714 2768 731 2800 ,
775 2720 850 2784 id
894 2729 1000 2784 est
1044 2720 1310 2784 confido
1355 2720 1506 2784 fore
1549 2729 1627 2784 ut
1667 2720 1801 2783 hoc
1841 2719 2026 2783 illum
2067 2718 2348 2784 mutem.
2440 2756 2445 2759 ·

119 2817 506 2882 rarissimus
549 2817 870 2903 loquendi
911 2818 1156 2883 modus
1198 2827 1305 2882 est
1344 2840 1538 2904 quem
1580 2818 1627 2880 Ι.
1670 2818 1741 2882 F.
1785 2816 2170 2883 Gronovius
2212 2840 2351 2884 non

124 2916 476 2995 praeteriit
521 2917 590 2980 in
640 2916 814 2981 libro
847 2940 915 2981 1v
945 2919 1497 2981 observationum
1521 2965 1535 2992 ‚
1582 2917 1965 3003 capituloS,
1994 2939 2058 3001 p.
2084 2918 2199 2981 115
2234 2917 2350 2980 116

125 3010 236 3075 117
255 3061 271 3088 ‚
300 3014 719 3099 permixtum
744 3014 1030 3100 diversis
1055 3037 1139 3080 ex
1162 3038 1243 3080 eo
1268 3037 1543 3101 quoque
1565 3035 1812 3101 genere
1836 3014 2021 3099 quod
2046 3015 2236 3099 attigi
2260 3014 2350 3079 ad

122 3107 363 3176 librum
387 3137 480 3191 ιν,
498 3113 656 3178 244:
687 3113 810 3178 sed
837 3114 954 3178 illa
983 3136 1155 3199 quae
1188 3114 1340 3178 dico
1370 3115 1746 3192 rarissima,
1774 3115 1842 3176 in
1873 3112 2118 3197 quibus
2146 3124 2233 3176 εει
2253 3112 2353 3176 ita

124 3206 419 3298 intellegi
468 3212 676 3277 debet
698 3260 713 3287 ‚
758 3216 843 3275 εει
868 3214 1108 3299 aliquid
1133 3208 1277 3278 sive
1294 3214 1587 3298 prodest,
1634 3211 2019 3274 Gronovius
2050 3209 2349 3276 Senecae

128 3325 202 3368 ac
231 3307 561 3374 Petronio
592 3310 922 3387 vindicat3
955 3311 1144 3374 cuius
1174 3311 1358 3376 modi
1388 3312 1593 3375 estin
1622 3308 1912 3395 epistula
1939 3310 2019 3373 87
2051 3308 2352 3375 Senecae

129 3403 215 3467 Μ.
254 3407 402 3473 Cato
434 3410 741 3474 censorius
755 3457 772 3489 ,
803 3432 982 3496 quem
1010 3421 1136 3474 tam
1162 3412 1257 3475 rei
1273 3411 1567 3497 publicae
1594 3410 1794 3474 hercle
1805 3408 1941 3496 suit
1963 3411 2137 3474 nasci
2163 3433 2350 3496 quam

131 3499 477 3588 Scipionem
499 3557 516 3588 ,
563 3516 632 3572 et
673 3507 758 3573 de
804 3508 1155 3574 clementia
1187 3534 1229 3586 1,
1252 3511 1329 3575 18
1379 3511 1631 3590 Quanto
1662 3519 1863 3572 antem
1888 3532 2011 3572 non
2036 3510 2207 3571 nasci
2219 3508 2355 3594 fuit

134 3621 314 3682 quam
342 3607 665 3671 numerari
673 3608 847 3671 ·inter
866 3597 1113 3692 publico
1146 3611 1313 3673 malo
1351 3618 1524 3672 natos
1546 3607 1573 3670 Ι
1614 3606 1751 3669 hoc
1791 3602 1893 3667 ab
1922 3605 2349 3689 antiquorum

128 3715 252 3760 usu
277 3705 800 3768 remotissimum
832 3711 936 3769 est
957 3752 971 3779 ‚
1017 3726 1235 3791 neque
1259 3705 1616 3768 Horatium
1649 3723 1729 3765 eo
1760 3700 1964 3765 modo
1995 3701 2348 3786 scripsisse

134 3799 333 3863 credo
378 3802 449 3865 in
492 3825 872 3867 sermonum
907 3828 977 3882 11,
994 3804 1050 3879 5,
1073 3805 1189 3869 103
1232 3817 1289 3869 ει
1312 3805 1368 3866 εἰ
1383 3804 1650 3888 paulum
1667 3811 1839 3886 potes
1857 3849 1876 3880 ,
1920 3802 2347 3865 inlacrimare.

135 3905 212 3958 est
245 3898 497 3964 Gaudia
525 3904 883 3987 prodentem
922 3904 1142 3966 voltum
1182 3903 1426 3981 celare5
1470 3900 1585 3964 ubi
1632 3896 1939 3962 litteram
1967 3897 2350 3963 addendam

136 4012 409 4073 censeo,
439 3998 573 4062 hoc
599 3997 841 4073 modo,
886 4001 1250 4065 irdacrima.
1297 4025 1328 4063 e
1357 4023 1426 4063 re
1455 4009 1539 4062 εει
1573 3996 1824 4062 Gaudia
1841 3999 2198 4082 prodentem
2222 4000 2346 4062 vol-

55 4110 58 4115 ·
139 4099 255 4154 tam
284 4097 515 4160 celare.

291 4193 431 4257 536.
464 4217 722 4258 SUPER
768 4216 1116 4259 HABERE.
1161 4196 1491 4260 Marullus
1535 4217 1878 4259 suarna.

280 4288 418 4353 537.
442 4291 500 4355 Ε
521 4315 564 4355 x
594 4316 676 4357 m
694 4316 730 4355 Ε
753 4316 905 4358 uxr
937 4317 1032 4358 As
1053 4317 1185 4359 vo.
1214 4294 1613 4375 Quadratus
1632 4318 1766 4358 evo.
1770 4293 1985 4364 huius
2006 4298 2349 4354 corrector

136 4376 291 4448 fecit
310 4411 331 4449 1
345 4412 385 4451 N
406 4413 441 4453 1:
459 4413 497 4454 u
514 4415 553 4454 N
568 4415 608 4455 r
623 4406 659 4454 Ε
681 4416 800 4472 evo,
816 4380 1044 4477 itaque
1060 4394 1393 4458 Ant-onius
1404 4394 1605 4458 Marii
1624 4390 2110 4457 etVeronensis
2129 4388 2349 4454 editio,
