2840 5008
494 363 634 431 236
1547 364 1645 432 IV

493 539 703 602 addita
733 538 899 601 caelo
918 586 931 600 .
963 536 1329 602 Lambinus
1360 539 1596 602 caelum
1620 550 1686 602 ut
1710 540 1953 603 videare
1972 541 2176 604 videre
2207 551 2267 604 et
2301 542 2587 627 Corpora
2614 546 2720 605 mi-

494 638 679 700 randi
703 636 812 699 sub
842 646 1037 699 terras
1065 635 1270 699 abdita
1300 637 1455 700 caeli
1485 685 1498 698 .
1545 642 1772 700 cetera
1798 635 1907 699 his
1945 638 2181 721 peiora
2210 641 2722 722 praetermitte.

491 735 774 798 mirande
791 732 1187 798 adverbium
1204 780 1219 807 ,
1244 732 1433 817 quod
1449 734 1518 797 in
1539 734 1874 819 quadrato
1900 736 2228 822 scriptum
2252 745 2365 800 est
2382 739 2722 813 mirandae,

490 839 567 896 ut
586 833 905 897 mendosae
934 830 1054 894 503
1069 879 1087 909 ,
1115 855 1415 916 supernae
1449 833 1565 896 173
1580 881 1596 907 ‚
1629 840 1697 897 et
1718 834 1788 896 in
1814 840 2107 918 utroque
2129 833 2255 897 949
2275 837 2513 919 prima
2532 857 2723 898 manu

493 933 687 1011 altae,
731 931 924 1015 (mox
947 928 1068 992 462
1096 930 1376 994 mirande
1403 931 1474 993 in
1502 932 1863 1016 utroque),
1906 954 2044 995 non
2075 939 2179 995 est
2206 953 2424 996 verae
2459 942 2536 997 et
2565 935 2724 996 anti-

496 1050 669 1114 quae
689 1027 1108 1091 Latinitatis:
1141 1034 1210 1090 et
1236 1027 1631 1092 mirabiliter
1661 1037 1902 1114 peccat
1921 1028 2182 1093 Nonius
2200 1078 2215 1104 ‚
2251 1051 2412 1094 cum
2441 1030 2724 1094 Claudio

495 1126 945 1212 Quadrigario
968 1123 1298 1189 adscribit
1318 1125 1687 1190 hinnibunde
1702 1150 1827 1218 pro
1849 1127 2186 1190 hinnienter
2207 1148 2273 1211 p.
2305 1126 2452 1203 122,
2481 1129 2593 1203 13,
2626 1130 2725 1212 qui

496 1225 763 1289 dixerat
785 1248 975 1311 equae
1005 1223 1415 1287 hinnibundae
1434 1273 1446 1286 .
1481 1246 1884 1309 quamquam
1907 1225 2047 1288 scio
2078 1225 2386 1289 horrende
2415 1227 2496 1289 in
2518 1226 2728 1289 lexica

491 1324 779 1388 relatum
820 1343 972 1385 esse
1017 1343 1101 1384 ex
1142 1321 1317 1387 libro
1362 1322 1748 1408 Sapientiae
1789 1324 1938 1399 v1‚6
1981 1325 2202 1399 xvn,3
2232 1371 2248 1398 ‚
2295 1346 2441 1408 quo
2495 1324 2729 1388 eodem

493 1429 778 1486 utuntur
796 1419 1181 1484 Priscianus
1203 1441 1267 1504 p.
1289 1419 1443 1483 1041
1473 1427 1541 1483 et
1565 1420 1841 1507 Sergius
1863 1443 1927 1506 p.
1952 1421 2104 1485 1851
2128 1469 2144 1497 ‚
2165 1421 2266 1484 ita
2283 1470 2298 1496 ‚
2323 1421 2730 1503 Hori-endum

495 1521 723 1584 clamat
735 1542 860 1603 pro
880 1518 1217 1599 hom-ende5
1247 1517 1353 1581 cui
1377 1517 1773 1582 simillimum
1795 1528 1903 1582 est
1920 1519 2106 1603 quod
2129 1518 2416 1583 Servius
2439 1520 2520 1582 in
2541 1541 2727 1607 geor-

491 1618 691 1703 gicon
723 1639 818 1690 111,
832 1615 914 1680 28
935 1639 1343 1702 maynumque
1353 1616 1650 1705 fluentem
1682 1619 1958 1702 exponit
1987 1641 2205 1702 mayne
2224 1666 2242 1697 ,
2283 1617 2622 1703 idemque
2652 1616 2728 1680 ad

493 1718 657 1779 Aen.
681 1738 725 1790 1,
743 1714 861 1777 251
896 1714 1232 1801 Infandum
1249 1763 1263 1789 ‚
1292 1715 1513 1800 inquit
1531 1763 1547 1790 ‚
1574 1740 1700 1801 pro
1728 1718 1979 1805 infande
1995 1718 2205 1802 posuit
2221 1764 2234 1778 .
2267 1737 2401 1779 nec
2431 1718 2724 1780 minores

492 1813 605 1877 hic
634 1814 873 1877 turbas
903 1812 1160 1876 faciunt
1195 1813 1504 1898 Corpora,
1544 1814 1686 1877 sive
1718 1814 1806 1878 ad
1835 1813 2065 1878 nubila
2096 1821 2164 1877 et
2194 1815 2463 1877 caelum
2494 1814 2721 1879 referi-

493 1934 640 1975 mus
670 1912 811 1975 sive
843 1910 933 1975 ad
963 1909 1189 1973 sidera
1208 1959 1221 1972 .
1260 1910 1447 1995 quod
1478 1911 1688 1995 siquis
1719 1919 1947 1976 cetera
1989 1912 2458 1977 considerabit
2483 1963 2499 1988 ‚
2547 1915 2721 1977 inve-

492 2011 634 2076 niet
664 2032 742 2075 ea
771 2016 1029 2074 mutato
1060 2030 1375 2076 versuum
1407 2009 1642 2073 ordine
1675 2017 1808 2073 tam
1839 2019 1995 2096 apte
2022 2011 2200 2074 inter
2241 2033 2318 2075 se
2350 2012 2720 2076 cohaerere

492 2120 570 2174 ut
590 2110 705 2174 vix
734 2109 1000 2195 possint
1031 2109 1225 2172 aliter
1248 2130 1288 2171 a
1315 2114 1521 2193 potita
1541 2110 1799 2193 scripta
1823 2110 2219 2182 existimari,
2249 2111 2362 2173 sub
2394 2121 2605 2174 terras
2624 2111 2716 2174 ab·

493 2210 623 2273 dita
653 2231 688 2271 c
704 2230 801 2271 ΛΕ
816 2231 854 2270 L
870 2231 895 2270 1
924 2208 1163 2273 Nubila
1186 2207 1491 2292 despicere
1513 2218 1569 2271 et
1597 2208 1832 2270 caelum
1858 2208 2102 2271 videare
2130 2209 2335 2271 videre
2354 2256 2369 2271 .
2403 2208 2544 2271 iam
2566 2229 2714 2272 vero

492 2307 583 2371 ad
610 2305 1075 2392 complendam
1105 2305 1508 2368 sententiam
1549 2326 1633 2368 ex
1672 2306 1944 2390 Corpora
1983 2307 2262 2369 mirande
2292 2328 2496 2370 nemo
2534 2306 2713 2370 dubi-

491 2415 638 2469 tare
665 2413 899 2490 potest
928 2405 1087 2489 quin
1116 2402 1501 2466 faciendum
1531 2404 1618 2467 sit
1649 2403 1759 2467 Ur
1789 2426 2042 2467 raom:
2074 2425 2376 2468 MlaAcr
2397 2428 2439 2468 o
2461 2454 2475 2468 .
2521 2425 2710 2468 unum

490 2514 718 2568 tamen
762 2502 1232 2588 corrigendum
1275 2510 1529 2567 restat:
1585 2525 1739 2566 nam
1782 2503 2091 2588 despicere
2145 2524 2296 2566 cum
2349 2503 2712 2568 accusandi

491 2626 656 2668 casu
684 2615 825 2666 non'
851 2603 1279 2688 coniungitur
1307 2602 1436 2665 nisi
1465 2603 1534 2664 in
1564 2601 2049 2687 significatione
2081 2609 2525 2687 contemptus
2550 2626 2565 2665 ι
2610 2623 2710 2664 ne-

493 2724 625 2786 que
656 2702 790 2764 ulla
817 2702 887 2764 in
918 2700 1225 2765 Caesaris
1255 2699 1484 2788 verbis
1522 2700 1921 2784 ambiguitas
1954 2708 2059 2763 est
2078 2747 2094 2775 ‚
2141 2721 2291 2762 cum
2323 2702 2609 2785 scripsit
2635 2698 2710 2762 de

486 2799 671 2864 bello
702 2797 962 2861 Gallico
1008 2820 1238 2863 comm.
1273 2823 1391 2873 vn,
1410 2798 1490 2862 20
1539 2800 1705 2885 quod
1730 2810 1785 2862 et
1812 2799 2185 2884 paucitatem
2226 2822 2446 2862 eorum
2487 2823 2565 2863 ea·
2594 2801 2707 2863 loco

488 2898 802 2983 superiore
831 2919 1182 2980 coynoscere
1211 2910 1268 2962 et
1292 2899 1568 2993 vistutem
1595 2899 1900 2982 despicere
1916 2898 2257 2982 potuerint‘,
2289 2898 2399 2982 qui
2422 2899 2708 2961 dimicare

489 3021 613 3061 non
652 2996 788 3059 ausi
830 2995 1081 3079 turpiter
1118 3019 1182 3059 se
1222 2998 1288 3057 in
1331 3007 1534 3059 castra
1575 2997 1909 3080 receperint
1943 3043 1956 3057 .
2003 2996 2233 3079 itaque
2274 3018 2317 3057 D
2339 3018 2468 3058 1812
2486 3017 2703 3059 mnan

491 3094 924 3161 scribendum
969 3100 1110 3168 est,
1155 3102 1231 3158 ut
1257 3102 1444 3157 recte
1488 3093 1758 3157 codices
1799 3094 1867 3156 in
1909 3092 2084 3158 libro
2114 3117 2185 3168 11,
2205 3092 2287 3155 26
2326 3096 2485 3179 quin
2514 3094 2706 3157 omnia

488 3196 893 3279 dispiciantur
908 3242 926 3273 ,
959 3192 1086 3256 Sub
1104 3193 1364 3278 pedibus
1383 3216 1543 3279 quae
1564 3215 1820 3278 cumque
1838 3190 2014 3254 infra
2031 3214 2153 3276 per
2172 3193 2359 3254 inane
2381 3203 2702 3275 yeruntur.

490 3291 588 3354 sic
616 3292 930 3355 Manilius
960 3315 1031 3367 11,
1049 3291 1169 3355 837
1203 3290 1288 3355 de
1321 3290 1723 3354 occidentali
1754 3288 2029 3352 cardine
2067 3288 2491 3375 Occasumque
2522 3301 2706 3353 tenens

486 3390 859 3453 submersum
888 3390 1130 3474 dispicit
1147 3390 1348 3453 orbe-m
1365 3439 1383 3470 ,
1414 3409 1552 3451 non
1573 3388 1859 3473 despicit:
1888 3409 2092 3450 versu
2113 3386 2235 3451 849
2265 3389 2583 3473 imumque
2609 3386 2703 3449 sub

488 3490 690 3553 orbem
720 3489 1082 3566 Descendit.
1128 3488 1269 3550 scio
1316 3487 1587 3572 quidem
1630 3487 1699 3548 in
1739 3486 1972 3550 lexicis
2016 3484 2272 3549 adferri
2297 3484 2475 3547 haec
2506 3473 2701 3549 verba

491 3586 897 3652 Columellae
927 3611 969 3661 1,
988 3586 1045 3662 6,
1066 3585 1146 3649 23
1166 3635 1181 3662 ,
1210 3590 1415 3666 Area,
1446 3588 1501 3650 si
1530 3588 1836 3670 competit,
1866 3587 1954 3648 ita
1984 3584 2396 3648 constituenda
2427 3595 2516 3647 est
2541 3582 2703 3646 utvel

489 3711 529 3750 a
559 3688 800 3751 domino
830 3688 925 3751 vel
950 3697 1106 3750 certe
1134 3709 1175 3749 a
1201 3696 1606 3771 procuratore
1636 3684 1865 3768 despici
1892 3684 2122 3767 possit:
2163 3680 2287 3745 sed
2314 3682 2411 3746 ibi
2441 3701 2697 3766 quoque

486 3784 841 3869 legendum
876 3793 980 3848 est
1010 3785 1257 3869 dispici,
1299 3782 1487 3868 quod
1514 3789 1702 3845 recte
1731 3782 2057 3866 scriptum
2088 3787 2275 3844 extat
2302 3781 2482 3845 libro
2506 3804 2593 3855 ιν,
2611 3778 2696 3848 24,

493 3881 568 3944 19
603 3929 616 3943 .
660 3902 880 3965 neque
921 3882 993 3943 in
1036 3875 1378 3945 Aeneidos
1428 3904 1469 3954 1,
1489 3878 1611 3943 224
1656 3878 2009 3943 ferendum
2053 3886 2157 3942 est
2201 3878 2438 3942 aethere
2478 3900 2695 3941 sum-mo

489 3979 845 4063 Despiciens
886 4003 1058 4042 mare
1099 3981 1414 4044 velivolum
1449 3987 1517 4043 et
1560 3986 1787 4042 cetera
1809 4019 1846 4053 ‚-
1870 3977 1995 4041 sed
2037 3975 2464 4062 probandum
2495 3976 2693 4060 Dispi-

489 4078 682 4155 ciens,
721 4076 907 4159 quod
934 4076 1003 4138 in
1035 4078 1316 4141 arbitrio
1345 4077 1541 4162 ponit
1571 4076 1850 4142 Servius
1868 4125 1881 4138 .
1913 4083 2070 4139 utor
2100 4074 2382 4139 arbitrio
2415 4076 2486 4137 in
2514 4095 2691 4161 geor-

486 4175 688 4260 gicon
725 4198 793 4248 11,
830 4173 946 4236 186
993 4181 1061 4237 et
1103 4161 1308 4238 Nonii
1350 4176 1823 4239 auctoritatem
1869 4172 2184 4237 rescindo
2209 4220 2225 4248 ,
2272 4172 2386 4257 qui
2436 4173 2693 4248 exhibet

486 4292 549 4355 p.
569 4271 692 4335 288
744 4272 1001 4350 Qualem
1043 4297 1223 4357 saepe
1266 4297 1417 4336 cava
1474 4274 1693 4336 mont-is
1737 4273 2002 4336 convalle
2043 4273 2298 4335 solemus
2343 4272 2687 4357 Despicere.

487 4370 779 4453 dispicere
802 4369 1232 4434 scribendum
1257 4371 1453 4435 estin
1474 4367 1702 4434 Ovidii
1723 4376 1984 4433 metam.
2009 4393 2074 4445 11,
2100 4370 2217 4433 178
2241 4393 2337 4445 111,
2354 4370 2438 4433 44
2460 4392 2570 4445 vn,
2583 4369 2688 4433 223
