2840 5008
473 314 564 380 48
644 292 649 298 ’
1569 316 1630 381 11

477 486 645 550 aeris
678 487 845 550 haut
874 494 1159 572 possunt
1188 507 1397 570 aeque
1430 508 1566 550 rem
1604 508 1935 572 quamque
1965 491 2236 565 morari,

210 686 225 693 ·
471 600 593 663 sed
625 602 813 664 citius
847 599 1096 664 cedunt
1123 600 1540 685 gravioribus
1573 610 2001 686 exsuperata:

229 728 237 736 '
329 732 424 777 235
472 722 541 779 at
571 723 808 778 contra
835 714 995 777 nulli
1026 714 1110 776 de
1139 714 1319 777 nulla
1348 724 1539 799 parte
1567 738 1785 799 neque
1815 717 1950 779 ullo

430 868 449 880 „
473 840 775 915 tempore
804 829 998 890 inane
1029 835 1257 912 potest
1287 850 1569 892 vacuum
1601 831 1966 894 subsistere
1996 833 2118 905 rei,

452 928 636 1027 ‘quin
656 992 670 1017 ‚
693 964 814 1004 sua
846 941 1028 1027 quod
1059 951 1296 1006 natura
1325 944 1527 1027 petit,
1552 944 1925 1008 concedere
1953 955 2219 1030 pergat3

477 1058 695 1120 omnia
725 1080 857 1142 qua
884 1065 1165 1142 propter
1198 1056 1445 1120 debent
1475 1081 1595 1142 per
1622 1061 1818 1122 inane
1852 1061 2144 1143 quietum

473 1193 685 1255 aeque
715 1171 1123 1258 ponderibus
1153 1193 1289 1234 non
1321 1173 1550 1255 aequis
1583 1175 1843 1237 concita
1869 1173 2057 1236 ferri.

328 1302 423 1347 240
469 1285 653 1348 haud
680 1287 880 1370 igitur
909 1293 1229 1370 poterunt
1258 1285 1619 1350 levioribus
1649 1287 1943 1367 incidere
1972 1309 2282 1372 umquam

475 1422 559 1463 ex
587 1420 832 1484 supero
863 1401 1172 1484 graviora
1191 1450 1204 1474 ‚
1229 1422 1447 1484 neque
1474 1403 1648 1464 ictus
1681 1403 1951 1486 gignere
1982 1423 2102 1487 per
2115 1424 2236 1496 se,

476 1515 590 1599 qui
616 1514 878 1577 varient
905 1522 1123 1577 motus
1143 1564 1157 1589 ‚
1182 1536 1302 1600 per
1333 1537 1502 1598 quos
1533 1500 1773 1578 natura
1803 1523 1994 1600 gerat
2023 1538 2164 1578 res.

476 1649 681 1712 quare
713 1629 905 1691 etiam
937 1636 1139 1713 atque
1172 1629 1367 1691 etiam
1398 1630 1667 1713 paulum
1696 1631 2010 1693 inclinare
2040 1640 2384 1695 necessest
2462 1654 2465 1656 ’
2525 1670 2534 1677 ·

474 1764 794 1826 corpora3
819 1764 942 1805 nec
972 1733 1122 1828 pl'us
1155 1765 1352 1827 quam
1379 1744 1745 1819 minimum,
1769 1765 1853 1807 ne
1880 1745 2129 1829 fingere
2158 1755 2379 1809 motus

334 1874 430 1918 245
477 1857 784 1941 obliquos
815 1856 1157 1921 videamur
1189 1866 1255 1921 et
1282 1858 1355 1921 id
1384 1879 1493 1921 res
1523 1881 1685 1922 vera
1714 1858 1988 1922 refutet.

473 1993 761 2056 namque
789 1971 922 2034 hoc
951 1973 1014 2034 in
1046 1981 1363 2059 promptu
1391 1974 1943 2058 manifestumque
1977 1995 2122 2036 esse
2152 1972 2456 2037 videmus
2474 2025 2491 2050 ‚

475 2084 778 2171 pondera
796 2135 810 2161 ,
839 2093 1156 2171 quantum
1186 2087 1253 2149 in
1283 2109 1356 2149 se
1389 2097 1493 2150 est
1511 2137 1525 2162 ‚
1548 2110 1685 2151 non
1714 2109 1916 2172 posse
1950 2088 2221 2173 obliqua
2248 2110 2475 2152 meare
2495 2140 2512 2164 ,

477 2221 559 2262 ex
589 2222 831 2284 supero
865 2223 1011 2263 culn
1041 2202 1519 2287 praecipitant,
1544 2201 1730 2285 quod
1762 2223 2033 2264 cernere
2063 2204 2313 2288 possis:

477 2313 599 2377 sed
628 2316 720 2377 nil
750 2315 1014 2378 omnino
1044 2316 1225 2378 nulla
1254 2317 1523 2401 regione
1553 2316 1683 2379 viai

333 2446 429 2491 250
478 2428 812 2516 declinare
845 2430 991 2514 quis
1025 2436 1128 2492 est
1159 2432 1272 2516 qui
1303 2438 1600 2519 praestet
1632 2452 1903 2493 cernere
1935 2431 2128 2492 sese?

559 2546 866 2630 Denique
897 2546 952 2608 si
982 2567 1244 2631 semper
1273 2554 1492 2609 motus
1524 2547 1895 2609 conectitur
1927 2546 2136 2607 omnis

480 2669 547 2723 et
575 2669 804 2724 vetere
837 2668 1074 2723 exacto
1108 2661 1408 2724 exoritur
1437 2684 1656 2725 novus
1691 2660 1924 2724 ordine
1956 2667 2170 2734 certe,

479 2797 602 2837 nec
635 2774 1030 2838 declinando
1060 2774 1312 2839 faciunt
1339 2776 1705 2860 primordia
1735 2782 1954 2838 motus

478 2889 868 2975 principium
904 2890 1243 2973 quoddam
1263 2939 1276 2964 ‚
1303 2890 1484 2973 quod
1516 2890 1632 2953 fati
1662 2889 1942 2952 foedera
1969 2896 2264 2973 rumpat,

334 3022 432 3066 255
480 3025 564 3066 ex
592 3003 845 3067 infinito
876 3026 959 3066 ne
991 3026 1255 3067 causam
1289 3026 1489 3066 causa
1519 3011 1871 3088 sequatur,

255 3102 260 3107 ’
480 3118 687 3182 libera
716 3108 836 3203 per
868 3111 1080 3182 terras
1111 3118 1290 3190 unde
1308 3118 1488 3181 haec
1519 3119 1962 3182 animantibus
1995 3125 2248 3189 exstat,

479 3232 657 3295 unde
691 3240 792 3296 est
818 3234 988 3296 haec
1010 3282 1024 3308 ‚
1046 3234 1313 3317 inquam
1335 3283 1349 3307 ‚
1373 3232 1528 3296 fatis
1562 3205 2124 3318 avolsa⁹potestas
2142 3282 2155 3308 ‚

483 3369 603 3434 per
636 3370 830 3432 quam
862 3346 1324 3432 progredimur
1358 3370 1490 3431 quo
1526 3348 1708 3411 ducit
1740 3369 2067 3433 quemque
2095 3348 2437 3422 voluntas,

486 3462 890 3525 declinamus
923 3461 1076 3524 item
1108 3451 1325 3524 motus
1356 3484 1479 3525 1166
1511 3471 1809 3547 tempore
1842 3464 2027 3526 certo

338 3595 437 3641 260
484 3600 606 3640 nec
637 3577 906 3660 regione
935 3576 1067 3639 loci
1098 3584 1313 3651 certa,
1337 3576 1459 3639 sed
1489 3578 1602 3642 ubi
1627 3578 1774 3661 ipsa
1802 3578 1954 3640 tulit
1983 3576 2212 3639 mens?

483 3714 635 3755 nam
669 3690 871 3754 dubio
902 3677 1140 3776 procul
1166 3692 1270 3754 his
1301 3693 1502 3756 rebus
1535 3713 1656 3754 sua
1687 3692 1924 3775 cuique
1955 3690 2266 3753 voluntas

483 3806 877 3892 principium
911 3805 1028 3869 dat
1048 3856 1061 3879 ‚
1087 3814 1154 3869 et
1181 3806 1337 3869 hinc
1365 3814 1585 3869 motus
1616 3828 1737 3890 per
1767 3806 2060 3868 membra
2087 3804 2417 3887 rigantur.

489 4124 587 4169 233
626 4117 865 4169 Haeraut
926 4119 944 4186 ΙΙ
1007 4125 1103 4170 234
1143 4128 1484 4188 exsuperate.
1543 4120 1560 4188 ΙΙ
1618 4124 1714 4169 240
1752 4125 2041 4187 1101061001
2094 4116 2112 4184 ΙΙ
2170 4121 2265 4166 247
2306 4132 2365 4165 sc
2402 4125 2688 4172 omissum
2738 4117 2753 4180 l}

489 4207 588 4252 249
625 4199 769 4252 nulla
803 4209 1062 4254 omissum.
1132 4201 1150 4269 ΙΙ
1227 4208 1325 4251 250
1362 4202 1537 4269 possit
1592 4201 1610 4268 Η
1666 4207 1758 4251 251
1801 4210 1945 4251 motu
1986 4201 2005 4269 ΙΙ
2044 4206 2140 4249 252
2182 4206 2367 4249 exacto
2406 4201 2752 4255 omissum-1

491 4290 588 4335 257
628 4282 900 4352 voluptas.
