2840 5008
521 390 662 458 270
1574 387 1672 455 IV

517 566 645 629 bus
673 583 737 647 p.
765 562 872 627 101
909 562 1265 632 observat,
1298 560 1420 625 sed
1448 561 1747 626 Lucretii
1774 562 2096 627 inmemor
2122 586 2255 629 nec
2284 567 2382 630 rei
2411 569 2730 633 rationem

517 681 745 726 veram
774 658 1071 724 reddens
1089 706 1104 721 .
1134 658 1394 723 scilicet
1419 660 1606 724 nulla
1626 681 1936 746 umquam
1959 661 2239 727 fuerunt
2260 665 2391 728 nisi
2415 665 2592 729 Coa:
2622 651 2733 732 sed

517 781 599 825 ea
628 766 784 824 ante
813 777 1013 843 quam
1039 757 1107 820 in
1136 756 1560 842 frequentem
1589 781 1783 823 usum
1810 762 2190 837 venissent,
2221 763 2454 827 Varro
2487 786 2615 849 per
2642 788 2732 830 er-

516 880 735 924 rorem
766 857 853 921 ab
879 855 1101 920 insula
1123 855 1261 919 Ceo
1283 857 1514 921 venire
1544 858 1858 943 opinatus
1889 869 1992 923 est
2008 907 2024 935 ,
2054 882 2256 946 quem
2277 861 2647 927 Lucretius
2673 877 2733 928 et

513 957 768 1022 Plinius
809 963 1057 1019 temere
1099 955 1312 1018 secuti
1356 965 1515 1019 sunt
1532 1004 1545 1017 .
1602 977 1712 1020 res
1754 966 1988 1044 aperta
2027 957 2146 1022 fiet
2160 1006 2178 1038 ,
2221 959 2280 1022 si
2309 959 2734 1026 Varroniana

515 1078 664 1121 cum
692 1053 1057 1120 Aristotele
1074 1100 1091 1127 ‚
1137 1074 1222 1116 ex
1266 1075 1400 1138 quo
1447 1053 1653 1119 ducta
1696 1063 1855 1119 sunt
1871 1103 1887 1130 ‚
1931 1057 2299 1121 contuleris
2317 1105 2332 1119 .
2393 1058 2500 1121 sic
2543 1060 2731 1145 igitur

513 1155 770 1219 Plinius
796 1158 933 1216 nat.
962 1151 1115 1215 hist.
1146 1173 1234 1226 iv,
1253 1150 1335 1214 20
1364 1150 1451 1214 de
1483 1151 1618 1216 Ceo
1635 1199 1652 1226 ,
1685 1153 1792 1217 Em
1817 1153 1935 1217 hac
1950 1154 2298 1240 profectam
2327 1156 2731 1221 delicatiorem

495 1255 756 1341 feminis
780 1262 992 1315 vestem
1021 1261 1232 1313 auctor
1252 1260 1336 1313 est
1363 1250 1559 1314 Varro
1577 1299 1591 1313 .
1620 1250 1799 1315 idem
1826 1251 1897 1314 in
1924 1275 2016 1326 11,
2032 1251 2114 1315 26
2138 1253 2365 1316 Prima
2388 1278 2500 1316 eas
2516 1303 2535 1332 ,
2559 1256 2729 1318 bom·
2794 1243 2795 1268 ¹

511 1353 758 1438 bycum
796 1349 968 1415 telas
984 1394 1002 1424 ,
1038 1348 1347 1412 redordiri
1367 1363 1719 1435 ‘rursusque
1759 1360 1957 1413 texere
1984 1351 2206 1414 invenit
2230 1353 2297 1414 in
2334 1351 2459 1415 Ceo
2491 1353 2732 1430 mulier,

515 1450 842 1536 Pamphila
872 1448 1248 1535 Latoifllia.
1293 1456 1364 1510 at
1390 1447 1791 1512 Aristoteles
1829 1448 1898 1511 in
1940 1447 2227 1512 historia
2261 1449 2658 1513 animalium
2682 1473 2730 1523 v,

515 1548 592 1613 19
628 1569 692 1632 p.
717 1545 857 1620 551,
885 1545 961 1608 16
1002 1544 1238 1628 Πρώτη
1289 1545 1363 1609 Δὲ
1404 1546 1651 1619 Aer-era·
1698 1547 1927 1622 Ῡφῆκαι
1970 1546 2083 1630 (τὰ
2132 1547 2484 1631 ΒοΜΒῨκιΔ)
2527 1548 2605 1612 ἐκ
2638 1547 2727 1634 Κῷ

509 1645 810 1718 flammina
841 1641 1111 1705 Πλᾶτεω
1157 1643 1339 1727 (sive
1369 1643 1667 1728 Aaro'oov)
1712 1644 2014 1728 θγΓέιτΗρ.
2058 1646 2182 1709 sed
2221 1646 2290 1708 in
2314 1646 2559 1711 altero
2591 1668 2728 1711 con·
2794 1719 2795 1734 χ

508 1744 764 1807 iectura
791 1739 1242 1805 Pellisserium
1270 1740 1541 1805 fefellit:
1570 1762 1724 1805 nam
1752 1742 1821 1805 in
1843 1741 2159 1807 Lucretio
2188 1750 2461 1807 tantum
2495 1765 2542 1807 a
2567 1744 2727 1808 litte·
2794 1739 2795 1742 '

509 1861 735 1905 rarum
779 1839 1095 1903 ductibus
1136 1839 1460 1905 recedere
1502 1861 1641 1904 non
1671 1840 1829 1903 licet
1855 1841 1923 1904 in
1950 1841 2247 1926 propriis
2273 1841 2391 1905 vel
2424 1841 2727 1914 Graecis,

507 1947 586 2004 ut
613 1949 793 2025 atque
834 1937 1131 2001 alidensia
1169 1945 1467 2002 mutetur
1510 1939 1579 2002 in
1619 1963 1695 2002 ac
1723 1939 2066 2003 Melitensia
2082 1987 2096 2000 .
2139 1940 2375 2024 itaque
2421 1941 2727 2025 quoniam

507 2058 729 2124 neque
758 2037 1076 2102 Alidensia
1103 2057 1321 2121 neque
1352 2038 1663 2101 Midea-sia
1689 2038 1835 2101 noti
1865 2038 2255 2122 cuiusquam
2286 2039 2538 2122 oppidi
2569 2040 2723 2103 simi-

506 2135 849 2203 litudinem
880 2133 1185 2198 referunt
1222 2134 1411 2217 (nam
1442 2135 1689 2199 Milesia
1715 2134 1966 2219 pedum
1992 2135 2103 2198 lex
2130 2136 2474 2220 respuit),
2524 2144 2721 2222 temp·

507 2245 725 2301 temus
765 2233 1100 2299 lenissime
1145 2245 1324 2320 atque
1376 2254 1420 2295 A
1436 2255 1475 2295 1.
1492 2256 1515 2296 1
1530 2256 1574 2295 n
1590 2255 1628 2295 E
1642 2255 1687 2296 u
1702 2255 1735 2297 s
1751 2256 1774 2296 1
1788 2254 1833 2295 A
1851 2257 1867 2308 ς
1922 2254 2325 2318 quamquam
2379 2233 2720 2298 fatendum

507 2343 612 2400 est
652 2334 762 2398 hic
802 2331 980 2395 idem
1022 2331 1220 2396 nobis
1259 2329 1447 2415 quod
1487 2331 1691 2415 paulo
1738 2339 1894 2395 ante
1928 2331 2085 2394 1127
2114 2331 2185 2394 in
2213 2331 2563 2396 thalassina
2587 2344 2719 2397 veste

503 2456 634 2499 usu
672 2431 901 2496 venire
919 2477 936 2506 ‚
975 2436 1053 2493 ut
1081 2428 1565 2493 vocabulorum
1597 2430 1921 2515 originem
1952 2435 2018 2493 et
2045 2427 2332 2493 formam
2363 2429 2720 2494 ostendere

503 2532 875 2619 possimus,
911 2520 1063 2613 ipsa
1105 2549 1270 2592 vero
1311 2528 1680 2604 vocabula,
1721 2536 1792 2593 et
1835 2549 1954 2593 eae
1992 2550 2104 2593 res
2135 2529 2384 2613 quibus
2413 2530 2718 2615 imposita

503 2633 672 2710 sint,
701 2631 770 2693 in
800 2628 1249 2713 cognitionem
1289 2634 1594 2692 nostram
1638 2649 1776 2692 non
1821 2627 2103 2692 cadant.
2146 2648 2301 2690 nam
2333 2627 2715 2712 ἅλιπὸρφγρα

413 2732 416 2735 ’
504 2729 798 2792 &Alban-ra
822 2727 1090 2810 ᾸλογΡΓι-ἰ
1114 2726 1424 2791 novimus
1445 2774 1460 2800 ‚
1477 2726 1640 2789 item
1661 2724 2032 2799 Δεγεοποιὸκ
2058 2733 2128 2790 et
2149 2727 2546 2797 Δεγεοποιίακ
2562 2751 2575 2762 ·
2604 2726 2712 2788 ἃλι-

503 2825 709 2898 Aestus
751 2824 1157 2888 tinctoribus
1198 2832 1267 2888 et
1312 2823 1690 2888 delicatulis
1733 2845 1930 2908 quam
1971 2823 2422 2908 scriptoribus
2463 2824 2713 2888 tritiora

502 2921 714 2987 fuisse
751 2920 1123 2985 mirandum
1172 2943 1310 2985 non
1354 2930 1462 2986 est
1484 2971 1498 2985 .
1545 2930 1843 2987 ceterum
1870 2923 2263 2987 thala-wicum
2291 2923 2562 2987 color-mn
2588 2921 2710 3008 pal-

503 3021 678 3097 lioli,
708 3018 927 3083 forma
964 3018 1279 3083 vocabuli
1323 3041 1365 3083 a
1395 3018 1673 3084 Graecis
1693 3068 1707 3094 ‚
1753 3028 2074 3105 quantum
2117 3020 2255 3084 scio
2274 3067 2291 3095 ‚
2331 3042 2478 3084 non
2520 3019 2711 3105 magis
2790 3052 2791 3069 κ

503 3126 830 3205 usurpata
847 3164 862 3192 ‚
891 3116 1344 3203 ferrugineum
1374 3116 1548 3181 dixit
1574 3117 1858 3181 Plautus
1884 3118 1956 3181 in
1982 3118 2198 3182 Milite
2226 3141 2316 3193 ιν,
2333 3119 2394 3197 4,
2413 3118 2498 3182 43
2520 3167 2535 3180 .

675 3217 852 3281 1131.
880 3215 1196 3278 ExnmA
1239 3237 1496 3279 vasi-i:
1539 3237 1634 3278 ΕΤ
1674 3237 1923 3278 vrc'ru
1968 3236 2414 3291 coNv1V1A,
2463 3238 2710 3288 mum,

503 3316 612 3379 Po
635 3335 835 3377 cuna
881 3334 1229 3388 cannen,
1272 3334 1744 3387 UNGUENTA‚
1793 3334 2206 3391 conon-An,
2251 3336 2547 3386 snam,
2589 3336 2707 3377 PA-

503 3432 823 3475 RANTUR
842 3456 857 3472 .
889 3408 1252 3473 Corrector
1283 3411 1559 3495 oblongi
1589 3412 1890 3489 convivia,
1921 3412 2052 3474 ludi
2069 3459 2083 3485 ‚
2112 3411 2344 3494 itaque
2375 3420 2449 3475 et
2478 3412 2625 3476 Itali
2651 3419 2705 3475 et

502 3510 656 3575 libri
682 3509 1024 3594 impressi,
1048 3507 1345 3572 absurde
1366 3509 1438 3571 in
1460 3517 1794 3593 apparatu
1817 3508 2139 3571 convivii.
2165 3509 2598 3574 scribendum
2620 3520 2706 3574 est

503 3633 597 3674 ιγ
617 3631 815 3673 omn
835 3657 849 3671 .
891 3606 1027 3671 hoc
1054 3607 1124 3670 in
1152 3629 1212 3680 v,
1232 3605 1353 3671 295
1386 3607 1712 3691 scriptum
1741 3613 1844 3669 est
1872 3607 2081 3693 lyr-lini
2098 3654 2111 3669 .

671 3707 847 3771 1137.
878 3728 962 3769 ru
1005 3728 1166 3769 ΑΜΒ
1183 3728 1207 3768 1
1227 3727 1378 3782 Quo
1398 3754 1413 3768 .
1444 3705 1549 3769 Ita
1565 3751 1580 3779 ‚
1610 3705 1740 3768 nisi
1761 3703 1960 3768 fallor
1978 3752 1993 3779 ,
2026 3705 2236 3789 prima
2259 3724 2467 3767 manu
2490 3705 2705 3770 oblon-

500 3826 627 3889 gus
645 3852 662 3881 ,
693 3825 734 3868 a
763 3812 1152 3870 correctore
1179 3806 1246 3867 in
1274 3826 1433 3867 ΑΜΒ
1453 3826 1477 3866 1
1495 3824 1685 3866 ouo:
1717 3802 2089 3886 quadratus
2118 3805 2185 3866 in
2214 3803 2453 3866 ambico
2474 3852 2489 3866 .

670 3903 847 3965 1141.
893 3924 1104 3966 MALE
1150 3923 1364 3965 HAEC
1385 3949 1399 3962 .
1444 3899 1772 3964 Marullus
1801 3921 2030 3962 MALA
2057 3900 2238 3964 haec.

673 3998 847 4063 1145.
881 4022 1351 4075 CAVEREQUE
1382 4022 1479 4062 NE
1526 4019 2053 4063 munnulus
2074 4046 2088 4061 .
2116 3995 2513 4076 Quadratus
2533 4019 2702 4083 neque

497 4121 625 4185 pro
656 4121 732 4161 ne
749 4147 764 4161 .
791 4096 1120 4162 Marullus
1149 4121 1227 4162 ne
1253 4121 1330 4161 1L
1347 4121 1385 4160 L
1401 4121 1426 4160 1
1445 4120 1480 4161 c
1499 4120 1522 4160 1
1538 4119 1677 4161 Am
1696 4119 1728 4160 s
1745 4144 1760 4171 ‚
1789 4096 2135 4159 verissime
2155 4145 2168 4158 .

672 4197 846 4260 1151.
900 4195 1012 4260 ΕΤ
1068 4217 1442 4260 PRAETER
1498 4216 1806 4259 Ml'rtras
1860 4216 2104 4257 ANIMI
2160 4214 2400 4256 vl'r1A
2464 4214 2695 4257 omnm

500 4318 808 4359 smmum
838 4343 854 4370 ‚
899 4294 1011 4359 Ur
1058 4315 1207 4370 om:
1254 4315 1653 4357 CORPORIS
1699 4316 1898 4357 smu-
1941 4313 2123 4355 Ems
2169 4311 2387 4366 QUAM
2432 4297 2693 4354 Fri-:ns

498 4415 592 4456 ac
637 4418 718 4459 v1
735 4417 768 4457 s
785 4441 798 4456 .
843 4393 923 4456 In
953 4395 1232 4479 primum
1273 4392 1596 4458 adverbio
1615 4443 1632 4469 ,
1674 4413 1807 4481 quo
1837 4391 2092 4476 primffl
2136 4387 2422 4455 cavendi
2465 4388 2693 4476 gradus
