2840 5008
519 389 656 458 los
828 367 835 368 *
1586 389 1647 458 11

504 563 872 626 manticulor
884 611 903 642 ,
927 560 1302 647 regu-eamme·
1329 611 1342 636 ‚
1368 561 1550 632 idem
1575 585 1612 628 e
1636 563 1891 651 Cyrillo
1921 563 2199 648 πειράτω
2225 614 2238 639 ,
2268 577 2483 652 tempto
2503 615 2522 646 ‚
2549 590 2724 631 man-

505 662 676 726 culor
704 659 934 744 (debet
960 663 1187 724 autem
1219 680 1368 724 esse
1396 662 1783 746 manticulor)
1803 686 1816 725 ε
1838 663 2069 748 itaque
2089 662 2336 727 Festus
2356 685 2423 748 p.
2447 664 2563 728 133
2571 676 2724 750 poe·-

502 771 601 824 tae
627 758 845 843 inquit
859 781 984 844 pro
1013 759 1214 822 dolose
1242 759 1393 844 quid
1417 761 1652 844 ayendo
1690 763 1792 824 usi
1829 773 1970 824 sunt
2009 784 2080 823 eo
2116 762 2294 826 verbo
2326 811 2339 825 .
2382 769 2453 826 et
2492 784 2722 847 quam-

503 878 701 943 quam
733 856 875 921 scio
905 856 974 919 in
986 855 1343 941 ‘glossariis
1366 856 1533 920 Maii
1551 904 1568 932 ‚
1589 879 1763 943 quae
1786 858 2034 922 suntin
2057 865 2243 923 tomo
2265 867 2464 923 sexto
2490 868 2722 924 aucto·
2743 895 2756 904 ·

498 977 647 1021 rum
688 954 1119 1018 classicorum
1142 1001 1158 1029 ,
1198 975 1264 1039 p.
1288 954 1410 1017 533
1442 954 1565 1019 566
1589 958 1994 1022 manticulare
2028 955 2234 1040 paulo
2273 958 2592 1043 pinguius
2629 959 2722 1022 ita

500 1053 749 1140 exponi
776 1058 855 1115 ut
884 1051 1147 1117 dicatur
1178 1072 1328 1116 esse
1339 1052 1657 1139 fraudare
1695 1055 1792 1117 vel
1808 1054 2043 1141 furare
2078 1055 2175 1117 vel
2191 1053 2370 1140 furto
2411 1055 2717 1139 decipere,

497 1153 659 1217 item
698 1152 769 1215 in
811 1150 1047 1216 eodem
1083 1150 1199 1215 illo
1241 1150 1423 1236 apud
1471 1152 1862 1217 Labbaeum
1901 1152 2318 1216 onomastico
2357 1154 2718 1216 manticula-

496 1253 630 1314 rius
655 1299 673 1330 ,
705 1248 978 1313 κλέπτης
1016 1298 1029 1322 ,
1077 1270 1275 1333 quem
1318 1248 1684 1314 admodum
1724 1250 1966 1315 Festus
2012 1271 2283 1335 quoque
2324 1251 2718 1313 manticulari

498 1350 848 1413 dicebantur
874 1347 1095 1432 inquit
1123 1348 1230 1433 qui
1242 1347 1517 1434 furandi
1530 1350 1738 1434 qratia
1759 1351 2123 1413 manticulas
2146 1349 2544 1412 attrectabant
2568 1396 2587 1427 ,
2622 1348 2715 1410 ni-

494 1447 632 1512 hilo
663 1446 879 1509 minus
907 1446 1041 1509 hoc
1074 1445 1474 1509 vocabulum
1505 1467 1546 1508 a
1576 1445 1904 1531 dignitate
1945 1446 2147 1509 huius
2187 1447 2521 1530 poematis
2561 1445 2712 1509 alie·
2813 1477 2814 1482 ¹

493 1567 653 1608 num
680 1542 897 1607 videri
922 1563 1063 1606 non
1093 1542 1299 1608 debet
1320 1591 1336 1618 ‚
1368 1564 1517 1608 cum
1545 1544 1789 1608 Festus
1833 1566 1913 1609 eo
1944 1544 2307 1608 Pacuvium
2345 1545 2415 1607 in
2446 1550 2713 1629 tragoe-

497 1642 624 1706 diis
653 1663 845 1705 usum
877 1662 1026 1705 esse
1053 1647 1378 1717 testetur3
1403 1643 1593 1705 cuius
1624 1642 1759 1705 duo
1784 1663 2021 1716 versus
2043 1640 2339 1706 schedae
2359 1641 2713 1725 Pomponii

494 1740 688 1804 Laeti
715 1760 854 1801 non
883 1739 1046 1803 satis
1069 1739 1369 1823 integros
1407 1737 1731 1803 exhibent
1757 1787 1772 1814 ‚
1810 1737 1944 1803 duo
1976 1739 2224 1803 nullam
2249 1738 2710 1803 difficultatem

494 1837 750 1902 habent
771 1883 787 1911 ,
820 1858 992 1921 quos
1012 1836 1268 1901 subieci
1300 1885 1314 1898 .
1352 1838 1461 1900 Ad
1483 1838 2004 1901 manticulandum
2033 1848 2167 1901 astu
2193 1838 2550 1922 a99reditur
2568 1863 2590 1899 .·
2607 1839 2712 1899 scit
2813 1841 2814 1920 ζ

495 1937 653 1998 enim
682 1934 834 2020 quid
846 1934 1259 2020 promeruerit
1294 1982 1306 1995 .
1350 1934 1699 2019 qurediar
1726 1945 1860 1998 astu
1901 1958 2032 1998 rem
2072 1934 2407 2018 (schedae
2435 1934 2675 2020 reyem)
2692 1958 2709 1994 .·
2813 1941 2814 1978 ἒ

490 2032 1013 2097 manticulandum
1041 2042 1125 2096 est
1149 2032 1300 2095 mihi
1317 2081 1330 2095 .
2813 2029 2814 2058 ¹

658 2130 797 2194 553.
842 2150 1268 2193 rnANs‘i-RA
1298 2174 1314 2204 ‚
1361 2151 1737 2194 CAvnRNA
1762 2177 1778 2204 ‚
1806 2130 2269 2193 ANTEMNAS
2303 2152 2704 2204 simonem.

490 2228 882 2309 Quadratus
900 2251 1179 2312 pras-em:
1204 2233 1551 2307 corrector
1583 2227 1854 2311 oblongi
1872 2273 1888 2301 ,
1905 2224 2201 2290 fortasse
2228 2247 2369 2289 non
2394 2227 2508 2291 ille
2538 2227 2704 2290 anti-
2813 2243 2814 2250 ¹

491 2328 849 2413 quissimus
872 2373 888 2401 ,
919 2346 1243 2388 PRORAM
1280 2370 1295 2386 .
1329 2319 1514 2408 apud
1544 2322 1830 2386 Nonium
1864 2346 1928 2407 p.
1953 2323 2093 2400 200,
2113 2324 2193 2388 33
2226 2325 2296 2387 in
2315 2346 2521 2389 versu
2542 2325 2703 2389 Attii

388 2435 393 2440 ’
475 2428 721 2512 prorim
751 2427 892 2489 sive
909 2446 1195 2510 prorem.
1221 2422 1292 2484 in
1318 2422 1450 2485 fine
1479 2442 1716 2485 versus
1748 2420 1993 2506 prioris
2016 2430 2366 2486 corrector
2389 2422 2700 2508 quadrati

487 2522 1094 2606 cavernaS,inepte,
1118 2520 1314 2605 quasi
1358 2519 1508 2605 quis
1553 2526 1671 2583 aut
1714 2519 2041 2584 foramina
2083 2529 2319 2585 natare
2366 2521 2552 2585 dicat
2590 2531 2697 2583 aut

487 2618 885 2687 curvaturas
916 2626 1290 2685 costarum:
1312 2638 1466 2681 nam
1498 2610 1683 2702 quod
1713 2616 1923 2682 habet
1943 2616 2222 2682 Servius
2250 2617 2341 2683 ad
2361 2618 2696 2683 Aenei‘dos

487 2744 556 2795 11,
581 2720 657 2783 19
675 2767 690 2793 ,
713 2720 824 2782 alii
846 2720 1047 2805 fustes
1087 2740 1298 2780 curvos
1339 2717 1588 2780 navium
1602 2763 1620 2794 ,
1643 2715 1858 2801 quibu-s
1885 2717 2250 2780 extrinsecus
2276 2717 2520 2781 tabulae
2550 2716 2710 2804 adfie

479 2828 708 2903 quntzcr
722 2864 739 2895 ,
764 2839 1055 2880 cavernas
1084 2815 1474 2900 appellarunt
1491 2862 1509 2893 ,
1539 2811 1612 2876 id
1639 2812 1738 2875 ita
1766 2818 1841 2873 ut
1867 2810 2072 2876 modo
2106 2811 2410 2877 dicebam
2441 2812 2691 2877 intelle-

485 2912 778 3002 gendum
810 2919 913 2974 est
944 2961 957 2974 .
997 2912 1333 2976 Antonius
1363 2910 1564 2974 Marii
1607 2918 1676 2974 et
1702 2909 2032 2974 Marullus
2064 2911 2377 2989 carinam,
2400 2910 2560 2974 olim
2583 2911 2688 2974 im-

484 3010 703 3098 pressi
732 3011 978 3074 carinas·
1001 3059 1014 3072 .
1042 3009 1405 3073 Lambinus
1436 3008 1782 3071 verissime
1814 3029 1963 3071 eun
1980 3031 2188 3076 Enna
2214 3056 2230 3084 ,
2263 3016 2343 3072 ut
2369 3010 2442 3071 in
2471 3031 2559 3084 ιν,
2577 3007 2688 3072 439

484 3121 541 3175 et
565 3121 731 3175 recta
757 3132 1013 3194 superne
1035 3109 1310 3193 quberna
1329 3156 1342 3169 .

649 3207 1318 3272 555.121,1J11AN11A
1347 3210 1775 3269 Ριλυετηᾼ
1799 3254 1812 3267 .
1857 3205 1968 3268 Sic
1999 3205 2368 3290 oblongus:
2410 3204 2686 3290 quadra-

354 3350 359 3355 *
480 3313 593 3368 tus
623 3305 766 3367 sine
794 3311 959 3367 nota
975 3305 1262 3388 plaustra
1278 3353 1291 3367 .
1323 3302 1653 3367 Marullus
1682 3326 1727 3365 A
1742 3327 1780 3366 P
1797 3326 1835 3365 L
1851 3324 1892 3366 u
1905 3326 1938 3366 s
1952 3327 1990 3365 'r
2009 3326 2107 3366 ΒΑ
2126 3353 2139 3366 .

618 3400 789 3466 ’559.
820 3423 1163 3466 PLAcnn
1203 3423 1608 3465 FELLAcm
1649 3424 1894 3466 rou-ri
1937 3449 1950 3463 .
1995 3401 2182 3466 Haec
2211 3402 2424 3466 verba
2465 3449 2481 3476 ‚
2519 3421 2684 3485 quae

480 3506 837 3566 recurrunt
863 3500 931 3563 in
960 3501 1205 3575 v‚1004
1237 3548 1253 3576 ,
1299 3502 1705 3584 interpretes
1735 3499 2017 3585 Vergilii
2045 3500 2479 3564 Veronenses
2510 3497 2685 3562 exhi-

478 3601 645 3665 bent
674 3597 764 3662 ad
791 3598 1131 3663 Aenei'dos
1163 3623 1231 3675 11,
1252 3601 1333 3663 90
1373 3623 1389 3674 3
1435 3599 1551 3664 ubi
1582 3619 1717 3683 quo
1747 3599 1893 3662 iure
1922 3597 2255 3663 Henricus
2283 3598 2540 3662 Keilius
2565 3597 2684 3679 po'-

479 3700 614 3764 tius
637 3699 718 3762 N
712 3721 777 3761 ec
786 3709 1031 3782 poterat
1056 3693 1422 3785 quemquam
1451 3696 1796 3761 addiderit
1827 3716 2022 3780 quam
2053 3696 2326 3760 Subdola
2349 3690 2487 3759 cum
2506 3694 2682 3772 ridet,

379 3864 383 3871 ,
476 3796 705 3859 'dicere
737 3817 874 3858 non
905 3818 1177 3881 possum
1219 3846 1231 3859 .
1279 3804 1517 3861 nostro
1549 3818 1750 3860 versu
1779 3794 2245 3881 Philargyrius
2276 3817 2439 3858 usus
2470 3801 2574 3857 est
2603 3791 2684 3856 ad

364 3930 377 3947 ι
479 3912 704 3977 georg.
736 3915 823 3967 iv,
839 3892 961 3954 443
986 3917 1001 3967 ς
1034 3894 1215 3978 apud
1247 3915 1442 3979 quem
1459 3896 1705 3979 penitus
1731 3892 1976 3978 legitur
2004 3915 2133 3978 pro
2154 3894 2419 3978 placidi.

646 3988 787 4052 560.
819 4010 851 4051 s
866 4012 886 4051 1
918 4012 941 4052 1
958 4013 1000 4051 N
1013 4013 1050 4052 r
1068 4013 1090 4053 1
1105 4014 1149 4053 N
1166 4014 1187 4053 1
1206 4012 1299 4053 ΤΑ
1319 4041 1332 4054 .
1359 3991 1721 4055 Corrector
1746 3988 2058 4074 quadrati
2083 3998 2151 4053 et
2171 3988 2480 4074 impressi
2498 3989 2551 4052 si
2572 4011 2608 4051 F
2623 4010 2645 4050 1
2660 4022 2683 4034 -

368 4110 373 4115 “
479 4106 667 4151 MTA
705 4134 718 4146 .
763 4086 833 4148 in
861 4087 1188 4170 proximis
1221 4110 1366 4151 eum
1396 4110 1663 4152 versum
1698 4088 1886 4152 cuius
1915 4087 2170 4151 initium
2202 4096 2304 4151 est
2333 4089 2472 4151 Nec
2499 4110 2682 4149 reme·

449 4172 714 4249 ‘morari
755 4183 890 4268 (sic
937 4186 1107 4249 enim
1152 4187 1246 4250 ibi
1292 4188 1615 4271 scriptum
1662 4189 1805 4271 est)
1862 4185 2233 4271 quadratus
2282 4187 2493 4250 habet
2536 4192 2683 4249 ante

478 4284 836 4367 Numquam
878 4283 944 4343 in
988 4284 1350 4347 concilium:
1391 4283 1514 4348 sed
1547 4284 1881 4369 oblongus
1902 4331 1916 4359 ,
1948 4286 2187 4368 nequis
2216 4284 2680 4366 Havercampo

477 4377 714 4441 credat
736 4424 751 4450 ‚
782 4399 915 4440 non
944 4388 1218 4462 peccat.
