2840 5008
441 380 525 447 12
537 381 577 447 4
1496 383 1624 450 1111

515 553 715 644 Nunc
744 574 867 639 age
886 603 901 630 ‚
925 575 1044 617 cur
1073 555 1253 619 ultra
1282 557 1624 642 speculum
1654 556 1964 623 videatur
1992 561 2209 647 imago

291 686 389 732 270
434 668 739 755 percipe:
763 689 915 731 nam
947 677 1127 732 certe
1156 671 1422 755 penitus
1453 680 1709 736 semota
1737 672 2005 738 videtur

289 800 389 847 290
433 784 561 848 illis
590 805 762 868 quae
790 782 1086 847 reddunt
1114 787 1538 871 speculorum
1569 808 1652 850 ex
1681 808 1976 873 aequore
2007 789 2246 853 visum.

289 915 385 961 271
434 896 619 982 quod
648 919 859 983 genus
887 898 1032 975 illa,
1054 891 1219 963 foris
1252 921 1424 984 quae
1453 909 1646 981 sunt,
1669 902 1839 966 bene
1865 904 2426 989 transpiciuntur‚

431 1013 630 1076 ianua
659 1035 806 1077 cum
835 1034 955 1101 per
988 1035 1060 1077 se
1090 1022 1546 1101 transpectum
1577 1017 1855 1101 praebet
1882 1027 2215 1104 apertum,

432 1128 638 1192 multa
662 1127 959 1212 facitque
987 1127 1157 1192 foris
1184 1151 1269 1192 ex
1298 1128 1578 1194 aedibus
1608 1138 1685 1193 ut
1714 1129 2101 1196 videantur:

430 1245 489 1307 is
520 1265 787 1328 quoque
818 1244 989 1306 enim
1019 1242 1265 1329 duplici
1294 1243 1693 1329 geminoque
1722 1245 1800 1309 fit
1829 1251 1981 1309 aere
2011 1247 2222 1311 visus.

286 1374 386 1420 275
428 1357 680 1443 primus
712 1358 883 1421 enim
913 1358 1080 1423 citra
1108 1366 1340 1444 postes
1369 1366 1512 1422 tum
1541 1359 1833 1423 cernitur
1861 1365 1974 1423 aet
1993 1409 2009 1435 ‚

431 1469 591 1535 inde
616 1470 803 1536 fores
830 1472 1017 1559 ipsae
1049 1471 1288 1537 dextra
1316 1474 1638 1558 laevaque
1669 1454 1987 1538 secuntur
2004 1524 2019 1551 ‚

430 1596 589 1671 post
617 1587 908 1680 extraria
930 1586 1049 1650 lux
1079 1588 1310 1651 oculos
1338 1596 1684 1673 perterget
1713 1596 1780 1651 et
1808 1595 1921 1653 aer

430 1701 603 1765 alter
622 1750 637 1777 ‚
661 1709 729 1765 et
754 1697 866 1764 illa
883 1748 899 1777 ‚
919 1700 1084 1765 foris
1116 1724 1285 1786 quae
1316 1711 1508 1778 sunt,
1531 1703 1702 1767 bene
1733 1704 2281 1788 transpiciuntur.

434 1816 530 1879 sic
557 1816 672 1879 ubi
700 1836 773 1879 se
800 1816 1082 1903 primum
1111 1817 1362 1901 speculi
1391 1818 1674 1903 proiecit
1699 1818 1916 1904 imago
1935 1869 1950 1896 ‚

288 1947 387 1994 280
433 1929 591 1994 dum
620 1931 801 1995 venit
830 1930 920 1994 ad
947 1935 1217 1995 nostras
1246 1912 1424 1996 acies
1442 1982 1457 2009 ‚
1481 1931 1820 2019 protrudit
1850 1934 2121 2020 agitque

434 2052 590 2110 aera
621 2046 733 2131 qui
758 2047 933 2111 inter
962 2051 1035 2111 se
1054 2055 1416 2132 'cumquest
1446 2048 1814 2133 oculosque
1842 2048 2133 2124 locatuS‚

432 2169 501 2225 et
524 2161 686 2227 facit
711 2169 789 2225 ut
814 2161 1000 2247 prius
1030 2161 1211 2225 hunc
1241 2183 1500 2227 omnem
1530 2164 1780 2226 sentire
1809 2185 2129 2247 queamus

417 2271 628 2361 'quam
659 2277 1031 2362 speculum:
1059 2276 1182 2340 sed
1207 2278 1320 2341 ubi
1349 2275 1691 2361 speculum
1723 2299 1991 2363 quoque
2022 2280 2346 2343 sensimus
2376 2282 2639 2366 ipsum,

434 2392 750 2455 continuo
781 2412 821 2455 a
848 2390 1043 2454 nobis
1070 2391 1308 2454 iterum
1339 2412 1509 2475 quae
1538 2390 1750 2455 fertur
1778 2393 1995 2478 imago

286 2522 384 2569 285
428 2507 734 2593 pervenit
752 2556 766 2583 ,
791 2514 857 2570 et
884 2515 1159 2571 nostros
1189 2506 1422 2571 oculos
1450 2507 1698 2571 reiecta
1724 2509 1985 2584 revisit,
2083 2543 2092 2551 ·

431 2630 635 2708 atque
665 2623 860 2689 alium
888 2643 1050 2707 prae
1081 2614 1567 2709 sesspropellens
1601 2628 1757 2686 aera
1784 2623 2025 2700 volvit,

431 2746 501 2801 et
524 2737 685 2801 facit
712 2745 788 2800 ut
815 2737 1000 2822 prius
1028 2736 1208 2801 hunc
1239 2759 1437 2822 quam
1467 2758 1540 2801 se
1570 2736 1913 2802 videamus
1930 2780 1947 2815 -,
1970 2760 2187 2825 eoque

434 2851 689 2916 distare
717 2853 801 2916 ab
832 2852 1104 2938 speculo
1137 2859 1397 2916 tantum
1428 2861 1685 2917 semota
1712 2852 2002 2917 videtur.

433 2988 642 3052 quare
673 2966 868 3030 etiam
897 2974 1100 3051 atque
1132 2967 1326 3030 etiam
1359 2967 1620 3030 minime
1646 2969 1943 3031 mirarier
1973 2978 2077 3034 est
2104 2992 2257 3055 par,

285 3098 381 3145 291
431 3082 694 3146 aeribus
722 3081 893 3146 binis
924 3080 1236 3165 quoniam
1266 3103 1375 3144 res
1407 3081 1613 3145 confit
1639 3090 1953 3167 utraque.

430 3218 609 3261 nunc
640 3218 718 3260 ea
748 3218 918 3282 quae
947 3196 1142 3261 nobis
1172 3197 1612 3260 membrorum
1644 3196 1922 3262 dextera
1948 3220 2106 3284 pars
2137 3207 2268 3274 est,

430 3311 500 3375 in
527 3312 813 3397 speculis
841 3312 917 3375 fit
942 3319 1020 3375 ut
1045 3311 1114 3375 in
1140 3311 1332 3375 laeva
1346 3310 1668 3376 ·videatur
1699 3335 1777 3376 eo
1811 3312 1997 3398 quod

428 3426 766 3511 planitiem
796 3425 885 3490 ad
913 3427 1166 3512 speculi
1191 3428 1470 3490 veniens
1502 3450 1649 3491 cum
1680 3427 1957 3493 offendit
1984 3429 2199 3516 imago
2219 3479 2232 3505 ,

284 3559 382 3605 295
426 3564 566 3621 11011
596 3541 1008 3607 convertitur
1035 3541 1378 3605 incolumis
1398 3591 1414 3619 ,
1440 3542 1562 3606 sed
1592 3551 1778 3607 recta
1805 3535 2173 3609 retrorsum

431 3659 527 3722 sic
557 3657 822 3723 eliditur
840 3706 855 3733 ‚
877 3666 955 3723 ut
982 3657 1192 3742 siquis
1211 3707 1226 3732 ‚
1250 3658 1436 3744 prius
1466 3657 1655 3722 arida
1686 3681 1882 3744 quam
1914 3661 2002 3724 sit

431 3787 657 3837 cretea
682 3795 1005 3858 persona,
1031 3772 1286 3838 adlidat
1316 3774 1574 3860 pilaeve
1604 3775 1891 3847 trabive‚

431 3897 633 3972 atque
664 3910 744 3951 ea
772 3889 1090 3953 continuo
1121 3899 1371 3953 rectam
1403 3889 1461 3952 si
1489 3888 1712 3952 fronte
1741 3889 2018 3974 figuram

289 4020 387 4066 323
433 4011 659 4067 servet
688 4012 756 4068 et
785 4004 1009 4068 elisam
1037 4013 1220 4069 retro
1252 4003 1760 4088 sesecxprimat
1785 4004 1963 4090 ipsa.

437 4290 535 4337 270
572 4289 777 4335 remota
830 4281 850 4349 ΙΙ
905 4288 999 4334 271
1040 4300 1142 4351 que
1178 4300 1302 4355 vere
1356 4285 1374 4353 Η
1431 4290 1527 4336 277
1567 4292 1812 4354 perteget
1857 4286 1876 4353 ΙΙ
1924 4293 2020 4339 278
2059 4304 2157 4355 que
2196 4298 2320 4338 vere
2378 4285 2398 4351 Η
2448 4294 2547 4339 283
2587 4290 2696 4341 ὶιιε-·Ἰ

435 4365 680 4437 peculum
718 4365 738 4434 ΙΙ
775 4370 872 4418 284
910 4365 962 4416 in
1001 4381 1118 4417 eum
1156 4365 1174 4434 ΙΙ
1213 4372 1309 4418 323
1347 4365 1498 4419 lisam
