2840 5008
1187 400 1284 467 III
2203 401 2333 467 191
2401 429 2406 433 ·
2483 338 2509 361 ·

82 580 348 665 eaperqi
363 626 383 656 ‚
414 583 496 640 et
524 575 921 666 domefactam
950 577 1223 639 tellurem
1254 573 1440 660 apud
1467 573 1863 637 Petronium
1890 574 1973 637 99
2004 595 2045 637 a
2072 576 2341 654 domari,

83 685 160 741 ut
174 674 721 762 perterrefacere
750 694 790 735 a
818 675 1036 737 terreri
1077 721 1094 748 ‚
1137 675 1396 738 condoce
1405 672 1630 760 facere
1659 692 1701 734 a
1729 672 1943 736 doceri
1973 721 1992 752 ,
2038 696 2343 738 commone

68 776 298 863 facere
320 796 369 838 a
391 775 638 837 moneri
654 821 669 848 ‚
693 772 1071 860 allicefactas
1099 775 1185 837 ab
1218 774 1456 836 alliceri
1485 772 1627 835 sive
1656 771 1856 849 allici,
1876 770 1950 833 id
1982 779 2086 835 est
2116 792 2157 834 a
2183 794 2339 856 pas-

86 875 253 937 sivis
287 921 328 948 ‚.
351 893 511 935 non
539 892 579 934 a
606 871 865 934 neutris
914 919 925 932 .
976 870 1101 934 sed
1137 871 1296 934 valle
1307 869 1446 957 feci
1476 869 1807 932 Varronis
1838 867 2022 952 apud
2050 868 2343 933 Nonium

83 968 315 1058 p.217‚
336 970 428 1034 24
461 970 676 1056 magis
707 970 1022 1033 convenit
1052 990 1202 1033 cum
1242 970 1505 1033 vallessa
1529 1016 1547 1047 ‚
1578 969 1841 1053 perierit
1879 968 2072 1051 (nam
2098 968 2342 1032 vitiose

88 1070 274 1155 apud
306 1069 612 1132 Paulum
642 1066 1000 1132 diaconum
1027 1090 1093 1152 p.
1116 1068 1227 1132 161
1265 1068 1593 1155 scriptum
1623 1074 1728 1131 est
1755 1068 2052 1152 valleccit)
2082 1115 2099 1142 ‚
2141 1088 2343 1152 quam

88 1191 239 1233 cum
271 1169 566 1232 evallaro
584 1216 599 1242 ‚
623 1165 809 1251 quod
830 1166 1093 1230 Nonius
1122 1166 1386 1230 rettulit
1412 1164 1728 1250 p.102,1:
1755 1173 1822 1229 01
1852 1165 2123 1230 diversa
2152 1187 2342 1231 secu-

89 1277 200 1331 tus
232 1273 346 1330 est
379 1264 617 1343 Varro
653 1314 668 1339 ‚
713 1287 862 1328 cum
894 1265 1066 1329 dixit
1077 1264 1260 1352 serve
1271 1264 1476 1351 facito
1508 1271 1576 1327 et
1604 1271 1831 1327 tamen
1857 1264 1927 1327 in
1956 1285 2159 1328 versu
2188 1264 2342 1328 Fer-

88 1389 225 1429 vere
259 1366 510 1450 piratis
549 1365 894 1449 vastarique
935 1364 1140 1428 omnia
1186 1364 1416 1426 circum
1440 1410 1453 1423 .
1484 1383 1693 1446 porro
1740 1362 1830 1425 ad
1872 1362 2344 1446 explicandum

92 1487 235 1527 vace
245 1464 339 1552 fit
367 1461 569 1546 quod
587 1461 974 1547 Wagnerus
1003 1463 1073 1525 in
1102 1471 1287 1548 tomo
1318 1483 1365 1523 v
1393 1460 1677 1546 Vergilii
1705 1482 1929 1544 p.xxv
1958 1482 2045 1524 ex
2065 1461 2343 1526 Vatica-

92 1562 194 1625 nis
225 1559 522 1625 schedis
553 1568 892 1643 tamquam
922 1561 1272 1644 antiquum
1313 1564 1550 1622 enotat
1590 1607 1606 1634 ‚
1657 1558 1845 1622 Hoste
1882 1582 2093 1623 vacere
2139 1560 2347 1624 domos

96 1681 218 1743 pro
248 1683 491 1723 vacare
518 1707 537 1738 ,
575 1657 738 1722 mihi
764 1657 900 1721 fide
927 1679 1065 1721 non
1097 1658 1364 1743 dignius
1392 1656 1668 1721 videtur
1699 1677 1902 1740 quam
1931 1681 2068 1720 cam
2095 1681 2343 1721 evacue-

97 1760 175 1820 rit
203 1806 219 1835 ‚
252 1756 453 1842 quod
488 1776 617 1841 pro
649 1757 1032 1819 evacuaverit
1059 1756 1388 1841 scriptum
1415 1755 1549 1840 legi
1576 1755 1648 1817 in
1678 1755 1969 1839 epistula
1996 1757 2223 1840 priore
2256 1755 2344 1819 ad

103 1855 506 1919 Corinthios
539 1875 647 1929 xv,
665 1852 747 1917 24
779 1902 793 1916 .
839 1853 963 1928 sed
1006 1854 1325 1938 quoniam
1366 1852 1530 1915 mihi
1573 1851 1665 1916 ad
1706 1852 1834 1917 has
1877 1855 2346 1939 grammaticas

103 1955 552 2037 quaestiones
596 1952 1089 2016 excurrendum
1130 1951 1261 2015 fuit
1290 1999 1305 2025 ‚
1345 1971 1488 2013 non
1513 1950 1749 2043 inutile
1780 1951 1955 2015 duco
1990 1950 2075 2016 de
2104 1952 2348 2017 horum

102 2054 473 2117 verborum
521 2059 808 2115 accentu
847 2049 1151 2114 indicare
1186 2099 1201 2126 ,
1243 2070 1383 2112 non
1427 2069 1632 2134 posse
1677 2070 1759 2112 ea
1798 2050 2009 2134 magis
2053 2051 2346 2115 barbare

103 2149 398 2234 proferri
422 2171 632 2235 quam
656 2150 870 2233 siquis
891 2151 1104 2238 cdlefh«
1116 2149 1300 2213 dicat
1321 2154 1441 2211 aut
1462 2148 1664 2235 calefit*
1685 2154 1802 2210 aut
1819 2147 2106 2234 calefacis
2123 2198 2138 2225 ‚
2159 2149 2350 2234 quod

104 2250 318 2312 nostri
361 2249 682 2313 homines
726 2247 1028 2334 regulam
1071 2248 1236 2312 satis
1282 2246 1645 2330 ancipitem
1675 2267 1877 2310 caeco
1906 2247 2163 2332 impetu
2190 2269 2346 2331 pcr-

110 2346 245 2411 dite
272 2354 653 2433 sequentes
683 2347 910 2412 facere
940 2349 1163 2413 solent
1201 2394 1215 2411 .
1259 2345 1398 2410 hoc
1435 2344 1643 2409 modo
1676 2345 1790 2430 qui
1818 2344 2019 2408 veros
2048 2348 2347 2411 vocabu-

107 2444 319 2509 lorum
365 2467 586 2511 sonos
628 2453 1034 2531 pervertunt
1062 2493 1079 2521 ‚
1121 2446 1544 2510 Priscianum
1588 2451 1705 2508 aut
1750 2451 2187 2508 contemnunt
2231 2454 2348 2509 aut

107 2545 425 2629 ignorant
455 2546 550 2611 de
581 2545 687 2609 his
716 2545 943 2609 verbis
975 2546 1239 2608 curiose
1268 2543 1802 2628 praecipientem
1827 2563 1892 2625 p.
1911 2542 2034 2606 803
2057 2592 2071 2606 .
2105 2544 2178 2608 Si
2204 2568 2348 2608 vero

96 2641 266 2724 facio
292 2644 393 2707 vel
397 2645 502 2732 fio
533 2644 785 2727 inteyris
810 2643 1187 2706 manentibus
1223 2689 1238 2715 ‚
1280 2641 1502 2726 inquit
1519 2689 1537 2720 ‚
1569 2641 1746 2703 aliud
1769 2642 2017 2705 verbam
2043 2643 2349 2732 infinitum

115 2751 245 2802 ante
286 2764 362 2805 ea
406 2752 816 2825 componatur
841 2790 860 2822 ,
899 2764 1022 2805 non
1061 2742 1256 2805 solum
1295 2741 1764 2829 siqnificationes
1806 2751 1865 2804 et
1903 2742 2349 2826 coniuyationes

113 2836 372 2922 ivdeqras
400 2841 492 2903 eis
522 2862 833 2902 servamus
868 2887 886 2918 ‚
927 2839 1037 2902 ced
1061 2840 1241 2902 etiam
1271 2848 1551 2902 accentus
1579 2884 1596 2916 ,
1640 2849 1708 2901 ut
1735 2838 2034 2925 calefacio
2060 2840 2352 2927 calefacis

119 2936 395 3022 calefacit
420 2986 440 3018 ,
483 2938 787 3025 tepefa'cio
816 2937 1103 3024 tepefacis
1129 2937 1413 3024 tepefacit
1443 2962 1465 2999 .·
1512 2937 1579 2998 in
1604 2938 1874 3002 secanda
1902 2939 2061 3002 enim
2090 2949 2145 3002 et
2171 2940 2351 3002 tertia

107 3054 367 3115 persona
382 3037 810 3121 paenultima-s
835 3037 1109 3100 acuimus
1135 3083 1154 3115 ,
1189 3037 1465 3123 quamvis
1490 3036 1859 3100 mmt‘breves
1881 3083 1895 3096 .
1940 3037 2219 3100 similiter
2246 3059 2351 3100 ca-

120 3130 260 3216 lefio
289 3134 517 3222 calesis
545 3132 783 3220 calefit,
807 3133 1027 3221 tepefio
1056 3133 1274 3221 tepefic
1303 3132 1781 3222 tepefit‚finale3
1807 3144 2052 3197 servant
2073 3144 2354 3197 accentus

118 3227 180 3290 in
204 3234 474 3297 secunda
511 3243 572 3296 et
607 3233 785 3295 tertia
812 3255 1086 3316 persona
1125 3278 1141 3309 ‚
1186 3253 1335 3317 quos
1363 3230 1675 3293 habentia
1701 3230 2073 3315 simplicibus
2114 3277 2128 3291 .
2169 3231 2352 3295 1111110

119 3323 319 3410 igitur
346 3338 701 3394 auctorem
732 3330 847 3414 qui
875 3336 1199 3414 sequetur
1243 3377 1259 3404 ,
1304 3330 1364 3392 is
1390 3334 1576 3393 certe
1615 3349 1867 3392 meram
1910 3334 1980 3391 et
2006 3330 2354 3414 propriam

121 3422 501 3492 barbariem
532 3428 863 3513 deponet:
888 3429 1012 3492 sed
1034 3435 1303 3492 veteres
1332 3428 1429 3490 ita
1460 3426 1715 3509 dixisse
1730 3475 1750 3503 ‚
1773 3427 1991 3515 calesis
2013 3434 2084 3491 et
2106 3430 2351 3517 calefit,

124 3539 253 3584 non
286 3525 528 3590 credet
569 3527 684 3611 qui
724 3526 992 3613 linguae
1021 3526 1303 3596 Latinae
1331 3525 1835 3590 vicissitudines
1879 3526 2351 3591 considerave-

126 3617 210 3680 rit
225 3667 238 3680 .
256 3621 493 3709 itaque
527 3646 677 3688 cum
708 3625 797 3689 ad
818 3624 1149 3688 Prisciani
1176 3629 1469 3687 aetatem
1492 3630 1758 3708 partem
1780 3630 2005 3686 tamen
2026 3625 2172 3687 veri
2193 3646 2349 3709 per·
2411 3695 2414 3696 ⁷

127 3717 384 3784 venisse
404 3721 763 3806 probabile
787 3723 876 3786 sit
890 3771 909 3803 ,
932 3721 1096 3785 mihi
1114 3723 1281 3786 satis
1302 3729 1561 3786 certum
1576 3721 1852 3786 videtur
1866 3728 2135 3786 veteres
2150 3722 2352 3787 huius

129 3817 381 3893 generis
404 3821 638 3884 verbis
667 3820 774 3885 bis
806 3820 1180 3885 accinuisse
1198 3868 1214 3896 ‚
1237 3828 1315 3884 111
1346 3819 1652 3885 dicerent
1676 3821 1900 3910 ca'lefis
1924 3827 1993 3884 01
2012 3821 2323 3909 calefacit
2337 3873 2351 3886 .

130 3905 196 3969 in
213 3916 584 4003 participiis
606 3924 831 3983 tamen
848 3919 1031 3983 hunc
1051 3918 1387 4004 duplicem
1410 3926 1765 3984 accentum
1786 3919 2011 3984 locum
2032 3919 2354 3985 habuisse

131 4022 257 4069 non
283 4020 452 4094 puto
487 4040 501 4079 ε
543 4038 699 4081 113111
736 4038 960 4102 neque
1004 4037 1291 4103 usquam
1319 4018 1452 4104 legi
1478 4028 1850 4105 mansueque
1861 4019 2112 4106 factum
2139 4066 2156 4098 ,
2173 4018 2356 4106 serve

135 4098 522 4192 benefactum
540 4115 812 4203 ‚sactum
833 4139 944 4179 are
962 4164 981 4196 ,
1006 4123 1081 4179 et
1100 4136 1181 4180 ea
1203 4137 1379 4200 quae
1404 4115 1752 4180 distractis
1774 4117 2124 4182 vocabulis
2148 4117 2359 4180 scribi-

134 4216 262 4264 11011
287 4220 574 4289 possunt
604 4261 620 4288 ,
660 4213 884 4298 qualia
913 4219 1073 4277 sunt
1101 4261 1117 4289 ‚
1150 4213 1552 4300 inlabefacta-s
1576 4263 1595 4295 ,
1630 4214 2000 4301 labefactare
2014 4213 2351 4302 ‚friqefac-

137 4303 258 4361 tare
275 4348 293 4379 ‚
323 4325 461 4389 quo
486 4310 773 4376 Plautus
794 4312 902 4376 bis
944 4334 1109 4377 usus
1152 4320 1259 4376 est
1291 4360 1306 4386 ‚
1343 4312 1714 4399 calefactare
1740 4362 1758 4392 ,
1791 4313 1953 4382 item
1981 4311 2318 4399 patefactio
2335 4359 2352 4386 ‚
