2840 5008
1152 375 1249 481 iv
2181 415 2321 484 259

112 590 244 654 veri
283 588 551 664 docuit,
592 587 749 651 inde
790 586 911 651 722
945 587 1033 650 ad
1062 596 1286 652 motus
1318 587 1515 651 animi
1548 586 1992 672 explicandos
2023 590 2324 653 transiit.

110 688 207 751 his
226 686 349 751 826
372 686 704 750 absolutis
727 706 922 748 nemo
939 684 1257 772 profecto
1281 686 1666 759 miraretur,
1700 686 1757 749 si
1787 686 2012 750 statim
2045 708 2125 750 ea
2155 710 2326 772 quae

112 786 187 849 ab
230 784 452 846 animo
495 784 752 868 initium
795 804 1038 868 capere
1084 782 1319 858 docet,
1364 805 1703 870 gressum,
1748 785 2324 859 somnum,Vene-

111 902 271 954 rem,
313 882 686 946 subiceret.
728 902 908 944 nunc
947 901 1110 943 vero
1155 890 1310 943 ante
1344 902 1544 965 quam
1575 881 1664 944 ad
1690 881 1860 945 haec
1888 882 2010 946 877
2041 884 2322 949 acceda-

109 988 240 1055 tur,
269 979 402 1042 alia
433 1001 519 1042 ex
542 978 810 1043 diverso
835 999 1082 1064 genere
1109 979 1467 1043 interiecta
1490 987 1648 1043 sunt
1663 1027 1679 1054 ‚
1713 1000 1886 1066 quae
1907 1001 2048 1044 non
2069 981 2159 1045 ad
2183 986 2322 1046 ani-

110 1098 277 1140 mum
320 1076 447 1140 sed
491 1074 579 1139 ad
623 1097 862 1139 sensus
907 1082 976 1139 et
1020 1074 1108 1139 ad
1154 1096 1404 1160 corpus
1433 1078 1810 1161 pertinent:
1854 1100 2007 1142 nam
2036 1081 2321 1165 primum

109 1172 449 1238 822—857
508 1195 745 1238 sensus
789 1195 929 1237 non
973 1195 1121 1238 esse
1164 1174 1477 1238 utilitatis
1524 1196 1726 1239 causa
1771 1184 2038 1241 creatos
2085 1178 2321 1255 docet,

112 1270 343 1335 deinde
372 1271 707 1336 858-876
737 1271 1109 1335 animantes
1137 1271 1293 1336 ideo
1327 1283 1570 1356 sponte
1602 1274 1822 1338 cibum
1853 1297 2180 1360 quaerere
2211 1299 2319 1341 os-

109 1370 315 1434 tendit
330 1416 347 1446 ,
373 1368 563 1454 quod
593 1390 841 1453 corpus
863 1369 1089 1433 multis
1112 1370 1423 1454 partibus
1448 1369 1872 1436 effluentibus
1895 1372 2320 1439 debilitatum

110 1470 274 1534 vires
302 1468 607 1553 recipere
650 1466 931 1532 debeat.
955 1467 1217 1532 'horum
1245 1467 1480 1553 priora
1510 1490 1709 1553 quam
1739 1471 1979 1535 similia
2009 1472 2154 1537 aliis
2185 1474 2323 1538 sint

110 1590 247 1631 cum
274 1573 602 1631 contextu
632 1566 939 1630 carminis
967 1587 1107 1629 non
1136 1567 1358 1650 aptius
1397 1568 1805 1644 coniunctis,
1848 1570 1938 1632 ad
1980 1569 2218 1635 librum
2250 1596 2322 1648 11,

117 1667 220 1730 165
244 1665 649 1752 significavi:
682 1665 965 1729 alterum
986 1672 1232 1750 poetae
1254 1672 1396 1729 tum
1424 1667 1495 1730 in
1514 1675 1805 1758 mentem
1826 1668 2093 1732 venisse
2114 1671 2321 1734 mani-

110 1763 340 1829 festum
385 1772 527 1838 est,
570 1785 718 1828 eum
759 1783 839 1826 ea
877 1763 1263 1846 scripsisset
1300 1764 1544 1848 quibus
1582 1765 1926 1849 quomodo
1959 1767 2150 1831 cibus
2181 1769 2319 1831 ani-

112 1883 271 1924 mam
309 1860 637 1925 adfieeret
678 1860 992 1945 exposuit
1036 1859 1247 1925 954—
1270 1860 1425 1924 961.
1471 1870 1760 1946 utraque
1801 1863 1886 1927 ab
1927 1876 2322 1949 argumento

109 1958 249 2024 libri
275 1960 501 2044 quarti
534 1958 749 2022 aliena
776 1979 913 2021 non
943 1964 1134 2038 sunt,
1165 1957 1290 2022 sed
1318 1980 1444 2022 nec
1475 1981 1597 2023 suo
1628 1959 1782 2023 loco
1813 1962 2071 2043 posita,
2101 1984 2322 2048 neque

110 2057 196 2120 ita
223 2057 473 2142 scripta
501 2064 582 2119 ut
610 2056 727 2119 ulli
757 2056 1067 2121 carminis
1096 2057 1277 2140 parti
1306 2064 1494 2120 recte
1523 2058 1728 2120 inseri
1755 2058 2054 2140 possint.
2090 2063 2323 2147 itaque

108 2153 264 2219 haec
307 2175 581 2240 quoque
622 2154 751 2218 alio
794 2161 1099 2238 tempore
1141 2154 1520 2238 composita
1560 2161 1720 2217 sunt
1748 2203 1766 2233 ,
1810 2176 1957 2218 cum
1995 2164 2202 2242 poeta
2244 2181 2324 2223 ea

110 2273 266 2336 quae
291 2253 423 2316 iam
451 2252 836 2336 perscripta
867 2258 1095 2315 essent
1122 2272 1260 2314 non
1289 2251 1579 2315 haberet
1605 2252 1673 2315 in
1702 2253 2010 2317 manibus
2030 2304 2044 2318 .

260 2350 397 2414 825.
438 2351 966 2414 Pnosmcmzss
1012 2371 1106 2411 ur
1150 2370 1581 2424 Possumus,
1626 2371 1721 2413 ΕΤ
1764 2372 1863 2412 Uzr
1907 2373 2320 2417 Paomzmu:

115 2470 240 2512 v1A
289 2448 725 2513 Paocnnos
785 2468 1120 2512 PAssus.
1176 2446 1384 2512 Immo
1445 2449 1680 2534 lumina
1722 2450 2039 2514 oculorum
2079 2462 2321 2533 ereata,

114 2547 448 2632 Pro-spicere
492 2557 563 2609 ut
601 2566 1045 2610 POSSEMU82
1089 2545 1187 2607 ita
1218 2546 1391 2609 enim
1420 2567 1688 2629 semper
1715 2546 2072 2611 Lucretius
2091 2595 2106 2622 ,
2144 2557 2223 2611 ut
2251 2549 2321 2612 in

116 2646 420 2727 proximis
450 2643 777 2710 Bracchia
815 2654 940 2706 tum
969 2665 1164 2726 porro
1204 2644 1426 2707 validis
1454 2667 1529 2707 ex
1557 2654 1703 2729 apta
1731 2645 1972 2709 lacertis
2003 2647 2158 2725 Esse
2184 2671 2318 2712 ma·

110 2765 320 2828 masque
358 2744 539 2808 datas
554 2789 570 2816 ‚
622 2740 928 2828 Utfacere
955 2743 1043 2805 ad
1067 2743 1254 2805 vitam
1268 2766 1586 2827 possemus
1609 2766 1767 2830 quae
1778 2744 1953 2830 foret
1985 2769 2162 2827 usus,
2204 2748 2321 2813 ubi

110 2839 419 2905 Marullus
475 2840 747 2903 soloece
776 2841 1119 2924 possimus;
1174 2849 1243 2904 et
1285 2841 1409 2904 Nil
1445 2842 1579 2904 ideo
1624 2838 1912 2927 quoniam
1951 2849 2219 2909 natumst
2256 2848 2322 2910 in

111 2960 373 3022 corpore,
414 2950 486 3003 ut
527 2940 618 3001 uti
646 2937 996 3001 Possemus.
1042 2936 1165 3001 sed
1207 2938 1276 3000 in
1310 2937 1445 3002 hoe
1476 2937 1562 3002 de
1595 2961 1728 3023 quo
1761 2941 1985 3025 agitur
2011 2964 2216 3007 versu
2244 2955 2321 3007 ut

107 3036 321 3117 priora
347 3035 789 3121 praeteritum
819 3043 1085 3119 tempus
1104 3084 1120 3111 ‚
1149 3036 1248 3098 ita
1278 3057 1451 3121 quae
1484 3045 1806 3102 secuntur
1830 3060 2155 3123 praesens
2177 3065 2320 3126 pos-.-

107 3132 277 3197 simus
305 3136 584 3220 exigunt
601 3180 617 3208 ‚
658 3144 716 3197 et
738 3143 806 3195 ut
819 3132 1108 3219 proferre
1135 3134 1262 3196 viai
1289 3132 1593 3197 Proceros'
1605 3157 1830 3218 passus
1848 3183 1862 3209 ‚
1907 3137 2042 3200 ideo
2054 3138 2322 3223 fastiyia

100 3251 261 3312 posse
304 3233 614 3298 Surarum
653 3255 728 3295 ac
755 3230 1067 3317 feminum
1094 3232 1356 3316 pedibus
1380 3231 1662 3317 fundata
1692 3234 1959 3316 plicari.
2008 3256 2167 3321 ergo
2211 3235 2320 3299 his

107 3330 440 3414 proprium
467 3332 749 3395 verbum
780 3327 1282 3393 attribuendum
1314 3336 1419 3392 est
1440 3328 1574 3393 hoc
1595 3328 1800 3393 modo
1821 3380 1836 3407 ,
1867 3343 1922 3395 et
1947 3344 2015 3396 ut
2029 3333 2322 3421 proferre

112 3445 427 3498 QUEAMU
446 3451 480 3492 s
537 3429 836 3493 Proceros
874 3450 1100 3512 passus
1127 3451 1151 3509 ,-
1198 3427 1405 3513 idque
1464 3450 1544 3492 eo
1598 3430 1808 3515 magis
1854 3431 2041 3515 quod
2071 3435 2325 3517 proceri

99 3542 304 3603 passus
329 3528 463 3591 viae
492 3526 655 3590 nulli
686 3533 875 3602 sunt,
904 3547 1123 3611 neque
1153 3525 1331 3589 ullus
1358 3527 1803 3612 interpretum
1836 3528 2174 3611 explicare
2205 3549 2321 3592 au-

109 3639 215 3684 sus
245 3631 375 3699 est,
406 3634 680 3709 praeter
708 3624 899 3689 Pium
919 3671 935 3698 ‚
967 3625 1082 3708 qui
1112 3624 1278 3688 dicit
1309 3647 1457 3688 esse
1487 3649 1738 3709 maqnos
1760 3626 1995 3709 qradus
2023 3635 2081 3687 et
2104 3626 2321 3708 spacia

110 3717 231 3781 viae
248 3768 261 3781 .
289 3742 492 3786 versu
520 3723 642 3787 877
673 3724 864 3786 Nunc
893 3724 1000 3808 qui
1010 3723 1138 3811 fiat
1162 3724 1251 3785 uti
1267 3746 1496 3807 passus
1517 3722 1802 3808 proferre
1830 3742 2122 3806 queamus
2138 3769 2152 3783 .

260 3816 399 3882 830.
429 3842 693 3884 DATAS
737 3841 1119 3895 UTRAQUE
1167 3841 1432 3882 PARTE
1477 3840 1956 3881 MINISTRAS.
1991 3819 2318 3885 Marullus

110 3933 147 3971 a
167 3925 366 3994 parte.
410 3917 633 3981 verius
666 3926 770 3982 est
796 3928 1055 4004 utraque
1097 3941 1198 3980 Ex
1226 3929 1409 4003 parte
1429 3965 1443 3992 ‚
1490 3925 1562 3981 ut
1590 3917 1659 3979 in
1688 3939 1749 3992 v,
1775 3918 1892 3981 511
1927 3917 2035 3981 Ex
2062 3930 2320 4006 utraque

99 4009 299 4087 polum
313 4017 488 4097 parti
510 4012 787 4099 premere
814 4026 966 4080 ae‘ra
985 4064 998 4078 .
1043 4039 1119 4079 ex
1136 4028 1354 4102 parte,
1395 4036 1533 4079 non
1565 4041 1596 4079 e
1612 4063 1627 4091 ,
1676 4023 1752 4079 ut
1787 4014 1929 4079 dixi
1958 4015 2049 4081 ad
2076 4016 2317 4082 librum

109 4124 148 4174 Ι,
164 4104 311 4172 843.
351 4131 567 4196 neque
598 4114 864 4198 saepius
896 4135 1095 4199 quam
1126 4121 1264 4189 ter,
1303 4114 1432 4177 nisi
1477 4113 1708 4188 fallor,
1756 4113 1868 4177 hie
1913 4121 2119 4199 poeta
2148 4115 2320 4179 dixit

110 4216 367 4287 aparte,
407 4209 477 4271 in
506 4210 734 4284 1v,428
764 4211 988 4295 Lonya
1017 4223 1216 4274 tamen
1233 4223 1418 4296 parte
1448 4213 1525 4275 ab
1552 4235 1790 4276 summa
1831 4235 1968 4277 cum
2008 4223 2129 4275 tota
2154 4214 2315 4275 vide·

110 4305 232 4378 tw,
273 4309 341 4366 et
378 4305 448 4369 in
476 4328 535 4380 v,
556 4307 676 4374 685
723 4309 809 4374 Et
850 4310 1015 4394 quod
1052 4310 1129 4373 ab
1158 4310 1456 4373 alterutra
1496 4311 1760 4375 detraxit
1789 4321 2005 4395 parte,
2045 4309 2205 4373 item
2249 4310 2318 4373 in
