2840 5008
1196 416 1291 486 111
1417 514 1423 518 Ι
1677 402 1686 409 ’
2214 419 2345 488 161

62 593 218 657 mile
237 641 255 656 .
281 593 398 655 ita
424 592 574 655 eius
593 591 821 676 priore
845 598 1164 677 correpta
1184 592 1252 655 in
1275 591 1581 655 Poenulo
1607 614 1696 666 ιν,
1713 590 1773 667 2,
1790 591 1870 655 60
1889 641 1905 667 ,
1926 593 1996 656 111
2014 589 2349 661 Eunucho

68 716 112 767 1,
131 691 300 766 2,51
342 740 364 771 ,
410 692 495 754 111
530 689 943 754 Phormione
985 713 1028 764 1,
1048 690 1107 770 2,
1126 689 1206 754 63
1235 689 1355 764 4,8
1393 736 1408 763 ‚
1457 688 1803 774 Turpilius
1845 690 2031 775 apud
2058 692 2352 758 Nonium

64 811 131 874 p.
159 788 314 863 182,
338 789 386 852 6
429 836 449 856 .
505 810 648 851 11011
691 790 945 853 rectius
983 789 1161 854 idem
1203 789 1553 853 Bentleius
1590 790 1662 853 in
1689 789 2100 855 Phormione
2129 795 2349 869 1v,2‚7

81 887 203 950 Ubi
245 886 631 950 Phaedriai
671 889 1035 951 ostenderet:
1064 894 1453 972 promptum
1499 895 1603 951 est
1643 888 1941 953 scribere
1994 890 2108 952 Ubi
2148 892 2348 957 Phae-

67 987 256 1049 driae
302 1006 451 1048 esse
485 985 823 1049 ostenderet
847 985 1038 1049 nihilo
1066 987 1268 1049 minus
1295 986 1584 1049 Amicum
1610 1010 1735 1049 sese
1764 1010 1952 1073 quam
1978 988 2348 1074 Antiphoni,

73 1105 231 1147 cum
262 1081 447 1148 libri
475 1081 786 1147 habeant
815 1082 1165 1146 Phaedriae
1190 1106 1253 1146 se
1283 1089 1353 1146 et
1379 1085 1666 1147 Amicum
1696 1108 1820 1148 esse
1850 1133 1863 1145 .
1909 1084 2089 1149 idem
2129 1088 2348 1153 minus

70 1179 615 1266 vituperandus
647 1187 786 1255 est,
811 1179 997 1264 quod
1025 1181 1098 1243 in
1117 1180 1447 1266 Adelphis
1468 1203 1530 1255 v,
1554 1182 1607 1255 1,
1627 1182 1665 1244 5
1693 1182 1927 1246 maluit
1953 1183 2214 1248 hiatum
2242 1194 2347 1251 to-

73 1280 308 1343 lerare
328 1327 347 1355 ,
371 1279 489 1342 ita
507 1327 527 1353 ,
546 1278 918 1364 Exemplmn
939 1279 1299 1363 disciplinae
1317 1325 1331 1341 .
1353 1279 1486 1341 ecce
1507 1289 1707 1342 autem
1725 1279 1824 1343 lzic
1846 1281 2049 1344 adest:
2070 1282 2195 1347 sed
2218 1287 2352 1350 arti

76 1377 288 1441 huius
322 1383 602 1462 poetae
629 1376 841 1462 magis
884 1375 1389 1439 convenit-illud
1405 1423 1423 1454 ,
1451 1377 1535 1439 sis
1555 1424 1573 1455 ,
1601 1377 1735 1440 vide
1765 1377 2145 1463 Exemplum„
2164 1376 2347 1448 disci-

72 1478 296 1561 plinae
342 1498 575 1539 eccum
609 1523 623 1538 .
673 1474 990 1537 maiorem
1028 1474 1257 1538 hiatus
1298 1473 1801 1538 excusationem
1842 1474 2053 1540 habet
2081 1479 2153 1541 in
2178 1480 2345 1556 hoc,

83 1572 280 1657 quod
315 1580 436 1636 est
467 1572 549 1634 in
576 1571 802 1635 Plauti
830 1571 1285 1636 Bacchidibus
1317 1570 1464 1646 11‚3‚
1484 1570 1562 1634 73
1594 1620 1609 1647 ‚
1648 1572 1771 1652 Qui
1797 1574 1924 1637 illic
1951 1578 2233 1642 sacerdos
2266 1593 2353 1644 est

84 1673 349 1736 ,Dianae
371 1670 734 1757 Ephesiae,
760 1669 1018 1733 scilicet
1047 1690 1131 1732 ne
1163 1668 1630 1755 diphthongus
1658 1671 1730 1734 in
1758 1671 1979 1735 vocali
2008 1674 2197 1737 brevi
2228 1677 2345 1741 de-

85 1770 453 1834 litesceret
487 1818 505 1833 .
556 1767 683 1832 sed
721 1766 1074 1831 ferendum
1115 1788 1253 1830 non
1296 1775 1400 1830 est
1441 1769 1512 1830 in
1541 1768 1753 1832 Persa
1781 1793 1877 1844 111,
1896 1771 2010 1845 3,5
2040 1773 2349 1840 Pecuniae

91 1870 399 1953 accipiter
421 1916 442 1947 ,
466 1867 652 1930 avide
682 1877 862 1952 atque
889 1862 1087 1928 invide
1104 1912 1120 1939 ‚
1143 1886 1365 1950 neque
1391 1865 1462 1928 in
1484 1865 1700 1930 Milite
1732 1890 1820 1942 lv,
1840 1867 1894 1943 5,
1923 1868 1997 1932 12
2024 1870 2253 1936 Saltem
2281 1876 2352 1939 id

91 1967 371 2050 volupest
400 1989 554 2028 cum
586 1987 662 2028 ex
689 1966 901 2029 virtute
912 1964 1166 2051 formae
1195 1966 1387 2028 evenit
1414 1965 1523 2027 tibi
1547 1989 1572 2046 ,-
1612 1985 1785 2048 quae
1825 1965 1924 2028 ita
1952 1967 2347 2055 refingenda

97 2086 245 2128 esse
277 2064 477 2128 duco
521 2112 537 2140 ,
587 2065 895 2128 Pecuniae
924 2064 1100 2127 avide
1129 2065 1416 2148 accipiter
1447 2073 1625 2148 atque
1653 2063 1834 2127 livide
1854 2111 1872 2142 ,
1915 2072 1984 2127 et
2012 2089 2089 2128 ea·
2100 2068 2348 2153 formai

95 2164 312 2226 virtute
337 2210 352 2224 .
378 2183 621 2247 neque
648 2161 719 2225 in
739 2161 1088 2226 Aulularia
1118 2184 1190 2236 11,
1202 2160 1265 2236 ’4,
1288 2159 1364 2224 16
1374 2161 1559 2248 filiae
1579 2161 1645 2223 in
1665 2162 1890 2245 nuptiis
1912 2165 2344 2231 scribendum

103 2267 203 2323 est
213 2262 398 2348 filiai
426 2261 537 2339 in,
564 2259 690 2323 sed
700 2261 874 2348 filiai
899 2261 1157 2344 nuptiis,
1181 2268 1256 2322 ut
1283 2258 1353 2321 in
1384 2257 1623 2322 eadem
1650 2258 1881 2324 fabula
1910 2283 2006 2335 111,
2026 2262 2082 2336 6,
2098 2263 2139 2326 4
2164 2272 2233 2327 01
2254 2288 2343 2340 lv,

104 2358 197 2433 10,
214 2359 333 2434 67,
357 2359 489 2423 ubi
513 2359 671 2423 libri
690 2358 1145 2448 habentfiliae
1164 2354 1424 2444 nuptiae.
1448 2359 1606 2421 item
1635 2358 1706 2421 in
1723 2358 2214 2467 Amphitruone
2245 2388 2344 2440 111,

109 2455 158 2530 1,
181 2457 292 2533 12,
315 2457 443 2522 ubi
470 2461 583 2520 est
606 2455 682 2519 Si
702 2456 772 2519 id
787 2457 1163 2521 Alcumenae
1189 2457 1494 2522 innocenti
1522 2467 1789 2542 expetat,
1813 2478 2047 2522 verum
2070 2460 2344 2527 videtur

104 2556 486 2619 Alcumenas
515 2556 925 2631 innocentiae,
948 2557 1317 2620 Alcwmenai
1339 2556 1545 2620 scribi
1572 2578 1709 2644 11011
1743 2556 1980 2622 debet.
2002 2580 2225 2644 neque
2252 2563 2343 2624 vi·
2408 2641 2414 2648 .

108 2654 190 2715 tai
214 2652 350 2729 hic,
379 2651 582 2737 quod
605 2652 948 2716 Bentleius
973 2654 1221 2729 voluit,
1244 2654 1315 2717 in
1335 2654 1592 2717 Manilii
1623 2678 1692 2730 11,
1709 2654 1828 2719 831
1861 2655 2083 2719 locum
2113 2657 2344 2735 habet,

105 2770 323 2833 neque
351 2752 523 2814 vitae
551 2750 653 2814 hie
683 2772 832 2814 cum
859 2752 1084 2826 hiatu,
1109 2751 1233 2817 sed
1256 2753 1688 2818 scribendum
1711 2755 2023 2819 existimo
2048 2756 2172 2821 Hic
2193 2770 2348 2823 tenet

110 2847 435 2911 arbitrium
463 2850 649 2913 vitale
680 2897 698 2928 ,
736 2850 835 2913 hic
860 2853 1075 2936 reyula
1101 2874 1342 2915 morum
1371 2863 1459 2915 est
1491 2899 1503 2913 .
1542 2851 1706 2916 011111
1729 2854 2007 2937 peccavi
2040 2902 2055 2928 ‚
2098 2877 2246 2919 cum
2275 2858 2344 2920 in

109 2943 455 3031 Propertii
498 2947 678 3011 libro
709 2970 770 3023 v,
788 2947 847 3023 3,
865 2948 947 3012 48
990 2949 1234 3033 scripsi
1262 2950 1490 3013 Arctoo
1531 2951 1598 3012 in
1633 2950 1946 3034 ylaciem3
1984 2952 2111 3017 sed
2150 2954 2343 3038 peius

114 3045 224 3127 qui
264 3047 466 3111 nimis
502 3047 862 3131 ,inproprie
904 3048 1147 3133 Aprieo
1173 3048 1465 3134 friyore:
1496 3069 1537 3110 a
1563 3049 1905 3136 Propertii
1950 3057 2149 3114 manu
2193 3071 2342 3113 esse

112 3148 271 3225 puto
300 3146 498 3229 quod
518 3131 1107 3209 Schneidewinum
1125 3152 1281 3208 ante
1299 3150 1404 3210 me
1422 3146 1790 3230 protulisse
1807 3151 1987 3211 nunc
2006 3144 2339 3228 intellego,

117 3260 247 3302 cwm
277 3253 468 3327 pater
513 3243 671 3305 altas
709 3243 979 3307 Tetricus
1020 3244 1086 3305 in
1124 3244 1388 3334 ylaciem
1412 3243 1662 3330 friyore
1702 3248 1881 3309 nectit
1922 3266 2115 3329 aquae
2138 3289 2151 3303 .
2182 3242 2344 3306 libri

117 3336 366 3421 Africus
387 3389 400 3402 .
425 3342 747 3425 peccavit
765 3339 1204 3425 Perlcampus
1221 3388 1237 3416 ‚
1264 3342 1453 3426 quod
1478 3343 1550 3405 in
1577 3343 1847 3408 Horatii
1875 3341 2234 3404 carminum
2267 3364 2337 3419 11,

118 3431 194 3496 20
215 3440 487 3520 putavit
516 3438 724 3503 scribi
752 3461 957 3524 posse
980 3440 1120 3504 Iam
1142 3440 1462 3505 Daedaleo
1484 3443 1783 3505 audacior
1811 3438 1993 3501 Icaro
2012 3486 2025 3499 .
2049 3437 2144 3500 ibi
2173 3442 2340 3505 ocior

123 3538 185 3593 et
209 3537 408 3598 notior
437 3538 702 3601 numeri
730 3538 987 3622 pariter
1017 3536 1387 3602 admittunt
1407 3586 1424 3614 ‚
1448 3536 1781 3603 sententia
1809 3534 2002 3597 unice
2031 3537 2338 3618 postulat

122 3623 587 3697 Bentleianum
629 3637 814 3699 tutior
835 3684 848 3698 .
880 3635 1257 3700 Ritschelio
1289 3631 1736 3700 Bacchiacum
1762 3631 2080 3695 vitiosum
2121 3633 2336 3698 invito

127 3724 507 3813 obrepsisse
550 3739 766 3815 put0,
796 3736 1059 3798 Amorin
1102 3758 1199 3798 me
1242 3758 1326 3798 an
1367 3734 1459 3795 rei
1485 3730 1731 3816 opsequi
1740 3729 1951 3812 potius
1967 3739 2097 3816 par
2124 3733 2237 3808 sit,
2266 3734 2338 3796 in

128 3817 512 3892 Trinummo
542 3829 767 3895 Plauti
797 3830 976 3897 230.
1024 3832 1147 3897 sed
1177 3833 1268 3896 ad
1298 3833 1577 3896 alterum
1605 3847 1817 3911 genus
1847 3831 2334 3897 transeundum

130 3924 259 3993 est,
277 3922 346 3985 in
378 3946 517 4010 quo
548 3929 959 4011 paenultima
980 3929 1293 3994 vocabuli
1313 3927 1540 3990 littera
1572 3932 1676 3989 est
1698 3926 1952 3991 vocalis
1976 3926 2212 4015 longa,
2236 3931 2335 3994 ul-

132 4012 281 4081 tima
309 4030 532 4088 autem
560 4027 840 4091 brevis.
885 4028 1086 4093 huius
1122 4024 1303 4091 modi
1332 4022 1665 4089 vocabula
1703 4045 1839 4088 non
1869 4024 2081 4091 habet
2108 4027 2337 4113 lingua

130 4106 398 4194 Latina,
423 4122 484 4185 si
513 4125 821 4237 excipias
839 4126 970 4204 die,
994 4126 1131 4202 dia,
1157 4121 1442 4196 extrito,
1465 4130 1542 4183 ut
1571 4128 1776 4204 put0,
1786 4122 2173 4208 digamma.
2204 4127 2331 4189 ita-

136 4225 256 4289 que
268 4214 561 4286 Graecis
593 4223 826 4287 comici
857 4223 1003 4296 vix,
1028 4221 1155 4285 nisi
1186 4217 1373 4304 quod
1397 4220 1623 4282 Medea
1652 4219 1795 4283 est
1776 4242 1847 4283 m
1868 4220 2210 4285 Pseudulo
2236 4245 2335 4298 111,

133 4300 189 4376 2,
205 4306 281 4371 80
313 4358 329 4385 ,
374 4320 582 4383 ceteri
610 4322 778 4385 satis
808 4319 1032 4385 multis
1060 4319 1164 4382 usi
1194 4322 1353 4381 sunt
1381 4316 1526 4382 sine
1557 4317 1882 4393 elisione,
1926 4326 2001 4382 ut
2036 4319 2334 4406 Galatea,

145 4401 485 4542 Cytherea,
506 4419 811 4505 Pelopea,
843 4442 1104 4506 cycnea,
1135 4417 1451 4491 cichorea,
1482 4416 1758 4494 Ilionea,
1739 4366 1986 4573 ,Cliliim
1970 4414 2331 4499 ,Lampia,
