2840 5008
1213 408 1283 475 V
2137 402 2151 412 ⁸
2232 408 2371 478 203

113 608 251 651 nam
285 584 483 671 quod
514 583 714 649 adest
741 589 1014 670 praesto
1036 632 1051 659 ‚
1071 582 1200 646 nisi
1228 582 1392 668 quid
1423 583 1856 668 cognovimus
1886 590 2041 648 ante

113 701 373 765 suavius
394 749 410 776 ‚
434 701 508 763 in
537 699 767 786 primis
795 698 1018 784 placet
1049 705 1116 763 et
1145 698 1398 784 pollere
1427 697 1727 775 videtur,

110 815 585 902 posteriorque
613 814 755 878 fere
784 813 1014 877 melior
1043 835 1152 877 res
1179 815 1293 878 illa
1320 821 1595 899 reperta

29 950 84 996 215
107 899 325 1017 perdit
357 939 431 995 et
459 931 766 993 immutat
794 950 1030 993 sensus
1060 927 1150 992 ad
1179 929 1461 1015 pristina
1502 950 1836 1015 quaeque.

111 1047 197 1109 sic
226 1045 465 1109 odiam
495 1044 722 1130 coepit
750 1043 1012 1129 glandis
1032 1093 1046 1120 ‚
1071 1045 1166 1109 sic
1194 1044 1306 1108 illa
1333 1044 1567 1109 relicta

112 1167 315 1225 strata
345 1160 597 1224 cubilia
625 1169 783 1225 sunt
808 1159 1035 1224 herbis
1067 1167 1135 1223 et
1160 1158 1512 1223 frondibus
1543 1168 1742 1225 aucta
1759 1211 1772 1224 .

110 1276 292 1362 pellis
320 1276 493 1341 item
524 1274 767 1340 cecidit
794 1275 1000 1340 vestis
1033 1282 1418 1360 contempta
1446 1275 1727 1353 ferinae3

115 1412 305 1475 quam
332 1413 498 1455 reor
526 1389 781 1455 invidia
808 1390 924 1455 tali
951 1399 1114 1454 tunc
1147 1412 1293 1454 esse
1322 1399 1657 1478 repertam
1676 1440 1691 1467 ‚

29 1521 88 1568 120
113 1514 181 1569 ut
204 1506 420 1570 letum
451 1504 708 1569 insidiis
740 1506 853 1590 qui
882 1506 1092 1591 gessit
1120 1504 1372 1593 primus
1404 1506 1652 1582 obiret,

117 1629 174 1685 et
202 1628 436 1685 tamen
464 1621 641 1683 inter
673 1641 788 1683 eos
821 1619 1210 1686 distractam
1239 1621 1558 1707 sanguine
1587 1621 1794 1686 multo

119 1735 501 1823 disperiisse
529 1757 751 1821 neque
776 1736 848 1799 in
873 1735 1161 1802 fructum
1190 1744 1589 1801 convertere
1621 1737 1845 1822 quisse
1864 1787 1877 1800 .

119 1858 268 1914 tunc
294 1851 512 1937 igitur
539 1851 751 1936 pelles
771 1899 787 1927 ‚
808 1874 985 1916 nunc
1016 1874 1249 1916 aurum
1280 1860 1348 1916 et
1373 1873 1677 1940 purpura
1706 1854 1883 1917 curis

121 1973 429 2030 exercent
457 1966 800 2030 hominum
830 1969 1031 2032 vitam
1060 1967 1373 2053 belloque
1402 1967 1718 2053 fatigant3

29 2093 93 2139 125
119 2101 241 2165 quo
269 2082 492 2167 magis
520 2082 589 2144 in
616 2082 810 2145 nobis
830 2131 845 2158 ‚
867 2090 945 2146 ut
975 2084 1215 2170 opinor
1233 2133 1248 2160 ‚
1274 2085 1471 2169 culpa
1499 2081 1783 2146 resedit.

122 2194 319 2281 frigus
353 2198 531 2260 enim
559 2196 779 2261 nudos
811 2198 952 2260 sine
980 2198 1265 2284 pellibus
1298 2199 1731 2262 excruciabat

122 2313 524 2397 terrigenas:
547 2320 617 2376 at
644 2334 770 2376 nos
799 2313 893 2376 nil
920 2312 1126 2377 laedit
1153 2322 1344 2378 veste
1375 2334 1605 2378 carere
1767 2309 1774 2315 ⁶

124 2448 458 2518 purpurea
489 2438 689 2513 atque
719 2448 882 2491 auro
916 2428 1253 2515 signisque
1282 2429 1661 2515 ingentibus
1692 2437 1877 2518 apta,

127 2539 270 2605 dum
299 2544 568 2632 plebeia
596 2551 820 2607 tamen
848 2544 935 2609 sit
954 2593 969 2619 ‚
995 2566 1166 2630 quae
1197 2544 1558 2608 defendere
1588 2547 1807 2631 possit
1826 2596 1839 2609 .

31 2668 100 2716 430
128 2677 274 2743 ergo
302 2659 652 2723 hominum
684 2680 894 2745 genus
923 2659 991 2722 in
1024 2681 1287 2724 cassum
1313 2661 1697 2746 frustraque
1727 2661 1993 2725 laborat

127 2794 377 2859 semper
410 2775 577 2838 etin
609 2775 781 2837 curis
815 2775 1146 2839 consumit
1172 2777 1480 2840 inanibus
1513 2799 1774 2852 aevom,

126 2888 448 2972 nimirum
471 2939 485 2965 ‚
510 2890 664 2974 quia
692 2911 830 2952 non
862 2891 1176 2975 cognovit
1206 2912 1377 2976 quae
1408 2893 1495 2955 sit
1521 2891 1817 2956 habendi

125 3002 260 3066 finis
293 3014 361 3069 et
396 3005 664 3068 omnino
697 3027 828 3090 quo
861 3004 948 3068 ad
981 3013 1243 3069 crescat
1270 3029 1434 3071 vera
1462 3008 1809 3092 voluptas:

125 3116 319 3204 idque
348 3120 723 3184 minutatim
751 3121 952 3184 vitam
980 3121 1296 3205 provexit
1323 3122 1390 3184 in
1422 3122 1627 3186 altum

34 3244 100 3290 435
128 3241 187 3296 et
213 3235 369 3298 belli
400 3256 678 3320 magnos
709 3236 1064 3299 commovit
1092 3235 1394 3300 funditus
1428 3238 1723 3321 aestus.]

202 3349 290 3413 At
316 3343 555 3433 vigiles
584 3347 813 3412 mundi
840 3371 1150 3435 magnum
1176 3352 1486 3414 versatili'
1513 3351 1834 3437 templum

133 3464 224 3527 sol
255 3473 321 3529 et
350 3465 511 3527 luna
542 3485 664 3527 suo
695 3463 1058 3528 lustrantes
1090 3465 1332 3528 lumine
1365 3465 1609 3529 circum

131 3579 538 3663 perdocuere
566 3578 867 3643 homines
900 3602 1223 3644 annorum
1254 3588 1561 3668 tempora
1589 3582 1758 3644 verti

135 3700 194 3756 et
220 3702 404 3760 certa
430 3695 694 3776 ratione
724 3696 867 3779 geri
894 3717 1033 3758 rem
1065 3704 1267 3781 atque
1297 3695 1533 3759 ordine
1564 3702 1750 3759 certo
1769 3743 1782 3756 .

30 3816 108 3865 Ἰ440
205 3808 340 3873 Iam
367 3808 612 3873 validis
644 3811 858 3901 saepti
888 3810 1226 3896 degebant
1254 3812 1551 3875 turribus
1582 3833 1846 3884 aevom,

140 3930 198 3985 et
224 3923 434 3989 divisa
464 3924 809 3988 colebatur
841 3924 1264 4011 discretaque
1293 3927 1521 4002 telluS‚

150 4208 263 4257 1416
299 4206 471 4278 sigilla
508 4205 529 4277 ss
572 4211 700 4258 1418
737 4205 930 4259 ferina.
969 4206 987 4276 ΙΙ
1031 4213 1159 4259 1419
1197 4224 1334 4258 nunc
1375 4207 1394 4274 ΙΙ
1437 4213 1563 4259 1425
1603 4208 1690 4259 ina
1726 4205 1744 4275 ΙΙ
1789 4211 1916 4258 1429
1952 4205 2161 4275 plebela
2198 4206 2217 4271 Η
2260 4209 2383 4255 1431

149 4284 196 4337 in
228 4298 487 4345 omissum.
532 4287 552 4357 ΙΙ
594 4294 724 4340 1436
761 4289 1010 4342 versatile
1047 4289 1067 4359 ΙΙ
1108 4296 1238 4342 1440
1276 4289 1505 4359 degebat
1540 4292 1559 4361 ΙΙ
1602 4297 1726 4344 1441
1770 4289 2130 4357 disceretaque
