2840 5008
508 382 653 453 224
1588 386 1689 455 VI

506 560 702 645 gleba
730 565 1066 625 vetustate
1097 579 1132 621 e
1161 565 1340 624 terra
1366 561 1790 646 provolvitur
1816 562 2081 648 ingens,

508 682 585 739 ut
610 675 892 738 iactetur
921 694 1134 759 aquae
1162 672 1370 739 fluctu
1399 697 1670 761 quoque
1700 685 1882 742 terra-
1911 680 2262 757 vacillans3

363 808 460 854 555
504 799 581 856 ut
609 812 728 854 vas
758 791 932 854 inter
963 788 1120 851 dum
1147 809 1284 852 non
1316 790 1461 876 quit
1491 799 1802 857 constare
1820 841 1836 867 ‚
1858 792 1981 856 nisi
2011 816 2201 859 umor

507 905 768 970 destitit
793 905 862 968 in
895 903 1097 968 dubio
1126 904 1333 968 fluctu
1361 905 1670 970 iactarier
1696 907 1878 971 intus
1894 958 1908 971 .

585 1021 945 1086 Praeterea
974 1027 1216 1084 ventus
1246 1041 1393 1083 cum
1425 1042 1547 1105 per
1571 1022 1726 1086 loca
1754 1023 2048 1088 subcava
2074 1032 2296 1090 terrae

506 1136 823 1200 collectus
851 1143 1047 1222 parte
1068 1157 1161 1199 ‚ex
1189 1157 1322 1199 una
1348 1138 1727 1225 procumbit
1756 1145 1822 1202 et
1849 1147 2045 1224 urget

504 1251 788 1316 obnixus
817 1251 1072 1337 magnis
1099 1252 1454 1336 speluncas
1485 1252 1736 1317 viribus
1766 1254 1965 1330 altaS‚

358 1383 456 1431 560
498 1367 819 1431 incumbit
846 1366 1041 1431 tellus
1073 1387 1209 1451 quo
1241 1366 1424 1431 venti
1452 1387 1670 1453 prona
1698 1368 1939 1453 premit
1965 1369 2098 1433 vis:

499 1490 639 1547 tum
670 1502 913 1566 supera
939 1488 1184 1545 terram
1216 1503 1387 1568 quae
1415 1489 1575 1546 sunt
1604 1489 1911 1547 extructa
1940 1482 2319 1561 domorum,

500 1596 590 1661 ad
621 1596 1007 1681 caelumque
1035 1597 1244 1682 magis
1275 1603 1529 1682 quanto
1561 1604 1716 1661 sunt
1745 1596 1927 1661 edita
1955 1619 2288 1684 quaeque,

496 1711 811 1776 inclinata
837 1717 1059 1775 meant
1085 1711 1152 1774 in
1184 1711 1463 1775 eandem
1493 1711 1761 1797 prodita
1788 1720 2043 1797 partem
2060 1763 2075 1788 ‚

496 1833 1017 1914 protractaeque
1046 1827 1270 1891 trabes
1298 1825 1671 1912 inpendent
1694 1827 1794 1890 ire
1821 1810 2095 1914 paratae
2113 1877 2126 1891 .

355 1958 451 2004 565
498 1949 567 2007 et
592 1949 897 2006 metuunt
922 1942 1140 2028 magni
1168 1949 1473 2006 naturam
1504 1941 1780 2006 credere
1811 1941 2038 2006 mundi

495 2057 758 2122 exitiale
788 2055 1060 2143 aliquod
1088 2064 1351 2142 tempus
1381 2055 1771 2142 clademque
1799 2078 2096 2134 manere,

493 2195 642 2237 cum
669 2172 945 2237 videant
971 2179 1225 2237 tantam
1253 2180 1583 2236 terrarum
1613 2172 1991 2237 incumbere
2019 2173 2287 2238 molem!

495 2287 681 2375 quod
708 2288 835 2352 nisi
862 2287 1195 2373 respirent
1223 2286 1440 2362 venti,
1463 2286 1561 2350 vis
1591 2288 1772 2351 nulla
1799 2286 2092 2352 refrenet

486 2425 598 2469 res
627 2424 848 2489 neque
876 2403 959 2467 ab
992 2401 1193 2466 exitio
1225 2402 1442 2487 possit
1468 2401 1966 2487 reprehendere
1997 2405 2243 2468 euntis:

346 2537 444 2584 570
486 2543 664 2586 nunc
696 2519 852 2606 quia
879 2518 1215 2604 respirant
1243 2518 1515 2582 alternis
1543 2518 1745 2604 inque
1775 2528 2181 2603 gravescunt

492 2644 560 2701 et
590 2635 778 2721 quasi
807 2634 1070 2699 collecti
1097 2632 1383 2697 redeunt
1412 2632 1795 2718 ceduntque
1823 2634 2100 2718 repulsi,

491 2751 756 2835 saepius
785 2751 960 2814 hanc
990 2750 1076 2813 ob
1108 2770 1245 2812 rem
1274 2749 1615 2812 minitatur
1645 2755 1824 2812 terra
1851 2749 2074 2813 ruinas

490 2886 688 2950 quam
715 2864 906 2929 facit:
927 2864 1280 2927 inclinatur
1312 2864 1482 2927 enim
1512 2871 1831 2948 retroque
1860 2865 2140 2939 recellit,

490 2987 559 3044 et
586 2977 1167 3066 recipit'prolapsa
1197 3000 1352 3042 suas
1380 2979 1450 3041 in
1479 2978 1784 3063 pondera
1814 2978 2041 3043 sedes.

345 3111 441 3156 575
485 3094 613 3158 hac
639 3095 851 3180 igitur>
869 3094 1129 3157 ratione
1160 3092 1474 3157 vacillant
1502 3094 1721 3158 omnia
1752 3101 1933 3159 tecta

487 3230 741 3273 summa
766 3209 974 3294 magis
1000 3207 1234 3272 mediis
1253 3256 1268 3284 ‚
1290 3206 1510 3271 media
1536 3208 1680 3272 imis
1699 3257 1714 3284 ‚
1737 3208 1866 3272 ima
1895 3209 2248 3296 perhilum.

566 3324 692 3389 Est
719 3324 887 3388 haec
919 3323 1211 3388 eiusdem
1245 3344 1514 3408 quoque
1544 3324 1764 3409 magni
1794 3345 1996 3388 causa
2023 3326 2360 3400 tremoriS‚

484 3447 724 3504 ventus
752 3440 868 3504 ubi
897 3447 1100 3524 atque
1130 3439 1384 3502 animae
1415 3439 1635 3502 subito
1667 3439 1768 3503 vis
1798 3440 2080 3504 maxima
2112 3438 2441 3525 quaedam

486 3563 603 3621 aut
632 3555 1044 3622 extrinsecus
1076 3562 1193 3618 aut
1219 3554 1369 3638 ipsa
1399 3554 1635 3618 tellure
1667 3567 1901 3618 coorta

340 3687 436 3735 580
477 3672 545 3735 in
573 3672 726 3736 loca
755 3653 827 3736 se
859 3692 1025 3735 cava
1056 3669 1257 3735 terrai
1286 3670 1600 3744 coniecit,
1621 3669 1845 3753 ibique

483 3787 834 3871 speluncas
862 3787 1037 3851 inter
1063 3807 1340 3871 magnas
1369 3785 1776 3852 fremit.ante
1806 3784 2093 3870 tumultu
2165 3866 2173 3869 Α

481 3900 1042 3985 versabundaque
1072 3908 1382 3985 portatur
1400 3949 1415 3977 ‚
1439 3906 1601 3987 post
1626 3900 1828 3964 incita
1858 3921 2005 3963 cum
2034 3899 2133 3962 vis

485 4015 818 4100 exagitata
848 4015 1032 4080 foras
1064 4016 1426 4101 erumpitur
1458 4023 1523 4080 et
1552 4015 1745 4080 simul
1773 4016 1973 4080 altam

485 4305 583 4350 554
619 4296 859 4350 vacillas.
886 4296 907 4366 ΙΙ
946 4302 1041 4350 555
1081 4295 1205 4350 dum
1240 4273 1566 4364 omissumsss
1614 4303 1713 4349 558
1749 4313 1935 4367 urges.
1974 4293 1994 4364 ΙΙ
2035 4299 2129 4346 563
2169 4296 2371 4348 minent
2408 4296 2461 4348 in
2501 4294 2679 4348 eadem
2724 4295 2746 4364 ΙΙ

486 4397 782 4452 .a.a.q.q.
821 4381 842 4449 ΙΙ
880 4384 979 4434 568
1016 4378 1189 4434 ventis
1226 4379 1367 4434 nulla
1401 4379 1678 4435 refremet.
1717 4381 1737 4450 ΙΙ
1778 4385 1873 4436 582
1912 4377 2268 4452 Versabunda
