2840 5008
479 377 621 444 328
1560 376 1620 441 V

474 549 719 614 Latina
745 549 814 613 in
838 548 1118 615 Graecis
1146 551 1505 627 abstinuit,
1537 553 1746 618 credo
1772 552 1961 638 quod
1986 554 2066 618 iis
2095 553 2261 620 illud
2290 559 2348 632 i,
2379 558 2568 643 quod
2592 567 2701 623 est

476 656 635 712 ante
678 654 910 711 notam
957 669 1156 713 casus
1187 697 1206 730 ‚
1263 648 1596 715 Graecum
1638 648 2000 716 videbatur
2030 700 2046 727 ‚
2102 662 2181 717 ut
2221 676 2410 719 more
2451 656 2703 721 Latino

475 746 831 831 praeteriri
872 767 1010 810 non
1052 753 1291 833 posset
1313 796 1326 810 .
1373 768 1583 833 quare
1626 746 1824 812 facile
1870 750 2077 814 credo
2107 750 2400 816 Ennium
2421 752 2700 819 dixisse

474 843 809 908 Brundisii
830 845 973 908 sive
990 845 1304 910 Brentesii
1320 867 1539 931 sar-qus
1561 837 1747 930 apud
1761 846 2120 930 Apuleium
2145 849 2232 913 de
2252 852 2481 938 magia
2502 852 2699 937 p.487

476 939 651 1006 Oud.
671 989 687 1017 ,
732 953 798 1007 et
827 943 1171 1007 Manilium
1201 943 1270 1007 in
1301 967 1370 1022 11,
1391 944 1514 1008 740
1544 944 2039 1009 Dodeoatemorii
2071 994 2088 1022 ‚
2128 968 2349 1034 neque
2383 958 2507 1020 aut
2529 949 2699 1014 Ver-

474 1040 633 1125 gilio
666 1039 1083 1125 eripiendum
1116 1062 1264 1106 esse
1295 1042 1605 1121 Palladii,
1646 1042 1833 1127 quod
1864 1050 1968 1107 est
1995 1045 2066 1108 in
2094 1069 2168 1108 1x
2196 1046 2361 1112 Aen.
2400 1049 2556 1123 151,
2588 1058 2701 1112 aut

474 1140 797 1204 Terentio
820 1141 956 1204 Rus
973 1140 1156 1205 Sunii
1171 1142 1403 1226 ecquod
1415 1140 1672 1205 habeam
1688 1139 1858 1205 Eun.
1873 1165 1970 1216 111,
1984 1143 2043 1218 3,
2065 1144 2155 1207 13.
2176 1154 2478 1210 ceterum
2498 1147 2700 1231 paulo

477 1237 807 1302 curiosius
840 1259 1038 1323 quam
1071 1238 1527 1303 Sverdsiovus
1570 1238 1735 1303 fecit
1774 1261 1838 1324 p.
1858 1240 1938 1304 66
1971 1241 2351 1307 docendum
2398 1254 2553 1309 erat
2583 1247 2700 1310 ob-

475 1337 929 1401 servationem
957 1336 1246 1402 Bentleii
1274 1339 1611 1422 scriptura
1640 1337 1860 1425 legum
1904 1340 2330 1425 antiquarum
2358 1365 2586 1428 usque
2615 1342 2699 1407 ad

474 1434 762 1522 Augusti
790 1435 1208 1520 principatus
1229 1436 1427 1500 finem
1451 1446 1844 1503 constanter
1868 1445 1934 1502 et
1964 1439 2105 1503 sine
2127 1439 2263 1503 ulla
2293 1441 2700 1526 exceptione

474 1533 899 1597 confirmari.
939 1534 1010 1597 in
1028 1533 1286 1598 Thoria
1327 1534 1572 1621 legitur
1610 1537 1803 1600 iudici
1830 1536 1910 1600 35
1939 1584 1959 1615 ,
2000 1538 2239 1627 aedifici
2277 1539 2396 1614 99,
2437 1540 2512 1602 in
2545 1539 2698 1604 Ser-

471 1633 631 1696 vilia
653 1633 864 1696 com-ili
890 1655 955 1716 p.
976 1633 1057 1696 68
1073 1679 1089 1707 ,
1119 1634 1188 1697 in
1210 1633 1358 1719 lege
1387 1634 1548 1719 pagi
1569 1633 1977 1699 Herculanei
2007 1636 2110 1700 Gn.
2133 1635 2392 1702 Laetori
2406 1686 2426 1716 ‚
2455 1637 2530 1700 in
2551 1638 2698 1723 lege

475 1728 561 1793 de
581 1729 1016 1796 Termesibus
1039 1730 1402 1795 maioribus
1425 1730 1673 1795 Pisidis
1693 1734 1941 1817 portori
1964 1755 2033 1807 11,
2050 1733 2130 1797 34
2148 1780 2164 1808 ,
2185 1734 2256 1798 in
2277 1734 2545 1799 Rubria
2562 1759 2694 1799 mu-

471 1829 697 1914 nicipei
737 1828 832 1903 1,6
859 1875 876 1904 ‚
919 1829 987 1893 in
1014 1828 1183 1893 Iulia
1208 1830 1597 1914 municipali
1636 1831 1930 1916 municipi
1967 1829 2085 1894 149
2122 1830 2237 1895 152
2272 1834 2391 1897 154
2428 1833 2551 1897 159
2573 1882 2592 1909 ‚
2630 1835 2696 1897 in

472 1926 624 2012 lege
663 1926 1097 1992 fontanorum
1142 1927 1326 2012 apud
1361 1927 1700 1991 Marinum
1741 1927 1811 1990 in
1850 1927 2215 1994 Arvalibus
2244 1954 2309 2016 p.
2327 1931 2410 1996 70
2454 1932 2697 1996 lzoiusce

445 2027 708 2112 ‘conlegi
738 2077 753 2103 ,
793 2028 863 2091 in
894 2028 1172 2092 decreto
1202 2025 1448 2091 Pisano
1478 2027 1699 2112 imperi
1738 2049 1780 2101 1,
1800 2026 1839 2089 9
1865 2074 1883 2106 ,
1922 2026 2050 2091 Gai·
2077 2040 2133 2093 et
2160 2031 2326 2094 Luci
2354 2053 2398 2104 1,
2416 2029 2504 2094 38
2531 2078 2548 2105 ,
2574 2030 2699 2118 flli

474 2150 543 2203 11,
561 2129 617 2193 7.
643 2139 715 2194 at
734 2131 1016 2196 Verrius
1039 2130 1323 2194 Flaccus
1345 2131 1413 2194 in
1436 2129 1634 2194 fastis
1656 2129 2117 2194 Praenestinis
2138 2150 2261 2192 vm
2286 2127 2347 2190 k.
2371 2128 2515 2191 Ian.
2543 2132 2603 2194 T
2594 2151 2695 2210 ar-

471 2229 638 2292 vitii:
666 2230 736 2292 in
755 2230 1046 2316 Augusti
1076 2250 1298 2294 rerum
1325 2229 1550 2293 indice
1581 2228 1786 2293 semel
1814 2229 2092 2314 conqiari
2115 2251 2213 2302 111,
2248 2227 2357 2301 10,
2390 2226 2520 2291 sed
2550 2249 2695 2291 sae-

473 2327 625 2410 pius
656 2329 787 2392 alio
827 2329 1032 2392 modo
1052 2376 1068 2404 ,
1111 2330 1234 2392 divi
1264 2329 1415 2393 IulI
1434 2327 1573 2403 1v,2
1592 2328 1674 2392 24
1712 2351 1800 2402 v1,
1819 2326 1933 2402 32,
1975 2326 2415 2413 collqu1v‚37
2435 2374 2451 2401 ‚
2480 2328 2705 2412 proell

473 2448 562 2501 ιν,
577 2425 658 2489 43
681 2474 699 2507 ,
750 2428 996 2512 quibus
1022 2429 1048 2490 i
1074 2427 1268 2500 binas
1298 2426 1657 2513 significari
1687 2426 1858 2489 haec
1890 2424 2143 2489 docent
2164 2471 2180 2499 ,
2223 2425 2366 2488 auri
2395 2425 2704 2490 coronarl

472 2547 564 2605 ιν,
585 2523 699 2601 26,
731 2527 890 2591 Iovis
912 2526 1168 2592 Feretrl
1190 2549 1277 2602 ιν,
1298 2528 1335 2590 5
1364 2549 1455 2600 vr,
1474 2526 1549 2607 31
1576 2573 1590 2590 .
1620 2526 1863 2610 nequis
1894 2532 2116 2589 autem
2145 2525 2503 2610 pinguiore
2533 2527 2559 2589 i
2587 2526 2689 2588 lit-

471 2631 659 2687 terae
682 2646 850 2688 sono
874 2626 1538 2711 collegjproeljconubj
1553 2623 1906 2710 trisyllaba
1927 2623 2218 2688 dicenda
2240 2629 2438 2708 putet
2456 2670 2472 2698 ,
2500 2644 2692 2709 quem

474 2722 835 2786 admodum
857 2744 1020 2787 sane
1043 2725 1296 2788 conubio
1320 2724 1639 2788 conubium
1662 2722 1920 2786 conubia
1944 2720 2263 2785 dixerunt
2280 2727 2553 2785 veteres
2576 2743 2694 2807 per

471 2822 497 2882 i
526 2829 1010 2885 consonantem
1032 2868 1048 2896 ,
1093 2820 1180 2885 ad
1214 2842 1359 2885 eam
1387 2821 1719 2885 rationem
1750 2821 1967 2904 cmisih'
1985 2818 2210 2883 media
2247 2818 2453 2904 longa
2482 2818 2693 2883 foret:

474 2939 554 2981 ea
577 2938 739 2981 vero
771 2940 1034 3004 semper
1059 2921 1422 3004 corripitur
1440 2969 1456 2996 ‚
1488 2927 1557 2984 et
1578 2928 1861 2983 accentu
1890 2918 2038 2981 solo
2073 2918 2278 2982 Valeri
2304 2917 2604 2981 vocandi
2633 2925 2696 2981 et

472 3016 791 3103 gignendi
837 3039 1033 3081 casus
1079 3018 1430 3082 distabant
1470 3018 1742 3104 Nigidio
1799 3017 1949 3100 (sed
1995 3016 2251 3080 Gellius
2293 3016 2361 3079 in
2405 3023 2695 3100 utroque

471 3115 758 3179 mediam
782 3115 1109 3202 syllabam
1134 3118 1424 3180 acuebat
1441 3164 1456 3190 ‚
1486 3139 1631 3191 xm,
1650 3115 1789 3199 25),
1818 3114 1979 3178 item
2000 3113 2337 3199 Vergilius
2369 3115 2541 3178 Caeli
2560 3139 2693 3200 spa-

473 3216 624 3277 tium
649 3215 719 3277 in
750 3214 866 3278 ecl.
886 3237 983 3288 111,
1011 3214 1133 3278 ‘105
1166 3234 1302 3278 non
1332 3215 1463 3278 alio
1496 3236 1665 3278 sono
1697 3213 1984 3299 protulit
2012 3234 2214 3296 quam
2242 3213 2300 3276 si
2330 3215 2572 3277 caelu-m
2601 3213 2691 3276 di-

475 3332 627 3375 cere
655 3312 982 3375 voluisset
999 3359 1014 3385 ,
1040 3311 1264 3375 Varro
1287 3313 1521 3377 Plautii
1548 3333 1793 3376 nomen
1813 3332 1953 3375 non
1982 3310 2178 3388 aliter
2200 3310 2475 3374 dicebat
2500 3333 2689 3396 quam

474 3410 721 3473 Plauti.
764 3409 947 3472 hunc
979 3409 1150 3472 enim
1183 3409 1268 3472 dc
1297 3409 1525 3494 lingua
1552 3409 1797 3474 Latina
1825 3433 1951 3474 vm
1982 3433 2045 3495 p.
2064 3409 2189 3472 419
2215 3409 2314 3472 ita
2344 3410 2690 3494 scripsisse

473 3514 641 3594 puto
673 3509 851 3591 (nam
872 3507 1226 3571 Ritschelii
1249 3513 1318 3570 et
1340 3507 1684 3591 Spengelii
1706 3509 2082 3572 sententiae
2100 3554 2116 3582 ,
2149 3527 2321 3592 quae
2345 3509 2688 3593 expositae

476 3616 635 3672 sunt
660 3608 730 3671 in
751 3606 1066 3691 Parergis
1089 3605 1417 3669 Plautinis
1441 3627 1504 3689 p.
1525 3604 1604 3668 25
1626 3653 1641 3679 ,
1670 3606 1833 3669 mihi
1854 3626 1992 3669 non
2015 3606 2181 3669 satis
2204 3605 2527 3690 faciunt),
2559 3607 2688 3670 Dis-

472 3708 698 3770 similia
728 3703 1195 3790 (Florentinus
1227 3705 1547 3789 dissimile)
1580 3704 1835 3767 Plautus
1864 3715 1920 3767 et
1945 3704 2227 3789 Plautius
2246 3751 2264 3783 ,
2306 3714 2361 3768 et
2391 3726 2688 3767 commuue

473 3805 568 3869 M.
603 3804 817 3887 (Flor.
853 3807 951 3888 ut)
996 3804 1176 3866 huius
1205 3796 1426 3865 Plauti
1459 3815 1513 3867 et
1542 3803 1751 3866 Blae-ci
1790 3802 1813 3885 (
1826 3801 2002 3864 Flor.
2031 3802 2308 3884 marci)3
2351 3801 2479 3864 nisi
2509 3799 2685 3884 quod

474 3903 633 3965 huuc
663 3903 975 3966 Plautium
1019 3901 1152 3983 (sic
1184 3900 1353 3963 enim
1387 3902 1629 3965 iterum
1661 3899 1911 3963 dicitur
1944 3920 2167 3962 rerum
2195 3899 2597 3963 rusticarum
2623 3920 2687 3969 11,

477 4000 533 4074 5,
553 4001 624 4082 5)
657 3998 945 4082 exempli
975 4020 1181 4062 causa
1206 3999 1296 4063 M.
1328 3998 1492 4078 feci,
1523 4000 1711 4062 cuius
1734 4019 1967 4061 verum
1991 4019 2403 4081 praenomen
2426 3998 2686 4083 ignoro:

474 4097 599 4162 sed
628 4097 828 4182 paulo
860 4105 1021 4179 post
1041 4146 1056 4172 ,
1086 4120 1149 4182 p.
1169 4098 1291 4161 424
1312 4146 1327 4172 ,
1357 4099 1474 4163 ubi
1504 4096 1933 4181 perspicuum
1966 4104 2072 4160 est
2094 4095 2527 4160 scribendum
2552 4115 2687 4159 esse

472 4221 633 4260 nunc
648 4220 885 4282 ponam
902 4198 1284 4280 potissimum
1314 4220 1451 4259 eam
1481 4195 1693 4280 (Flor.
1712 4196 1878 4280 iam)
1913 4218 2037 4280 qua
2067 4195 2357 4258 divid-itur
2386 4195 2582 4258 oratio
2608 4215 2688 4256 se-

476 4296 740 4358 cuudum
781 4305 1070 4357 naturam
1109 4295 1175 4355 iu
1204 4304 1490 4378 quattuor
1520 4294 1723 4378 partis
1743 4340 1761 4372 ,
1805 4293 1899 4355 ibi
1940 4293 2007 4355 in
2038 4291 2432 4356 Florentino
2467 4298 2572 4355 est
2607 4314 2688 4353 se-

476 4394 675 4457 cunda
698 4404 764 4455 ut
781 4403 1068 4455 naturam
1085 4439 1102 4469 ‚
1133 4401 1199 4453 ut
1218 4411 1344 4475 pro
1368 4414 1464 4453 m.
1498 4411 1634 4454 non
1662 4388 1859 4453 aliter
1883 4397 2104 4454 autem
2130 4411 2331 4474 quam
2357 4388 2688 4475 Vergilius
