2840 5008
1110 391 1236 459 1111
2166 390 2197 456 1
2217 379 2301 456 17

59 586 321 650 corpora
348 585 466 627 res
499 564 745 627 multae
763 612 778 639 ‚
800 564 1039 650 partim
1074 563 1561 628 diffusa'solute
1579 613 1593 638 ‚

56 681 273 744 robora
305 701 435 743 ceu
462 678 718 743 fumum
747 680 1018 743 mittunt
1046 680 1370 764 igne—sque
1399 700 1719 763 vaporem
1739 730 1752 752 ‚

59 804 111 858 et
132 794 366 880 partim
401 802 728 859 contexta
755 795 962 879 magis
993 792 1472 878 condensaque
1491 843 1507 869 ‚
1528 802 1606 857 ut
1636 795 1789 858 olim

28 931 179 971 ‚cum
212 908 452 973 teretis
485 922 749 995 ponunt
778 910 1037 972 tunicas
1068 917 1321 973 aestate
1353 908 1656 979 cicadae,

59 1032 109 1086 et
133 1024 311 1087 vituli
342 1046 501 1088 cum
529 1026 949 1087 membranas
982 1022 1067 1086 de
1098 1045 1381 1109 corpore
1411 1046 1668 1088 summo

17 1159 22 1196 ο
61 1147 391 1203 nascentes
421 1139 733 1214 mittunt,
757 1148 824 1203 et
852 1140 1006 1202 item
1039 1160 1184 1202 cum
1217 1139 1474 1203 lubrica
1501 1161 1780 1224 serpens

60 1254 216 1316 exuit
242 1254 309 1316 in
342 1254 561 1340 spinis
592 1262 881 1317 vestem:
903 1275 1055 1317 nam
1086 1275 1288 1340 saepe
1317 1253 1625 1318 videmus

60 1369 291 1432 illorum
323 1368 563 1455 spoliis
593 1390 836 1454 vepres
864 1369 1298 1434 volitantibus
1331 1377 1594 1433 auctas:

61 1505 206 1568 quae
237 1484 561 1569 quoniam
588 1483 755 1547 fiunt
774 1533 788 1559 ,
811 1485 1029 1548 tenuis
1062 1499 1335 1569 quoque
1367 1484 1569 1549 debet
1595 1485 1813 1571 imago

61 1599 128 1661 ab
155 1599 350 1662 rebus
381 1598 594 1674 mitti,
619 1620 872 1662 summo
904 1598 989 1662 de
1020 1622 1305 1686 corpore
1333 1621 1584 1663 rerum.

17 1725 25 1772 ι
62 1734 188 1777 nam
216 1736 336 1778 cur
363 1713 485 1777 illa
514 1711 763 1804 cadant
792 1715 1000 1800 magis
1028 1716 1113 1778 ab
1143 1716 1478 1801 rebusque
1508 1714 1831 1780 recedant

63 1848 231 1909 quam
260 1849 439 1913 quae
472 1829 697 1892 tenvia
727 1838 884 1893 sunt
901 1878 916 1903 ‚
938 1828 1309 1893 hiscendist
1336 1830 1521 1893 nulla
1547 1840 1883 1918 potestas;

63 1925 431 2026 praesertim
462 1965 614 2006 cum
643 1944 777 2007 sint
803 1944 872 2006 in
902 1945 1170 2008 summis
1200 1967 1489 2029 corpora
1518 1947 1719 2010 rebus

64 2057 238 2121 multa
264 2059 557 2133 minuta,
578 2057 701 2121 iaci
735 2080 905 2143 quae
937 2060 1198 2144 possint
1228 2058 1463 2123 ordine
1495 2059 1732 2124 eodem

66 2193 175 2254 quo
201 2171 453 2236 fuerint
470 2221 486 2247 ‚
511 2181 579 2236 et
606 2172 842 2236 formai
872 2195 1141 2237 servare
1169 2174 1444 2259 figuram
1462 2224 1477 2251 ‚

17 2297 27 2344 b
65 2293 116 2348 et
138 2287 336 2351 multo
370 2287 604 2362 citiuS‚
630 2296 879 2372 quanto
912 2288 1126 2352 minus
1154 2288 1534 2374 indupediri

66 2421 249 2483 pauca
279 2409 541 2486 queunt
572 2414 640 2464 et
669 2423 839 2486 quae
871 2411 1028 2466 sunt
1056 2403 1267 2491 prima
1294 2404 1517 2468 fronte
1549 2406 1800 2470 locata.

65 2536 188 2578 nam
216 2525 399 2581 certe
428 2518 651 2581 iacere
681 2539 758 2580 ac
787 2518 1010 2605 largiri
1041 2520 1247 2583 multa
1275 2520 1610 2595 videmus,

20 2716 21 2725 ἵ
63 2649 174 2691 non
202 2631 417 2694 solum
451 2653 537 2694 ex
567 2632 701 2695 alto
733 2634 1134 2718 penitusque
1155 2684 1168 2709 ‚
1191 2641 1264 2697 ut
1296 2634 1580 2698 diximus
1611 2644 1764 2700 ante
1784 2685 1798 2710 ‚
1958 2643 1968 2720 J

66 2764 264 2807 verum
295 2744 381 2809 de
420 2747 690 2811 summis
718 2747 936 2834 ipsum
968 2770 1236 2834 quoque
1268 2771 1471 2835 saepe
1502 2737 1822 2815 colorem.

19 2864 30 2912 ί
68 2866 118 2919 et
142 2860 333 2945 volgo
364 2861 625 2924 faciunt
654 2861 720 2924 id
752 2862 933 2925 lutea
961 2885 1290 2948 russaque
1319 2864 1471 2927 vela

67 2979 118 3034 et
140 2972 476 3060 ferrugina
491 3023 507 3049 ‚
532 2997 679 3038 cum
698 3026 712 3050 ‚
736 2978 989 3062 magnis
1018 2979 1278 3042 intenta
1309 2979 1590 3043 theatris
1607 3027 1621 3052 ‚

67 3106 163 3169 per
187 3090 402 3153 malos
434 3090 704 3175 volgata
732 3092 1095 3177 trabesque
1126 3095 1480 3158 trementia
1506 3093 1781 3159 flutant:

68 3220 321 3288 namque
348 3205 448 3269 ibi
477 3227 866 3269 consessum
898 3208 1125 3270 caveai
1156 3217 1389 3294 supter
1420 3216 1487 3272 et
1517 3202 1775 3273 omnem

69 3320 300 3382 scaenai
331 3319 625 3403 speciem
655 3320 950 3404 pulcram
981 3323 1367 3407 variumque
1399 3323 1711 3387 decorem

19 3438 31 3483 θ
69 3427 338 3497 inficiunt
370 3442 757 3519 coguntque
787 3418 910 3499 suo
940 3435 1199 3501 fluitare
1231 3438 1492 3502 colore:

69 3554 123 3606 et
147 3557 392 3629 quanto
424 3549 669 3612 circum
698 3536 889 3635 mage
922 3560 1080 3616 sunt
1108 3560 1395 3638 angusta
1422 3552 1670 3617 theatri

68 3663 295 3725 moenia
313 3713 328 3739 ,
351 3671 493 3727 tam
522 3665 728 3750 magis
756 3664 927 3728 haec
955 3668 1135 3731 intus
1168 3667 1441 3754 perfusa
1469 3668 1700 3752 lepore

69 3776 257 3840 omnia
285 3776 645 3843 conrident
675 3790 991 3866 correpta
1018 3782 1166 3845 luce
1199 3781 1331 3845 diei
1348 3831 1361 3844 .

70 3906 202 3974 ergo
230 3893 436 3958 lintea
466 3891 553 3955 de
582 3915 836 3968 summo
870 3917 1016 3958 cum
1048 3918 1333 3983 corpore
1363 3896 1585 3979 fucum

21 4009 34 4052 ⁵
76 4003 346 4088 mittunt,
373 4007 628 4094 effigias
644 4016 929 4095 'quoque
961 4009 1212 4075 debent
1239 4013 1503 4076 mittere
1533 4012 1751 4075 tenvis

77 4284 126 4331 63
159 4282 284 4338 debe
319 4282 339 4357 u
386 4296 452 4341 68
494 4307 702 4344 eorum.
758 4292 780 4361 Η
834 4299 893 4345 71
935 4311 1070 4364 quae
1106 4301 1371 4349 omissum.
1432 4297 1450 4365 Η
1506 4302 1567 4348 72
1608 4296 1784 4368 iergiri
1841 4299 1861 4367 ΙΙ
1917 4307 1977 4352 77
2017 4298 2234 4353 fluctus.
2287 4300 2308 4369 ΙΙ

81 4366 131 4413 79
162 4365 373 4424 Scaenal
412 4371 432 4440 ΙΙ
470 4382 700 4442 patrum·
716 4384 1047 4447 matrumque
1082 4378 1330 4433 deorum.
1369 4383 1388 4449 ΙΙ
1428 4387 1488 4433 81
1530 4381 1816 4435 inclaustra
