2840 5008
1145 386 1271 452 IIII
1449 410 1477 419 “

48 582 198 624 nam
231 561 529 624 dubium
560 580 697 622 non
729 566 860 631 est,
885 560 1121 622 animai
1154 561 1312 643 quin
1344 581 1552 644 opera
1583 562 1668 625 sit

50 698 289 739 sensus
320 676 442 738 hic
474 675 544 737 in
574 674 769 737 nobis
788 722 802 748 ,
828 694 1022 756 quem
1054 695 1202 735 cum
1231 695 1440 760 sopor
1468 675 1728 759 inpedit
1759 698 1932 754 esse,

53 801 187 854 tum
216 791 428 854 nobis
463 790 748 852 animam
781 779 1238 871 perturbatam
1271 809 1417 851 esse
1452 790 1889 875 putandumst

57 907 485 988 eiectamque
516 901 702 966 foras
722 927 737 976 ς
761 923 897 964 non
928 923 1221 964 omnem:
1247 924 1531 987 namque
1560 907 1810 970 iaceret

57 1027 336 1082 aeterno
372 1039 627 1102 corpus
658 1016 999 1101 perfusum
1028 1016 1275 1101 frigore
1304 1018 1448 1082 leti.

15 1149 25 1195 s
59 1134 310 1218 quippe
332 1182 349 1209 ,
376 1132 493 1196 ubi
524 1132 708 1194 nulla
734 1132 950 1195 latens
981 1132 1216 1194 animai
1244 1154 1405 1216 pars
1435 1145 1810 1200 remaneret

60 1250 122 1310 in
149 1247 480 1311 membris
501 1296 517 1321 ‚
544 1246 765 1310 cinere
794 1255 872 1309 ut
898 1245 1104 1309 multa
1132 1245 1294 1309 latet
1323 1247 1605 1311 obrutus
1634 1250 1805 1333 ignis
1823 1300 1838 1325 ‚

63 1362 238 1426 unde
268 1360 642 1425 reconflari
670 1382 903 1423 sensus
932 1381 1054 1444 per
1082 1361 1377 1425 membra
1405 1372 1682 1447 repente

16 1511 17 1514 ¹
64 1486 336 1560 posset,
369 1484 448 1539 ut
479 1497 565 1538 ex
593 1475 728 1560 igni
759 1496 959 1538 caeco
993 1495 1400 1560 consurgere
1431 1476 1735 1540 flamma?

143 1591 288 1654 Sed
323 1590 576 1674 quibus
604 1588 774 1651 haec
801 1589 1001 1651 rebus
1031 1590 1298 1653 novitas
1330 1591 1578 1654 confiat
1595 1641 1609 1667 ‚
1636 1599 1702 1655 et
1728 1593 1908 1656 unde

15 1721 30 1766 o
63 1691 453 1791 perturbari
484 1704 705 1766 anima
736 1711 803 1766 et
832 1725 1078 1788 corpus
1106 1703 1541 1789 languescere
1572 1708 1819 1791 possit,

68 1819 460 1905 expediam:
483 1826 561 1882 tu
588 1818 696 1881 fac
726 1840 811 1880 ne
839 1819 1058 1881 ventis
1086 1819 1296 1882 verba
1324 1819 1756 1903 profundam.

68 1935 400 2021 principio
433 1944 714 1997 externa
744 1954 993 2018 corpus
1025 1932 1110 1995 de
1138 1942 1334 2017 parte
1365 1956 1716 1998 necessum
1748 1946 1882 2012 est,

72 2051 267 2114 aeriis
302 2048 615 2134 quoniam
646 2048 1255 2133 vicinum'tangitur
1285 2050 1461 2112 auris
1479 2100 1493 2125 ‚

72 2164 345 2227 tundier
373 2171 579 2247 atque
609 2163 693 2226 ab
723 2164 871 2227 ibus
904 2165 1142 2228 crebro
1173 2164 1501 2258 pulsarier
1530 2164 1697 2239 ictu,

15 2281 36 2362 b
73 2287 572 2366 proptereaque
601 2278 742 2340 fere
770 2299 880 2340 res
912 2300 1140 2341 omnes
1172 2287 1287 2342 aut
1316 2281 1499 2343 corio
1532 2288 1689 2342 sunt

78 2404 187 2458 aut
218 2395 417 2458 etiam
449 2392 723 2455 conchis
753 2401 869 2455 aut
899 2392 1068 2455 callo
1100 2372 1216 2457 aut
1246 2395 1496 2457 cortice
1525 2401 1778 2457 tectae.

78 2510 460 2573 interiorem
490 2508 683 2571 etiam
713 2516 971 2592 partem
1003 2509 1406 2594 spirantibus
1439 2517 1552 2574 aer

79 2625 393 2688 verberat
419 2623 530 2686 hic
558 2621 733 2685 idem
753 2672 767 2698 ,
792 2644 939 2685 cum
971 2621 1237 2687 ducitur
1266 2633 1472 2708 atque
1502 2625 1806 2688 reflatur.

16 2768 17 2775 ¹
83 2760 283 2823 quare
312 2739 647 2823 utrimque
677 2758 869 2801 secus
903 2759 1050 2799 cum
1081 2759 1326 2823 corpus
1359 2739 1633 2825 vapulet
1652 2789 1665 2813 ‚
1691 2747 1759 2803 et
1790 2761 1938 2801 cum

15 2866 61 2915 lo·
82 2853 475 2938 perveniant
503 2853 739 2938 plagae
768 2873 891 2936 per
919 2873 1131 2936 parva
1158 2851 1484 2917 foramina
1513 2854 1705 2918 nobis

85 2966 380 3053 corporis
412 2965 502 3029 ad
530 2967 772 3051 primas
804 2968 1013 3051 partis
1046 2968 1504 3052 elementaque
1534 2970 1777 3053 prima,

16 3098 19 3169 J
83 3082 155 3144 fit
181 3082 373 3166 quasi
401 3081 718 3167 paulatim
746 3082 940 3145 nobis
972 3103 1091 3168 per
1120 3083 1415 3147 membra
1443 3085 1633 3146 ruina
1651 3131 1664 3144 .

16 3236 17 3269 1
88 3197 568 3260 conturbantur
599 3198 767 3259 enim
795 3197 1137 3282 positurae
1167 3198 1645 3284 principiorum

90 3311 381 3397 corporis
413 3318 615 3394 atque
646 3287 873 3374 animi.
894 3311 971 3374 fit
998 3313 1095 3376 uti
1124 3334 1284 3397 pars
1314 3311 1471 3375 inde
1503 3313 1739 3375 animai

15 3432 50 3501 15
89 3425 348 3490 eiciatur
367 3477 383 3502 ‚
408 3435 476 3490 et
502 3427 864 3489 introrsum
895 3448 1054 3511 pars
1088 3425 1314 3491 abdita
1345 3426 1574 3503 cedat,

16 3524 17 3527 Ἴ
89 3562 232 3625 pars
264 3542 461 3605 etiam
493 3540 817 3605 distracta
843 3563 965 3626 per
995 3550 1181 3605 artus
1210 3564 1346 3605 non
1379 3550 1581 3627 queat
1612 3564 1758 3605 esse

16 3648 17 3683 ¹
93 3656 434 3720 coniuncta
462 3656 637 3720 inter
668 3679 741 3719 se
769 3679 989 3741 neque
1018 3664 1200 3720 motu
1233 3667 1462 3721 mutua
1489 3658 1701 3742 fungi:

93 3769 247 3834 inter
278 3773 451 3836 enim
481 3772 700 3855 saepit
728 3780 962 3836 coetus
991 3778 1232 3835 natura
1259 3772 1567 3857 viasque:

95 3904 239 3971 ergo
266 3909 510 3950 sensus
542 3887 684 3951 abit
712 3888 984 3951 mutatis
1014 3888 1302 3950 motibus
1334 3888 1499 3951 alte.

15 4008 60 4083 ΡΟ
99 4007 157 4061 et
183 4002 489 4084 quoniam
519 4024 659 4065 non
690 4010 795 4065 est
826 4002 1017 4086 quasi
1047 4002 1235 4085 quod
1265 4002 1595 4066 suffulciat
1624 4011 1810 4066 artus
1828 4052 1841 4077 ‚

16 4136 19 4177 l
98 4111 294 4179 debile
321 4118 396 4181 fit
427 4139 679 4202 corpus
699 4163 714 4190 ‚
736 4117 1311 4202 languescuntque
1343 4118 1563 4180 omnia
1593 4119 1920 4193 membra,

16 4244 19 4309 J

2109 479 2114 482 γ
2205 394 2337 460 145

101 4362 186 4410 928
220 4361 401 4417 Possit
438 4365 458 4434 ΙΙ
497 4370 598 4416 929
638 4364 836 4417 conflat
874 4363 892 4433 ΙΙ
931 4370 1027 4415 934
1066 4372 1223 4432 atque
1261 4365 1371 4416 eius
1410 4367 1431 4432 ΙΙ
1470 4370 1567 4417 936
1606 4366 1746 4435 gallo
1787 4365 1806 4434 ΙΙ
1843 4373 1938 4417 945
1978 4364 2232 4418 Eliciatur

1867 4466 1941 4527 10
