2840 5008
326 846 421 891 335

329 1420 427 1467 340

329 1994 425 2040 345

333 2570 431 2618 350

337 3145 432 3190 355

336 3720 435 3768 360

476 313 614 380 168
1564 316 1633 381 V

470 507 676 570 quare
706 487 900 550 etiam
931 486 1256 572 quaedam
1287 511 1464 552 nunc
1492 499 1673 554 artes
1705 493 2161 577 expoliuntur,

467 622 645 664 nunc
675 603 867 664 etiam
896 612 1294 688 augescunt:
1320 625 1500 667 nunc
1530 604 1760 668 addita
1791 607 2066 692 navigiis
2097 618 2256 672 sunt

470 715 707 790 multa,
730 715 930 779 modo
965 719 1258 802 organici
1290 719 1558 782 melicos
1588 741 1911 805 peperere
1942 743 2255 796 sonoreS,

469 828 756 914 denique
787 841 1024 896 natura
1051 833 1219 896 haec
1247 855 1469 896 rerum
1500 835 1808 919 ratioque
1840 845 2175 921 repertast

470 966 683 1029 nuper
702 995 716 1022 ‚
743 953 807 1008 et
834 947 1009 1010 hanc
1039 948 1288 1032 primus
1321 970 1466 1011 cum
1498 950 1725 1035 primis
1755 951 1899 1035 ipse
1928 960 2241 1037 repertus

470 1082 646 1123 nunc
678 1081 802 1145 ego
833 1084 977 1124 sum
1005 1063 1071 1124 in
1104 1064 1356 1147 patrias
1388 1064 1498 1147 qui
1531 1066 1779 1149 possim
1808 1073 2072 1130 vertere
2102 1089 2336 1132 voces.

473 1174 659 1259 quod
689 1177 744 1238 si
772 1176 948 1240 forte
977 1177 1184 1241 fuisse
1216 1185 1370 1241 ante
1399 1177 1530 1241 hac
1563 1178 1792 1243 eadem
1824 1181 2042 1243 omnia
2071 1182 2290 1246 credis
2309 1233 2324 1258 ‚

471 1288 594 1353 sed
623 1292 897 1376 periisse
928 1293 1267 1358 hominum
1298 1295 1581 1357 torrenti
1610 1295 1832 1358 saecla
1861 1317 2143 1382 vapore,

474 1412 591 1468 aut
619 1395 939 1486 cecidisse
969 1410 1151 1472 urbis
1183 1430 1425 1494 magno
1458 1409 1806 1472 vexamine
1836 1410 2062 1473 mundi
2081 1461 2096 1485 ‚

473 1528 590 1584 aut
619 1541 703 1582 ex
731 1521 1049 1585 imbribus
1079 1523 1377 1587 adsiduis
1410 1523 1626 1586 exisse
1654 1544 1936 1608 rapaces

469 1656 592 1719 per
620 1641 834 1698 terras
864 1658 1090 1700 amnes
1121 1646 1322 1722 atque
1355 1636 1607 1721 oppida
1636 1639 2093 1723 cooperuisse,

471 1756 665 1814 tanto
698 1751 942 1835 quique
971 1753 1177 1838 magis
1208 1753 1429 1816 victus
1458 1752 1710 1815 fateare
1743 1763 2085 1816 necessest

475 1864 740 1927 exitium
775 1887 1043 1951 quoque
1074 1875 1399 1931 terrarum
1432 1867 1729 1950 caelique
1758 1866 2086 1931 futurum:

470 2000 621 2042 nam
652 2002 798 2042 cum
828 2003 936 2043 res
967 1969 1169 2046 tantis
1201 1983 1450 2045 morbis
1482 1982 1821 2066 tantisque
1853 1983 2117 2066 periclis

473 2102 959 2182 temptarentur
977 2148 991 2174 ‚
1013 2099 1103 2162 ibi
1133 2098 1188 2159 si
1216 2097 1472 2161 tristior
1500 2096 1911 2161 incubuisset

476 2229 710 2286 causa,
736 2209 975 2276 darent
1001 2212 1134 2276 late
1166 2211 1423 2276 cladem
1453 2233 1860 2297 magnasque
1890 2212 2142 2275 ruinaS.

475 2345 600 2387 nec
627 2325 885 2389 ratione
916 2327 1045 2390 alia
1073 2327 1387 2390 mortales
1422 2347 1568 2389 esse
1598 2326 1902 2390 videmur
1921 2375 1935 2401 ,

473 2439 650 2504 inter
677 2463 801 2506 nos
829 2442 953 2504 nisi
986 2440 1169 2527 quod
1199 2440 1447 2504 morbis
1479 2443 1923 2527 aegrescimus
1952 2440 2129 2504 idem

476 2562 679 2640 atque
705 2556 796 2620 illi
831 2579 1003 2642 quos
1034 2580 1075 2621 a
1103 2558 1240 2620 vita
1269 2564 1511 2620 natura
1538 2558 1823 2621 removit
1845 2606 1858 2619 .

556 2669 918 2735 Praeterea
949 2695 1119 2758 quae
1150 2694 1431 2757 cumque
1461 2680 1728 2736 manent
1757 2679 2029 2735 aeterna
2058 2682 2405 2737 necessust

479 2792 627 2859 aut,
653 2787 806 2869 quia
837 2796 992 2852 sunt
1024 2787 1242 2851 solido
1276 2809 1424 2850 cum
1456 2809 1741 2873 corpore
1760 2836 1774 2862 ‚
1796 2808 2117 2872 respuere
2144 2787 2318 2850 ictus

479 2921 603 2963 nec
631 2909 984 2985 penetrare
1014 2903 1155 2989 pati
1185 2903 1309 2965 sibi
1340 2905 1695 2986 quicquam
1731 2901 1914 2987 quod
1948 2909 2149 2985 queat
2178 2892 2366 2966 artas

481 3013 844 3079 dissociare
872 3018 1051 3080 intus
1080 3018 1290 3103 partis
1311 3066 1325 3092 ,
1349 3024 1422 3079 ut
1451 3018 1749 3081 materiai

478 3151 766 3215 corpora
795 3141 984 3206 sunt,
1011 3154 1293 3216 quorum
1323 3138 1629 3194 naturam
1662 3129 2075 3195 ostendimus
2107 3139 2291 3205 ante,

480 3252 596 3308 aut
621 3244 777 3308 ideo
809 3245 1050 3312 durare
1080 3254 1367 3310 aetatem
1399 3267 1600 3331 posse
1630 3267 1751 3331 per
1783 3266 2070 3320 omnem,

477 3360 823 3446 plagarum
855 3363 1010 3446 quia
1037 3369 1197 3424 sunt
1227 3360 1527 3445 expertia
1547 3410 1561 3436 ‚
1585 3361 1758 3424 sicut
1784 3361 1980 3422 inane
2012 3368 2142 3434 est,

482 3474 670 3559 quod
698 3483 923 3539 manet
950 3476 1270 3539 intactum
1300 3497 1521 3559 neque
1552 3476 1634 3539 ab
1663 3476 1803 3539 ictu
1830 3474 2128 3560 fungitur
2156 3475 2391 3549 hilum,

480 3599 597 3656 aut
627 3591 821 3655 etiam
853 3592 1010 3676 quia
1039 3591 1220 3654 nulla
1247 3591 1377 3654 loci
1406 3591 1481 3654 fit
1511 3591 1704 3675 copia
1734 3591 2012 3665 circum,

481 3727 614 3791 quo
647 3708 837 3792 quasi
867 3728 975 3770 res
1004 3706 1271 3792 possint
1302 3704 1649 3769 discedere
1682 3704 2121 3790 dissoluique‚

480 3821 652 3885 sicut
681 3843 1080 3885 summarum
1110 3843 1364 3884 summa
1393 3830 1498 3884 est
1528 3828 1800 3884 aeterna
1820 3869 1835 3895 ‚
1856 3841 2074 3904 neque
2107 3825 2298 3882 extra

484 3935 596 4019 qui
625 3936 813 4000 locus
847 3943 951 4000 est
981 3957 1114 4021 quo
1148 3935 1509 4010 dissiliant,
1541 3957 1759 4019 neque
1792 3956 2081 4020 corpora
2110 3941 2265 3997 sunt
2296 3955 2472 4017 quae

479 4051 743 4137 possint
768 4050 1061 4115 incidere
1093 4058 1161 4114 et
1188 4050 1412 4114 valida
1443 4049 1812 4115 dissolvere
1842 4049 2070 4136 plaga.

488 4303 585 4348 339
621 4296 827 4366 perisse
866 4297 885 4367 ΙΙ
923 4301 1019 4349 342
1058 4307 1112 4350 at
1146 4299 1165 4366 ΙΙ
1208 4303 1304 4348 359
1341 4298 1409 4349 sit
