2840 5008
1220 397 1287 464 V
2038 385 2044 394 ’
2219 397 2356 465 319

345 567 694 628 ΙΟἈιιίωαω
730 579 785 625 et
820 573 1049 626 animum
1083 591 1191 626 non
1227 589 1390 643 posse
1430 587 1549 624 esse
1584 573 1700 624 sine
1733 588 1958 641 corpore

447 657 531 709 De
567 655 696 709 solis
732 662 787 708 et
821 655 977 708 lunae
1015 656 1302 709 effectione

447 740 532 791 De
565 738 841 791 nativitate
876 737 1057 790 mundi
1094 746 1146 790 et
1183 737 1263 789 dis

446 820 709 873 Mundum
746 837 854 872 non
892 836 1013 872 esse
1048 820 1113 872 ab
1151 819 1610 889 disconpositione
1648 835 1823 871 rerum
1861 836 1961 887 que

445 906 686 957 stitutum
723 903 776 955 in
815 921 879 955 eo
914 911 1037 956 sunt

347 987 412 1038 15
451 987 550 1040 Cui
584 1003 709 1056 pars
744 987 924 1038 nativa
957 987 1028 1038 sit
1060 993 1231 1039 totum
1266 985 1502 1038 nativum
1539 1001 1661 1037 esse

445 1069 530 1121 De
566 1068 830 1121 centauris
867 1068 934 1121 de
969 1070 1135 1122 sculla
1170 1068 1237 1122 de
1272 1075 1418 1121 terra
1452 1067 1520 1120 de
1555 1084 1690 1137 aqua
1725 1067 1791 1120 de
1828 1070 1949 1122 aere
1986 1068 2097 1120 sive

446 1153 619 1204 anima
653 1152 721 1206 de
755 1153 1018 1206 chimeera

348 1235 417 1288 32
456 1235 540 1287 De
577 1235 699 1287 lune
735 1252 891 1289 cursu

448 1316 532 1368 De
569 1316 654 1369 die
689 1317 854 1386 longo
894 1323 948 1368 et
982 1317 1131 1368 brevi
1167 1324 1324 1368 nocte

448 1417 516 1452 ex
552 1399 640 1451 ida
675 1400 822 1452 viseo
858 1400 989 1453 solis
1069 1401 1072 1404 ’

99 1535 373 1617 itaque
402 1532 586 1596 hune
613 1533 686 1596 in
715 1531 951 1596 codice
981 1531 1357 1618 archetypo
1389 1532 1499 1597 vel
1524 1531 1661 1596 hoe
1682 1532 1792 1597 vel
1811 1532 2141 1596 simillimo
2162 1529 2366 1598 mod'o

105 1631 551 1716 dispositum
578 1630 787 1694 fuisse
819 1630 1126 1695 existimo
1147 1678 1161 1693 .

242 1777 413 1841 Plus
442 1777 826 1842 hominibus
853 1776 1192 1862 profuisse
1224 1776 1340 1861 qui
1369 1776 1769 1859 sapientiam
1795 1777 2129 1841 invenerit

244 1896 453 1959 quam
486 1874 796 1939 Cererem
825 1875 1144 1940 Liberum
1172 1874 1566 1938 Herculem.

246 1975 560 2037 Animam
588 1974 885 2037 nativam
916 1993 1065 2037 esse
1085 2022 1098 2037 .
1582 1991 1585 1996 ·
1810 2037 1815 2040 ,

242 2071 355 2134 ΒΕ
386 2069 635 2133 mundo
656 2118 671 2132 ·
1665 2097 1689 2134 5
1715 2097 1776 2134 De
1800 2098 1918 2135 lunae
1943 2097 2091 2135 lumine
2111 2124 2119 2134 .

245 2168 356 2232 De
387 2168 548 2232 solis
580 2177 647 2231 et
675 2168 871 2232 lunae
903 2191 1137 2234 eursu.
1664 2192 1725 2229 ne
1750 2194 1844 2230 ma
1870 2195 2146 2243 temporibus.

248 2267 448 2330 Mare
479 2266 738 2330 eaelum
766 2274 1014 2330 terram
1043 2265 1398 2329 interitura
1416 2313 1429 2326 .
1669 2290 1729 2327 ne
1755 2291 1932 2341 πυρῇ.

123 2394 185 2432 ιο
257 2365 564 2454 Animam
599 2372 667 2428 et
695 2365 984 2427 animum
1013 2384 1151 2426 non
1179 2383 1383 2448 posse
1416 2382 1565 2425 esse
1596 2363 1738 2426 sine
1770 2384 1917 2426 cor·

246 2483 424 2548 POI'G
443 2510 458 2526 .
756 2488 817 2525 De
844 2488 943 2526 solis
971 2492 1010 2526 et
1034 2488 1150 2526 lunae
1177 2486 1390 2525 effectione
1410 2513 1422 2523 .
1743 2487 1804 2527 De
1829 2488 2035 2526 nativitate
2059 2485 2200 2526 mundi
2226 2491 2265 2525 et
2291 2487 2373 2526 dia·

248 2561 585 2625 Mundum
635 2581 773 2624 non
829 2581 978 2623 esse
1030 2560 1112 2624 ab
1166 2559 1271 2623 dis
1323 2580 1453 2623 con
1475 2586 1696 2634 -positione
1720 2599 1850 2625 rerum
1876 2599 1954 2636 que

251 2659 567 2724 stitutum
587 2706 600 2720 .
620 2685 663 2721 an
690 2696 735 2722 ρο
764 2689 889 2722 mm.
1121 2683 1169 2719 15
1211 2657 1332 2720 Cui
1361 2677 1522 2741 pars
1551 2657 1782 2721 nativa
1811 2658 1928 2733 sit,
1957 2664 2176 2720 totum
2203 2656 2376 2719 nati-

249 2778 416 2820 vum
447 2777 593 2819 esse
616 2803 629 2819 .
709 2782 770 2819 ne
785 2782 998 2820 centauris.
1013 2782 1075 2819 ne
1090 2782 1238 2819 Souna.
1268 2753 1371 2819 De
1388 2763 1588 2819 terra.
1607 2753 1710 2819 De
1729 2777 1920 2842 aqua.
1943 2756 2045 2819 De
2065 2761 2220 2819 aete
2237 2756 2379 2818 sive

250 2855 477 2920 anima
496 2902 510 2916 .
539 2880 599 2917 De
627 2878 833 2918 Chimeera
851 2905 862 2917 .
1044 2852 1148 2916 De
1175 2852 1314 2938 igni
1344 2861 1412 2917 ef}
1444 2854 1586 2918 Sole
1605 2901 1618 2916 .
1650 2881 1742 2919 Non
1768 2882 1952 2931 potuisse
1981 2880 2203 2919 chimeram
2229 2886 2268 2917 et

249 2955 359 3018 De
391 2951 701 3036 lampade
733 2958 799 3014 et
826 2951 1133 3015 lucerna.
1174 2978 1352 3028 s0yum
1378 2982 1417 3015 et
1445 2979 1591 3017 simma
1617 2990 1753 3016 eorum
1777 2954 1915 3030 gigni.

117 3080 186 3120 20
252 3052 363 3115 De
395 3049 712 3113 aedificiis
732 3097 747 3124 ‚
780 3069 978 3132 quem
1007 3046 1370 3111 admodum
1426 3074 1638 3120 Quomodo
1663 3075 1893 3113 hominibus
1921 3076 1980 3112 an.

250 3151 599 3212 intereant
617 3195 631 3209 .
664 3177 756 3210 nata
782 3173 837 3210 uit
862 3172 1025 3210 deorum
1052 3172 1191 3221 opinio
1211 3198 1221 3209 .

256 3246 489 3326 Quare
599 3251 762 3308 nata
876 3245 1097 3307 omnia
1211 3242 1394 3306 dicta
1414 3290 1429 3306 0
1476 3268 1605 3315 Quem
1630 3268 1844 3309 admodum
1869 3282 2007 3307 aurum

258 3344 491 3425 Quare
534 3342 898 3407 aeternitas
944 3363 1093 3405 esse
1138 3341 1356 3428 possit
1379 3388 1392 3403 .
1438 3339 1530 3404 Et
1572 3340 1803 3405 nativa
1849 3361 2030 3405 esse.
2077 3373 2279 3418 argentum

1053 3430 1057 3434 “
1115 3427 1325 3476 plumbum

129 3524 195 3563 25
261 3493 369 3557 De
424 3492 760 3556 Phetonte
820 3489 982 3555 solis
1035 3489 1170 3553 filio
1203 3538 1217 3553 .
1274 3520 1475 3567 repertum
1502 3517 1583 3553 ω.

163 3672 168 3673 7
268 3590 481 3678 Origo
511 3588 743 3654 mundi
773 3598 842 3654 et
872 3588 1162 3652 omnium
1182 3636 1195 3650 .
1229 3615 1357 3661 Quem
1382 3613 1595 3652 admodum
1620 3615 1765 3651 ferrum

256 3690 367 3753 De
397 3689 559 3753 solis
591 3695 660 3752 et
685 3689 885 3751 lunae
914 3685 1371 3772 magnitudine
1391 3735 1405 3751 .
1437 3713 1647 3750 inventum
1674 3711 1758 3749 sit.

257 3789 368 3853 De
398 3787 561 3851 solis
589 3787 1082 3873 magnitudine.

267 3887 376 3950 De
406 3886 566 3949 luna
585 3935 598 3948 .

148 4015 207 4054 30
268 3985 376 4049 De
408 3984 633 4048 calore
664 3983 857 4047 solis.

260 4082 641 4149 Democriti
672 4081 757 4145 de
788 4081 968 4144 sole.

259 4182 368 4246 De
386 4180 543 4245 lune
569 4201 773 4244 eursu
791 4227 805 4241 .
1712 4172 1821 4263 Ex
1840 4173 1961 4237 Ida
1978 4172 2166 4235 viseo
2188 4170 2349 4235 solis
2372 4219 2386 4234 .

767 4276 873 4340 De
892 4275 1002 4339 die
1019 4276 1223 4360 longo
1246 4280 1313 4337 et
1330 4273 1525 4338 brevi
1545 4281 1747 4336 noete
1771 4322 1784 4337 .

321 4392 464 4458 930.
522 4414 673 4456 NEC
731 4384 919 4453 LAnx
984 4410 1386 4455 conroms
1445 4409 1704 4452 ULLA.
1764 4385 2116 4469 Oblongus
2177 4380 2393 4466 prima
