2840 5008
524 382 661 452 118
1585 387 1713 455 ῘΙΙΙ

514 578 623 620 res
655 578 961 643 quaeque
981 607 996 633 ‚
1022 579 1104 622 ex
1135 580 1390 628 summo
1422 561 1734 644 quoniam
1764 561 2135 628 iaculantur
2164 570 2477 648 utraque,

516 680 674 735 sunt
702 673 903 757 igitur
929 674 1058 737 iam
1086 673 1446 738 formarum
1477 675 1763 762 vestigia
1793 682 2007 751 certa,

519 808 690 871 quae
718 788 922 873 volgo
952 789 1239 853 volitant
1267 789 1495 875 suptili
1522 788 1967 876 praeditafilo

515 924 640 966 nec
668 903 1045 989 singillatim
1071 911 1363 989 possunt
1391 912 1654 968 secreta
1685 903 1894 969 videri
1911 954 1924 968 .

312 1087 321 1092 ,
393 1033 459 1078 90
518 1025 871 1104 praeterea
901 1019 1113 1083 omnis
1145 1019 1317 1082 odor
1336 1069 1350 1093 ‚
1372 1018 1592 1083 fumus
1612 1068 1627 1095 ‚
1650 1039 1864 1105 vapor
1883 1069 1897 1095 ‚
1921 1027 2125 1105 atque
2154 1021 2321 1085 aliae
2351 1045 2460 1087 res

518 1134 893 1198 consimiles
912 1184 927 1211 ‚
949 1133 1103 1198 ideo
1136 1133 1375 1198 diffusa
1405 1157 1441 1198 e
1471 1136 1674 1199 rebus
1703 1134 2078 1210 abundant,

517 1270 602 1312 ex
630 1249 767 1313 alto
802 1250 956 1334 quia
986 1249 1142 1313 dum
1172 1250 1481 1324 veniunt,
1506 1249 1900 1314 extrinsecu‘
1931 1257 2109 1315 torte

517 1363 914 1428 scinduntur
943 1386 1064 1451 per
1093 1362 1491 1432 iterssexum
1511 1413 1526 1440 ‚
1547 1385 1672 1427 nec
1702 1373 1888 1429 recta
1916 1365 2169 1429 viarum

517 1479 691 1542 ostia
720 1487 875 1542 sunt
893 1528 907 1555 ‚
932 1501 1065 1564 qua
1093 1477 1507 1542 contendant
1536 1479 1715 1543 exire
1747 1492 1979 1543 coorta
1996 1528 2009 1542 .

390 1610 454 1654 95
517 1603 587 1657 at
616 1601 851 1657 contra
880 1594 1096 1657 tenuis
1128 1573 1359 1660 summi
1390 1591 1771 1659 membrana
1800 1593 2043 1658 coloris

516 1730 663 1770 cum
691 1709 928 1772 iacitur
947 1757 961 1783 ‚
984 1709 1076 1773 nil
1106 1717 1206 1772 est
1239 1708 1424 1794 quod
1454 1731 1599 1772 eam
1629 1708 2012 1796 discerpere
2041 1710 2289 1794 possit,

514 1823 583 1885 in
614 1830 926 1908 promptu
960 1824 1270 1908 quoniam
1303 1833 1407 1889 est
1435 1825 1504 1888 in
1533 1825 1747 1911 prima
1773 1824 1998 1888 fronte
2028 1824 2280 1887 locata.

515 1946 858 2023 postremo
892 1940 1179 2024 speculis
1206 1939 1275 2002 in
1307 1961 1483 2024 aqua
1512 1939 2005 2025 splendoreque
2035 1940 2103 2001 in
2135 1941 2314 2002 omni

517 2074 689 2138 quae
720 2075 1001 2140 cumque
1032 2065 1361 2142 apparent
1389 2056 1584 2119 nobis
1616 2055 1998 2129 simulacra,
2022 2063 2394 2130 necessest,

374 2184 468 2229 100
515 2167 1061 2254 quandoquidem
1091 2170 1280 2233 simili
1312 2171 1536 2255 specie
1567 2178 1725 2235 sunt
1755 2168 2063 2255 praedita
2087 2191 2339 2245 rerum,

518 2283 738 2347 excita
763 2284 1156 2370 imaginibus
1186 2285 1404 2349 missis
1436 2285 1806 2349 consistere
1836 2306 2116 2348 rerum:·

373 2413 468 2459 104
514 2406 670 2461 sunt
695 2399 897 2485 igitur
926 2408 1162 2464 tenues
1189 2400 1552 2464 formarum
1580 2399 1707 2462 illis
1738 2398 2117 2483 similesque

518 2514 774 2601 effigiae
793 2565 808 2590 ‚
832 2516 1210 2602 singillatim
1243 2538 1410 2601 quas
1443 2536 1717 2578 cernere
1746 2536 1943 2577 nemo

519 2651 669 2693 cum
695 2632 913 2718 possit
940 2640 1163 2696 tamen
1183 2679 1198 2704 ‚
1221 2630 1505 2694 adsiduo
1539 2631 1913 2716 crebroque
1943 2630 2216 2715 repulsu
2286 2633 2290 2636 “

517 2746 803 2809 reiectae
831 2744 1129 2813 reddunt
1155 2746 1581 2833 speculorum
1613 2768 1695 2809 ex
1727 2767 2024 2831 aequore
2051 2746 2264 2809 visum
2284 2794 2299 2820 ‚

517 2881 643 2922 nec
670 2862 932 2925 ratione
962 2863 1089 2926 alia
1119 2863 1372 2926 servari
1400 2864 1605 2945 posse
1636 2860 1981 2937 videntur,

518 2982 705 3038 tanto
738 2997 942 3061 opere
972 2985 1044 3041 ut
1076 2978 1317 3041 similes
1345 2975 1720 3041 reddantur
1752 2976 1992 3063 cuique
2020 2975 2271 3060 figurae
2290 3024 2303 3037 .

380 3106 478 3151 110
606 3089 803 3154 Nunc
834 3112 956 3177 age
978 3141 991 3167 ,
1018 3113 1215 3178 quam
1242 3091 1426 3155 tenui
1456 3100 1697 3153 natura
1727 3096 1994 3153 constet
2020 3089 2239 3172 imago

516 3206 821 3291 percipe.
847 3216 914 3270 et
942 3208 1010 3270 in
1037 3207 1265 3293 primis
1285 3256 1300 3282 ,
1327 3205 1637 3290 quoniam
1667 3201 2036 3289 primordia
2062 3208 2320 3265 tantum

519 3331 676 3385 sunt
703 3322 876 3386 infra
903 3332 1174 3386 nostros
1207 3343 1447 3385 sensus
1478 3326 1803 3402 tantoque
1831 3317 2089 3381 minora

522 3458 719 3521 quam
751 3459 921 3522 quae
950 3438 1230 3523 primum
1261 3435 1436 3497 oculi
1466 3438 1785 3517 coeptant
1812 3453 1949 3495 non
1980 3453 2182 3517 posse
2210 3433 2415 3507 tueri,

518 3573 699 3617 nunc
726 3562 948 3616 tamen
977 3549 1046 3612 id
1077 3569 1347 3634 quoque
1375 3548 1473 3610 uti
1504 3547 1883 3611 confirmem
1902 3596 1916 3623 ‚
1942 3547 2220 3611 exordia
2248 3569 2471 3611 rerum

379 3684 469 3728 115
518 3675 905 3730 cunctarum
938 3685 1135 3749 quam
1166 3664 1311 3728 sint·
1329 3663 1599 3749 suptilia
1628 3663 1898 3748 percipe
1926 3664 2188 3749 pauciS.

517 3784 795 3869 primum
826 3780 1129 3845 animalia
1159 3788 1316 3844 sunt
1342 3780 1474 3843 iam
1502 3779 1746 3865 partim
1773 3780 2032 3844 tantula
2050 3828 2065 3855 ‚
2090 3800 2318 3842 corum

518 3897 716 3962 tertia
745 3918 903 3983 pars
933 3897 1116 3960 nulla
1144 3897 1364 3981 possit
1389 3896 1650 3960 ratione
1682 3894 1927 3959 videri.

517 4013 1170 4100 horum-intestinum
1202 4011 1492 4097 quodvis
1524 4011 1718 4096 quale
1749 4033 1897 4074 esse
1927 4007 2393 4097 putandumst!

524 4302 586 4346 90
624 4294 724 4346 alia
761 4294 780 4361 ΙΙ
817 4300 880 4345 92
920 4301 1092 4345 ortae.
1132 4295 1151 4361 ΙΙ
1196 4300 1285 4345 101
1327 4291 1411 4343 Ex
1449 4292 1468 4359 Η
1512 4308 1717 4343 eorum.
1757 4290 1775 4356 11
1819 4296 1910 4342 102
1955 4295 2048 4342 103
2086 4312 2153 4333 =
2189 4295 2250 4340 65
2290 4294 2385 4339 66.
2425 4286 2446 4352 ΙΙ
2489 4293 2581 4339 104
2619 4282 2769 4337 dissi-

523 4378 801 4447 milesque.
841 4375 860 4445 ΙΙ
903 4383 996 4429 116
1036 4393 1242 4430 eorum.
1280 4375 1300 4443 11
1346 4381 1440 4425 118
1478 4374 1682 4426 Harum
