2840 5008
482 416 622 484 226
1547 410 1647 476 IV

480 591 612 652 vela
628 587 920 672 phaselus
948 608 1114 671 aqua
1135 633 1152 662 ,
1205 584 1386 663 Quod
1408 606 1593 669 super
1621 594 1742 658 est,
1777 583 2035 670 sufferre
2054 582 2247 666 pedes
2270 593 2609 667 properate
2641 584 2736 646 la-

484 687 685 749 borem
707 732 721 746 .
752 684 855 747 ubi
868 684 1165 769 ferantur
1191 688 1412 743 autem
1439 680 1933 744 coniunctivum
1964 680 2031 742 in
2053 682 2365 744 membro
2402 682 2492 744 ab
2526 680 2735 742 inter-

483 783 836 867 rogatione
866 780 1209 864 pendente
1237 778 1457 841 locum
1493 776 1749 841 habere
1791 777 1940 860 quis
1980 784 2187 861 neget
2215 777 2249 839 ἱ)
2299 783 2371 839 et
2418 776 2739 839 simillimi

485 889 640 944 sunt
669 880 715 942 ii
745 878 1152 942 coniunctivi
1186 896 1358 961 quos
1388 876 1715 939 habemus
1754 875 1821 938 in
1866 873 2024 938 libri
2047 896 2128 935 111
2159 895 2372 938 versu
2405 874 2533 938 507
2569 883 2641 937 et
2668 875 2737 937 in

484 1002 553 1042 vl
570 978 691 1042 855
725 1026 737 1040 .
777 983 1123 1062 postremo
1162 976 1371 1054 Quone
1401 976 1577 1037 citius
1606 985 1748 1038 eunt
1773 973 2143 1037 rectissime
2177 972 2445 1036 dictum
2480 981 2593 1035 est
2614 1021 2631 1046 ‚
2661 981 2737 1036 ut

484 1077 647 1140 nihil
689 1098 861 1161 opus
905 1076 993 1138 sit
1039 1075 1262 1137 Nonne
1307 1073 1607 1136 scribere
1656 1093 1806 1136 cum
1852 1063 2240 1135 correctore
2288 1071 2627 1155 quadrati
2672 1078 2736 1134 et

484 1174 776 1239 Maru1lo
801 1199 817 1251 ς
849 1172 1035 1257 quod
1063 1172 1133 1234 in
1163 1171 1461 1256 oblongo
1493 1170 1640 1234 solo
1665 1218 1680 1244 ,
1714 1178 1871 1233 ante
1904 1191 2105 1255 quam
2133 1170 2194 1233 is
2225 1171 2736 1254 corrigeretur,

485 1272 613 1336 suit
650 1272 783 1351 Quo
812 1294 1005 1356 neque
1036 1318 1049 1331 .
1097 1267 1547 1348 Quintilianus
1589 1269 1658 1332 in
1690 1292 1733 1337 1,
1759 1269 1911 1342 10‚3
1955 1279 2062 1331 aut
2100 1291 2220 1354 quo
2248 1270 2474 1331 melius
2504 1270 2608 1331 vel
2633 1269 2734 1330 de-

470 1371 689 1457 fendet
714 1391 888 1431 reum
917 1368 1011 1429 vel
1035 1377 1199 1451 reyet
1219 1367 1472 1429 consilia
1501 1369 1608 1452 qui
1638 1366 1908 1429 citharae
1936 1389 2112 1429 sonos
2131 1366 2483 1428 nominibus
2517 1377 2577 1428 et
2594 1389 2735 1450 spa-

487 1470 584 1530 tiis
613 1464 1000 1529 distinxerit?
1043 1465 1177 1528 hoc
1210 1463 1482 1527 dicendi
1511 1485 1723 1549 genus
1753 1463 2184 1548 Propertium
2214 1462 2465 1526 decere
2502 1463 2736 1526 existi-

484 1566 752 1629 mabam
779 1564 846 1624 in
872 1561 1168 1625 disticho
1194 1561 1281 1625 ad
1310 1563 1751 1625 imitationem
1774 1562 2101 1624 orationis
2122 1561 2425 1624 Lucretii
2451 1582 2734 1646 compo-

488 1663 620 1725 sito
653 1709 667 1734 ‚
712 1685 755 1734 1,
774 1662 831 1735 2,
851 1661 890 1723 9
921 1708 937 1734 ‚
980 1661 1095 1723 ubi
1127 1684 1244 1746 quo
1273 1662 1489 1724 melius
1518 1661 1759 1744 scripsi
1789 1708 1805 1735 ‚
1851 1682 2000 1724 cum
2029 1659 2180 1723 libri
2210 1659 2523 1722 habeant
2556 1683 2734 1744 quos,

487 1761 713 1844 Aspice
743 1781 860 1844 quo
888 1760 1198 1822 summittit
1240 1758 1502 1841 (potius
1541 1759 1898 1841 summittat)
1946 1757 2163 1819 humus
2174 1756 2468 1843 formosa
2501 1759 2737 1820 colores

490 1858 577 1921 Et
601 1857 845 1920 veniant
864 1855 1126 1919 hederae
1144 1866 1350 1940 sponte
1369 1880 1484 1919 sua
1505 1856 1719 1918 melius
1733 1880 1757 1936 ‚-
1782 1853 1967 1938 quod
1996 1854 2492 1940 Hertzbergius
2529 1876 2608 1918 se
2637 1855 2735 1917 in-

489 1955 805 2041 tellegere
848 1953 1121 2038 negavit
1162 2001 1175 2015 .
1238 1961 1310 2015 at
1354 1974 1479 2038 ego
1523 1954 1815 2018 vicissim
1859 1952 1984 2015 viri
2031 1951 2407 2015 doctissimi
2452 1960 2734 2015 senten-

488 2054 652 2117 tiam
682 2053 885 2116 miror
903 2099 919 2126 ‚
945 2051 1059 2136 qui
1081 2051 1423 2135 Propertii
1451 2052 1663 2116 verba
1690 2052 1789 2114 ita
1814 2051 2306 2134 interpretetur
2330 2058 2412 2133 ut
2434 2050 2737 2113 hederam

492 2160 559 2214 et
590 2152 869 2215 arbatum
897 2150 1075 2212 inter
1105 2151 1336 2213 colores
1356 2197 1373 2227 ‚
1404 2148 1476 2211 id
1508 2157 1612 2211 est
1640 2149 1816 2211 inter
1845 2147 2047 2211 flores
2080 2148 2424 2211 coloratos
2448 2195 2464 2221 ‚
2494 2169 2733 2210 nume-

490 2271 680 2313 rasse
722 2248 1037 2312 videatur
1067 2271 1080 2309 :
1128 2246 1293 2310 dicit
1337 2248 1510 2309 enim
1536 2240 1804 2330 ‘Aspice
1835 2246 2099 2310 colores
2130 2267 2304 2329 quos
2335 2253 2529 2309 terra
2576 2247 2732 2308 sub-

490 2348 729 2411 mittit:
759 2345 889 2409 iam
918 2345 1181 2409 videbis
1210 2353 1288 2408 ut
1318 2353 1565 2429 sponte
1597 2366 1720 2408 sua
1746 2344 1980 2408 melius
2012 2345 2289 2408 veniant
2308 2345 2338 2407 .'

656 2443 795 2508 210.
828 2442 1061 2524 QUAM
1109 2465 1143 2507 c
1162 2465 1304 2504 sm:
1323 2465 1399 2506 m
1447 2465 1494 2504 M
1513 2465 1606 2504 or
1623 2465 1725 2506 mu
1751 2490 1764 2506 .
1814 2442 2256 2510 Correctores
2279 2443 2734 2527 antiquissimi

492 2567 749 2608 moro.

659 2642 798 2705 211.
843 2664 986 2705 sun
1032 2663 1172 2703 mu
1217 2662 1525 2704 SPLEND
1547 2662 1647 2702 on
1689 2660 1903 2713 AQUA
1937 2685 1968 2702 ,η
1998 2638 2359 2703 Corrector
2404 2638 2733 2724 quadrati

491 2741 599 2803 sub
629 2741 765 2802 divo
797 2747 865 2803 et
894 2742 1083 2825 aquai
1107 2787 1119 2799 .
1149 2739 1258 2801 sub
1288 2739 1394 2801 diu
1427 2738 1743 2801 scribitur
1772 2736 1954 2820 apud
1978 2736 2287 2800 Plautum
2311 2785 2326 2811 ,
2361 2737 2475 2821 qui
2506 2758 2592 2799 eo
2624 2758 2730 2800 se-

492 2838 622 2901 mel
649 2860 812 2901 usus
844 2847 951 2901 est
971 2885 987 2912 ‚
1017 2838 1083 2900 in
1115 2859 1317 2901 versu
1348 2836 2141 2900 mutilatoMostellariae
2173 2859 2272 2910 111,
2290 2835 2348 2910 2,
2365 2834 2448 2898 78
2472 2882 2488 2909 ‚
2509 2835 2588 2897 in
2607 2836 2729 2900 Vi-

492 2936 692 2999 truvii
724 2935 898 2998 libro
929 2957 990 3009 v,
1009 2935 1065 3005 9,
1091 2935 1128 2998 5
1149 2935 1273 2997 et6
1305 2983 1321 3009 ‚
1348 2936 1510 2997 item
1540 2958 1628 3010 vl,
1650 2936 1708 3009 3,
1728 2935 1767 2999 9
1796 2930 1988 3009 v11‚'1,
2009 2934 2046 2997 5
2071 2982 2086 3008 ,
2115 2934 2186 2997 in
2207 2933 2423 2997 Plinio
2452 2933 2725 2997 Chiffle-

491 3034 677 3099 tiano
710 3053 971 3116 semper
1003 3032 1175 3116 (hoc
1204 3031 1685 3116 Dalecampum
1719 3032 1956 3096 testari
1987 3031 2258 3117 Siligius
2287 3032 2501 3095 refert
2530 3032 2624 3095 ad
2651 3032 2725 3095 li-

494 3136 688 3199 brum
705 3154 890 3195 xxxv
912 3153 976 3215 p.
990 3132 1245 3215 xxv111)
1264 3177 1280 3204 ‚
1307 3130 1491 3214 apud
1508 3131 1794 3194 Paulum·
1816 3132 2324 3215 epitomatorem
2339 3130 2530 3195 Festi
2548 3154 2612 3215 p.
2629 3132 2723 3195 54.

491 3231 825 3294 Asconius
858 3230 969 3313 qui
997 3228 1171 3292 falso
1204 3229 1449 3293 dicitur
1482 3229 1570 3293 ad
1600 3230 1839 3294 librum
1883 3231 1951 3292 in
1980 3228 2265 3292 Verrem
2299 3252 2341 3303 1,
2364 3229 2439 3292 51
2492 3230 2604 3292 sed
2640 3231 2724 3292 ita

494 3328 830 3391 declinatur
859 3374 873 3400 ‚
919 3328 1030 3390 hoc
1072 3329 1242 3391 dium
1269 3376 1286 3408 ‚
1331 3329 1510 3392 huius
1538 3330 1627 3392 dii
1659 3337 1798 3392 etc.
1846 3327 2088 3391 Festus
2118 3350 2180 3412 p.
2211 3327 2345 3403 185,
2369 3326 2447 3390 27
2482 3328 2722 3401 Dialis,

380 3509 385 3514 ἠ
494 3426 646 3511 quia
672 3425 936 3488 universi
962 3427 1178 3488 mundi
1203 3430 1486 3491 sacerdos
1502 3476 1516 3502 ‚
1548 3429 1655 3513 qui
1682 3428 2027 3512 appellatur
2056 3427 2227 3489 dium
2248 3475 2260 3487 .
2296 3425 2420 3489 sed
2450 3428 2553 3489 dio
2585 3427 2719 3489 sive

493 3524 628 3587 divo
671 3529 740 3585 et
783 3524 891 3600 diu
917 3571 935 3601 ,
982 3523 1158 3585 sicut
1181 3523 1351 3609 freto
1388 3533 1458 3588 et
1470 3524 1646 3610 fretu
1680 3573 1697 3603 ‚
1745 3523 2061 3587 dicunt-ur
2102 3545 2142 3586 a
2187 3522 2454 3587 duobus
2484 3524 2718 3596 rectiS‚

495 3645 669 3710 quae
701 3629 858 3685 sunt
886 3624 1022 3685 dius
1054 3630 1121 3685 et
1150 3624 1355 3686 divum
1385 3671 1400 3686 .
1445 3631 1801 3707 utrumque
1844 3630 2103 3686 rectum
2146 3644 2186 3685 a
2206 3620 2525 3685 Varrone
2553 3621 2715 3684 indi-

497 3731 716 3787 catum
744 3730 913 3804 puto
948 3720 1032 3784 de
1062 3720 1291 3806 lingua
1317 3721 1564 3784 Latina
1591 3721 1764 3785 libro
1796 3743 1840 3783 v
1871 3742 1935 3804 p.
1956 3720 1993 3783 7
1999 3718 2037 3782 2
2062 3769 2077 3795 ,
2105 3720 2219 3784 ubi
2262 3720 2360 3782 sic
2390 3718 2715 3783 Florenti-

492 3842 621 3883 nus
665 3818 882 3882 codex
925 3867 938 3881 .
1000 3818 1140 3883 Hoc
1182 3821 1342 3882 idem
1382 3821 1579 3904 mayis
1622 3820 1872 3883 ostendit
1913 3820 2221 3903 antiquius
2261 3818 2424 3881 Iovis
2463 3840 2679 3881 nomen
2699 3842 2718 3878 .·

493 3940 640 3980 nam
669 3919 812 3979 olim
841 3918 1058 3979 Diovis
1088 3929 1143 3979 et
1169 3920 1452 4003 Dispiter
1480 3919 1673 3981 dictus
1702 3966 1716 3991 ‚
1760 3919 1831 3981 id
1856 3929 1942 3981 est
1968 3918 2096 3980 dies
2116 3928 2299 4001 pater
2330 3966 2343 3979 .
2390 3940 2431 3979 a
2472 3939 2590 4001 quo
2626 3917 2718 3979 dei

496 4015 640 4079 dieti
668 4016 773 4099 qui
799 4014 940 4076 inde
962 4062 976 4087 ‚
1008 4025 1065 4077 et
1090 4015 1236 4078 dies
1266 4028 1321 4079 et
1351 4016 1578 4079 divum
1611 4065 1640 4079 ,Α
1663 4018 1822 4079 unde
1848 4016 1957 4078 sub
1986 4017 2121 4078 divo
2151 4016 2287 4077 dius
2319 4014 2538 4078 Fidius
2558 4040 2579 4076 .·
2607 4016 2715 4078 ita·

496 4137 612 4201 que
638 4112 780 4175 inde
809 4113 934 4175 eius
948 4112 1342 4198 perforatum
1372 4124 1587 4177 tectum
1603 4161 1620 4193 ‚
1643 4123 1712 4176 ut
1731 4138 1804 4176 ea
1825 4113 2099 4175 videatur
2121 4105 2325 4175 divum
2342 4161 2359 4192 ,
2382 4114 2455 4175 id
2479 4124 2565 4175 est
2583 4136 2714 4176 cae-

495 4214 621 4275 lum
648 4261 661 4274 .
692 4210 1121 4276 scribendum
1152 4212 1257 4273 aio
1291 4224 1348 4275 et
1373 4214 1510 4275 dius
1540 4224 1595 4276 et
1621 4213 1827 4275 divum
1847 4260 1865 4290 ‚
1899 4232 2110 4295 eaque
2138 4211 2237 4272 ita
2264 4209 2715 4295 intellegenda

494 4317 572 4373 ut
602 4308 778 4372 dixi:
819 4329 973 4371 nam
995 4328 1215 4391 neque
1242 4308 1313 4371 in
1344 4310 1481 4373 dius
1511 4309 1845 4374 adiectivo
1879 4309 2066 4371 notio
2099 4314 2386 4392 apparet
2413 4306 2554 4380 ,diei
2583 4309 2713 4371 sive

497 4406 664 4468 caeli
694 4454 708 4479 ‚
740 4426 961 4489 neque
994 4404 1145 4467 dius
1177 4404 1407 4469 Fidius
1441 4408 1827 4491 simpliciter
1858 4408 1995 4469 dius
2025 4405 2157 4468 dici
2186 4411 2426 4488 potest
2450 4455 2463 4469 .
2512 4407 2653 4469 sine
2675 4429 2714 4467 n
