<?xml version="1.0" encoding="UTF-8"?>
<!DOCTYPE html PUBLIC "-//W3C//DTD XHTML 1.0 Transitional//EN"
    "http://www.w3.org/TR/xhtml1/DTD/xhtml1-transitional.dtd">
<html xmlns="http://www.w3.org/1999/xhtml" xml:lang="en" lang="en">
 <head>
  <title>
</title>
<meta http-equiv="Content-Type" content="text/html;charset=utf-8" />
  <meta name='ocr-system' content='tesseract 3.04.00' />
  <meta name='ocr-capabilities' content='ocr_page ocr_carea ocr_par ocr_line ocrx_word'/>
</head>
<body>
  <div class='ocr_page' id='page_1' title='image "./tlucreticarider02lachgoog_0601.png"; bbox 0 0 2840 5008; ppageno 0'>
   <div class='ocr_carea' id='block_1_1' title="bbox 1231 392 2370 462">
    <p class='ocr_par' dir='ltr' id='par_1_1' title="bbox 1231 392 2370 462">
     <span class='ocr_line' id='line_1_1' title="bbox 1231 392 2370 462; baseline 0.003 -3"><span class='ocrx_word' id='word_1_1' title='bbox 1231 392 1301 459; x_wconf 91' lang='lat' dir='ltr'><strong>V</strong></span> <span class='ocrx_word' id='word_1_2' title='bbox 1894 453 1902 460; x_wconf 91' lang='lat'><strong>.</strong></span> <span class='ocrx_word' id='word_1_3' title='bbox 2222 396 2370 462; x_wconf 82' lang='lat'><strong>-339</strong></span> 
     </span>
    </p>
   </div>
   <div class='ocr_carea' id='block_1_2' title="bbox 139 565 2469 4282">
    <p class='ocr_par' dir='ltr' id='par_1_2' title="bbox 139 565 2469 2800">
     <span class='ocr_line' id='line_1_2' title="bbox 144 565 2373 653; baseline -0 -16"><span class='ocrx_word' id='word_1_4' title='bbox 144 596 183 642; x_wconf 69' lang='lat' dir='ltr'>A</span> <span class='ocrx_word' id='word_1_5' title='bbox 195 595 238 637; x_wconf 83' lang='lat' dir='ltr'><strong>u</strong></span> <span class='ocrx_word' id='word_1_6' title='bbox 255 594 292 636; x_wconf 89' lang='lat' dir='ltr'><strong>c</strong></span> <span class='ocrx_word' id='word_1_7' title='bbox 306 592 475 635; x_wconf 71' lang='lat' dir='ltr'><strong>rum</strong></span> <span class='ocrx_word' id='word_1_8' title='bbox 491 618 514 632; x_wconf 75' lang='grc'><strong>.</strong></span> <span class='ocrx_word' id='word_1_9' title='bbox 526 569 632 632; x_wconf 88' lang='lat' dir='ltr'><strong>Ita</strong></span> <span class='ocrx_word' id='word_1_10' title='bbox 650 568 820 633; x_wconf 86' lang='lat' dir='ltr'><strong>haec</strong></span> <span class='ocrx_word' id='word_1_11' title='bbox 841 565 1388 653; x_wconf 81' lang='lat' dir='ltr'><strong>interpungenda</strong></span> <span class='ocrx_word' id='word_1_12' title='bbox 1409 572 1569 631; x_wconf 88' lang='lat' dir='ltr'><strong>sunt</strong></span> <span class='ocrx_word' id='word_1_13' title='bbox 1591 573 1830 630; x_wconf 87' lang='lat' dir='ltr'><strong>contra</strong></span> <span class='ocrx_word' id='word_1_14' title='bbox 1849 575 2140 632; x_wconf 77' lang='lat' dir='ltr'><strong>mentem</strong></span> <span class='ocrx_word' id='word_1_15' title='bbox 2166 569 2373 636; x_wconf 89' lang='lat' dir='ltr'><strong>inter-</strong></span> 
     </span>
     <span class='ocr_line' id='line_1_3' title="bbox 139 665 2433 756; baseline -0.004 -21"><span class='ocrx_word' id='word_1_16' title='bbox 139 679 410 756; x_wconf 88' lang='lat' dir='ltr'><strong>pretum</strong></span> <span class='ocrx_word' id='word_1_17' title='bbox 437 716 456 743; x_wconf 90' lang='lat'>‚</span> <span class='ocrx_word' id='word_1_18' title='bbox 504 668 617 753; x_wconf 90' lang='lat' dir='ltr'><strong>qui</strong></span> <span class='ocrx_word' id='word_1_19' title='bbox 642 668 741 731; x_wconf 86' lang='lat' dir='ltr'><strong>ita</strong></span> <span class='ocrx_word' id='word_1_20' title='bbox 768 675 1177 750; x_wconf 81' lang='lat' dir='ltr'><strong>acceperunt</strong></span> <span class='ocrx_word' id='word_1_21' title='bbox 1197 712 1214 741; x_wconf 93' lang='lat'>‚</span> <span class='ocrx_word' id='word_1_22' title='bbox 1259 665 1454 751; x_wconf 80' lang='lat' dir='ltr'><strong>quasi</strong></span> <span class='ocrx_word' id='word_1_23' title='bbox 1484 671 1665 729; x_wconf 86' lang='lat' dir='ltr'><strong>esset</strong></span> <span class='ocrx_word' id='word_1_24' title='bbox 1693 665 1978 751; x_wconf 77' lang='lat' dir='ltr'><strong>Nequid,</strong></span> <span class='ocrx_word' id='word_1_25' title='bbox 2008 667 2279 754; x_wconf 80' lang='lat' dir='ltr'><strong>Nequod</strong></span> <span class='ocrx_word' id='word_1_26' title='bbox 2301 672 2374 734; x_wconf 79' lang='lat' dir='ltr'><strong>ol&gt;</strong></span> <span class='ocrx_word' id='word_1_27' title='bbox 2418 709 2433 726; x_wconf 94' lang='lat'><strong>.</strong></span> 
     </span>
     <span class='ocr_line' id='line_1_4' title="bbox 141 763 2373 854; baseline -0 -22"><span class='ocrx_word' id='word_1_28' title='bbox 141 769 485 832; x_wconf 74' lang='lat' dir='ltr'><strong>admissum</strong></span> <span class='ocrx_word' id='word_1_29' title='bbox 497 766 684 854; x_wconf 84' lang='lat' dir='ltr'><strong>foede</strong></span> <span class='ocrx_word' id='word_1_30' title='bbox 707 814 721 827; x_wconf 90' lang='lat'><strong>.</strong></span> <span class='ocrx_word' id='word_1_31' title='bbox 751 763 982 849; x_wconf 80' lang='lat' dir='ltr'><strong>itaque</strong></span> <span class='ocrx_word' id='word_1_32' title='bbox 1014 763 1382 827; x_wconf 88' lang='lat' dir='ltr'><strong>scribemus</strong></span> <span class='ocrx_word' id='word_1_33' title='bbox 1411 763 1641 848; x_wconf 81' lang='lat' dir='ltr'><strong>potius</strong></span> <span class='ocrx_word' id='word_1_34' title='bbox 1671 763 1956 848; x_wconf 77' lang='lat' dir='ltr'><strong>Nequid,</strong></span> <span class='ocrx_word' id='word_1_35' title='bbox 1988 765 2045 827; x_wconf 91' lang='lat' dir='ltr'><strong>si</strong></span> <span class='ocrx_word' id='word_1_36' title='bbox 2072 787 2184 829; x_wconf 91' lang='lat' dir='ltr'><strong>res</strong></span> <span class='ocrx_word' id='word_1_37' title='bbox 2212 788 2373 851; x_wconf 90' lang='lat' dir='ltr'><strong>pos-</strong></span> 
     </span>
     <span class='ocr_line' id='line_1_5' title="bbox 140 859 2373 948; baseline 0 -19"><span class='ocrx_word' id='word_1_38' title='bbox 140 865 427 941; x_wconf 85' lang='lat' dir='ltr'><strong>tulabit3</strong></span> <span class='ocrx_word' id='word_1_39' title='bbox 449 864 853 948; x_wconf 89' lang='lat' dir='ltr'><strong>praesertim</strong></span> <span class='ocrx_word' id='word_1_40' title='bbox 876 883 1025 925; x_wconf 90' lang='lat' dir='ltr'><strong>cum</strong></span> <span class='ocrx_word' id='word_1_41' title='bbox 1051 882 1131 925; x_wconf 93' lang='lat' dir='ltr'><strong>eo</strong></span> <span class='ocrx_word' id='word_1_42' title='bbox 1155 860 1359 925; x_wconf 90' lang='lat' dir='ltr'><strong>modo</strong></span> <span class='ocrx_word' id='word_1_43' title='bbox 1382 861 1494 925; x_wconf 85' lang='lat' dir='ltr'><strong>vel</strong></span> <span class='ocrx_word' id='word_1_44' title='bbox 1513 861 1583 923; x_wconf 91' lang='lat' dir='ltr'><strong>in</strong></span> <span class='ocrx_word' id='word_1_45' title='bbox 1602 859 1890 944; x_wconf 89' lang='lat' dir='ltr'><strong>publicis</strong></span> <span class='ocrx_word' id='word_1_46' title='bbox 1911 861 2373 929; x_wconf 75' lang='lat' dir='ltr'><strong>instrumentis</strong></span> 
     </span>
     <span class='ocr_line' id='line_1_6' title="bbox 139 958 2374 1048; baseline 0 -21"><span class='ocrx_word' id='word_1_47' title='bbox 139 970 507 1048; x_wconf 88' lang='lat' dir='ltr'><strong>peccatum</strong></span> <span class='ocrx_word' id='word_1_48' title='bbox 538 983 686 1026; x_wconf 89' lang='lat' dir='ltr'><strong>esse</strong></span> <span class='ocrx_word' id='word_1_49' title='bbox 713 959 1097 1026; x_wconf 86' lang='lat' dir='ltr'><strong>videamus.</strong></span> <span class='ocrx_word' id='word_1_50' title='bbox 1143 967 1328 1024; x_wconf 88' lang='lat' dir='ltr'><strong>certe</strong></span> <span class='ocrx_word' id='word_1_51' title='bbox 1367 959 1441 1023; x_wconf 90' lang='lat' dir='ltr'><strong>in</strong></span> <span class='ocrx_word' id='word_1_52' title='bbox 1467 958 1613 1044; x_wconf 80' lang='lat' dir='ltr'><strong>lege</strong></span> <span class='ocrx_word' id='word_1_53' title='bbox 1644 958 1813 1022; x_wconf 90' lang='lat' dir='ltr'><strong>Iulia</strong></span> <span class='ocrx_word' id='word_1_54' title='bbox 1839 960 2224 1045; x_wconf 86' lang='lat' dir='ltr'><strong>municipali</strong></span> <span class='ocrx_word' id='word_1_55' title='bbox 2256 964 2374 1028; x_wconf 84' lang='lat'><strong>120</strong></span> 
     </span>
     <span class='ocr_line' id='line_1_7' title="bbox 143 1058 2372 1146; baseline 0 -21"><span class='ocrx_word' id='word_1_56' title='bbox 143 1060 484 1146; x_wconf 81' lang='lat' dir='ltr'><strong>scriptu&#39;m</strong></span> <span class='ocrx_word' id='word_1_57' title='bbox 526 1066 631 1123; x_wconf 82' lang='lat' dir='ltr'><strong>es&#39;t</strong></span> <span class='ocrx_word' id='word_1_58' title='bbox 670 1081 915 1146; x_wconf 83' lang='lat' dir='ltr'><strong>quemve</strong></span> <span class='ocrx_word' id='word_1_59' title='bbox 953 1058 1309 1122; x_wconf 75' lang='lat' dir='ltr'><strong>kalumniae</strong></span> <span class='ocrx_word' id='word_1_60' title='bbox 1336 1058 1892 1143; x_wconf 60' lang='lat' dir='ltr'><strong>praevaricationis</strong></span> <span class='ocrx_word' id='word_1_61' title='bbox 1919 1081 2135 1124; x_wconf 69' lang='lat' dir='ltr'><strong>caussa</strong></span> <span class='ocrx_word' id='word_1_62' title='bbox 2161 1084 2372 1126; x_wconf 75' lang='lat' dir='ltr'><strong>aecus-</strong></span> 
     </span>
     <span class='ocr_line' id='line_1_8' title="bbox 141 1154 2374 1246; baseline 0.001 -24"><span class='ocrx_word' id='word_1_63' title='bbox 141 1157 613 1246; x_wconf 68' lang='lat' dir='ltr'><strong>eassefeeisseoe</strong></span> <span class='ocrx_word' id='word_1_64' title='bbox 632 1157 796 1244; x_wconf 78' lang='lat' dir='ltr'><strong>quod</strong></span> <span class='ocrx_word' id='word_1_65' title='bbox 811 1157 1150 1221; x_wconf 57' lang='lat' dir='ltr'><strong>iudicatum</strong></span> <span class='ocrx_word' id='word_1_66' title='bbox 1178 1167 1264 1220; x_wconf 71' lang='lat' dir='ltr'><strong>eet</strong></span> <span class='ocrx_word' id='word_1_67' title='bbox 1289 1158 1437 1236; x_wconf 80' lang='lat' dir='ltr'><strong>erit,</strong></span> <span class='ocrx_word' id='word_1_68' title='bbox 1467 1154 1656 1240; x_wconf 89' lang='lat' dir='ltr'><strong>quod</strong></span> <span class='ocrx_word' id='word_1_69' title='bbox 1686 1154 1892 1220; x_wconf 89' lang='lat' dir='ltr'><strong>debet</strong></span> <span class='ocrx_word' id='word_1_70' title='bbox 1921 1178 2071 1221; x_wconf 90' lang='lat' dir='ltr'><strong>esse</strong></span> <span class='ocrx_word' id='word_1_71' title='bbox 2080 1159 2374 1246; x_wconf 56' lang='lat' dir='ltr'><strong>feci-§seve</strong></span> 
     </span>
     <span class='ocr_line' id='line_1_9' title="bbox 145 1252 2374 1343; baseline 0.001 -24"><span class='ocrx_word' id='word_1_72' title='bbox 145 1258 295 1342; x_wconf 78' lang='lat' dir='ltr'><strong>quid</strong></span> <span class='ocrx_word' id='word_1_73' title='bbox 313 1282 336 1319; x_wconf 90' lang='lat'><strong>.·</strong></span> <span class='ocrx_word' id='word_1_74' title='bbox 382 1261 458 1319; x_wconf 78' lang='lat' dir='ltr'><strong>et</strong></span> <span class='ocrx_word' id='word_1_75' title='bbox 483 1254 733 1320; x_wconf 88' lang='lat' dir='ltr'><strong>ibidem</strong></span> <span class='ocrx_word' id='word_1_76' title='bbox 761 1255 839 1318; x_wconf 78' lang='grc'><strong>71</strong></span> <span class='ocrx_word' id='word_1_77' title='bbox 869 1278 1013 1318; x_wconf 78' lang='lat' dir='ltr'><strong>neve</strong></span> <span class='ocrx_word' id='word_1_78' title='bbox 1054 1276 1262 1318; x_wconf 80' lang='lat' dir='ltr'><strong>eorum</strong></span> <span class='ocrx_word' id='word_1_79' title='bbox 1302 1253 1469 1339; x_wconf 82' lang='lat' dir='ltr'><strong>quod</strong></span> <span class='ocrx_word' id='word_1_80' title='bbox 1488 1300 1504 1327; x_wconf 90' lang='lat'>‚</span> <span class='ocrx_word' id='word_1_81' title='bbox 1546 1252 1681 1316; x_wconf 86' lang='lat' dir='ltr'><strong>hoc</strong></span> <span class='ocrx_word' id='word_1_82' title='bbox 1726 1260 1830 1317; x_wconf 89' lang='lat' dir='ltr'><strong>est</strong></span> <span class='ocrx_word' id='word_1_83' title='bbox 1872 1256 2026 1341; x_wconf 80' lang='lat' dir='ltr'><strong>quid</strong></span> <span class='ocrx_word' id='word_1_84' title='bbox 2044 1303 2059 1331; x_wconf 91' lang='lat'>,</span> <span class='ocrx_word' id='word_1_85' title='bbox 2100 1269 2374 1343; x_wconf 71' lang='lat' dir='ltr'><strong>saeptum</strong></span> 
     </span>
     <span class='ocr_line' id='line_1_10' title="bbox 144 1350 2371 1438; baseline 0 -19"><span class='ocrx_word' id='word_1_86' title='bbox 144 1355 499 1428; x_wconf 70' lang='lat' dir='ltr'><strong>clausumve</strong></span> <span class='ocrx_word' id='word_1_87' title='bbox 524 1352 733 1417; x_wconf 77' lang='lat' dir='ltr'><strong>habeto</strong></span> <span class='ocrx_word' id='word_1_88' title='bbox 755 1400 771 1417; x_wconf 95' lang='lat'><strong>.</strong></span> <span class='ocrx_word' id='word_1_89' title='bbox 812 1352 942 1416; x_wconf 89' lang='lat' dir='ltr'><strong>iam</strong></span> <span class='ocrx_word' id='word_1_90' title='bbox 970 1351 1223 1438; x_wconf 80' lang='lat' dir='ltr'><strong>aliquod</strong></span> <span class='ocrx_word' id='word_1_91' title='bbox 1245 1350 1517 1415; x_wconf 74' lang='lat' dir='ltr'><strong>solvendi</strong></span> <span class='ocrx_word' id='word_1_92' title='bbox 1543 1360 1775 1435; x_wconf 69' lang='lat' dir='ltr'><strong>tempus</strong></span> <span class='ocrx_word' id='word_1_93' title='bbox 1802 1350 1861 1415; x_wconf 92' lang='lat' dir='ltr'><strong>si</strong></span> <span class='ocrx_word' id='word_1_94' title='bbox 1890 1350 2232 1418; x_wconf 85' lang='lat' dir='ltr'><strong>diceretur</strong></span> <span class='ocrx_word' id='word_1_95' title='bbox 2259 1356 2371 1419; x_wconf 84' lang='lat' dir='ltr'><strong>ad-</strong></span> 
     </span>
     <span class='ocr_line' id='line_1_11' title="bbox 147 1447 2371 1536; baseline 0 -20"><span class='ocrx_word' id='word_1_96' title='bbox 147 1453 394 1517; x_wconf 66' lang='lat' dir='ltr'><strong>ductum</strong></span> <span class='ocrx_word' id='word_1_97' title='bbox 436 1470 589 1514; x_wconf 89' lang='lat' dir='ltr'><strong>esse</strong></span> <span class='ocrx_word' id='word_1_98' title='bbox 611 1498 625 1525; x_wconf 91' lang='lat'>‚</span> <span class='ocrx_word' id='word_1_99' title='bbox 667 1449 1162 1536; x_wconf 84' lang='lat' dir='ltr'><strong>intellegerem:</strong></span> <span class='ocrx_word' id='word_1_100' title='bbox 1206 1450 1489 1514; x_wconf 73' lang='lat' dir='ltr'><strong>adactum</strong></span> <span class='ocrx_word' id='word_1_101' title='bbox 1511 1496 1529 1528; x_wconf 87' lang='lat'><strong><em>,</em></strong></span> <span class='ocrx_word' id='word_1_102' title='bbox 1576 1447 1766 1532; x_wconf 90' lang='lat' dir='ltr'><strong>quod</strong></span> <span class='ocrx_word' id='word_1_103' title='bbox 1806 1447 1971 1513; x_wconf 85' lang='lat' dir='ltr'><strong>fecit</strong></span> <span class='ocrx_word' id='word_1_104' title='bbox 2008 1450 2337 1518; x_wconf 85' lang='lat' dir='ltr'><strong>Marullus</strong></span> <span class='ocrx_word' id='word_1_105' title='bbox 2354 1500 2371 1529; x_wconf 94' lang='lat'>‚</span> 
     </span>
     <span class='ocr_line' id='line_1_12' title="bbox 147 1546 2375 1634; baseline 0.002 -22"><span class='ocrx_word' id='word_1_106' title='bbox 147 1569 283 1612; x_wconf 89' lang='lat' dir='ltr'><strong>non</strong></span> <span class='ocrx_word' id='word_1_107' title='bbox 313 1550 519 1633; x_wconf 88' lang='lat' dir='ltr'><strong>capio</strong></span> <span class='ocrx_word' id='word_1_108' title='bbox 539 1596 554 1623; x_wconf 92' lang='lat'>‚</span> <span class='ocrx_word' id='word_1_109' title='bbox 587 1549 745 1633; x_wconf 89' lang='lat' dir='ltr'><strong>quia</strong></span> <span class='ocrx_word' id='word_1_110' title='bbox 771 1550 1020 1634; x_wconf 73' lang='lat' dir='ltr'><strong>adiqere</strong></span> <span class='ocrx_word' id='word_1_111' title='bbox 1049 1547 1234 1612; x_wconf 90' lang='lat' dir='ltr'><strong>aliud</strong></span> <span class='ocrx_word' id='word_1_112' title='bbox 1264 1556 1371 1612; x_wconf 89' lang='lat' dir='ltr'><strong>est</strong></span> <span class='ocrx_word' id='word_1_113' title='bbox 1400 1567 1603 1632; x_wconf 87' lang='lat' dir='ltr'><strong>quam</strong></span> <span class='ocrx_word' id='word_1_114' title='bbox 1632 1546 2011 1613; x_wconf 80' lang='lat' dir='ltr'><strong>adducere.</strong></span> <span class='ocrx_word' id='word_1_115' title='bbox 2047 1552 2375 1617; x_wconf 77' lang='lat' dir='ltr'><strong>adauctum</strong></span> 
     </span>
     <span class='ocr_line' id='line_1_13' title="bbox 148 1644 2469 1732; baseline 0.003 -22"><span class='ocrx_word' id='word_1_116' title='bbox 148 1667 342 1710; x_wconf 90' lang='lat' dir='ltr'><strong>nemo</strong></span> <span class='ocrx_word' id='word_1_117' title='bbox 372 1645 507 1710; x_wconf 81' lang='lat' dir='ltr'><strong>fuit</strong></span> <span class='ocrx_word' id='word_1_118' title='bbox 538 1646 653 1732; x_wconf 89' lang='lat' dir='ltr'><strong>qui</strong></span> <span class='ocrx_word' id='word_1_119' title='bbox 681 1654 1018 1711; x_wconf 84' lang='lat' dir='ltr'><strong>tueretur:</strong></span> <span class='ocrx_word' id='word_1_120' title='bbox 1050 1646 1166 1732; x_wconf 89' lang='lat' dir='ltr'><strong>qui</strong></span> <span class='ocrx_word' id='word_1_121' title='bbox 1187 1667 1353 1711; x_wconf 88' lang='lat' dir='ltr'><strong>vero</strong></span> <span class='ocrx_word' id='word_1_122' title='bbox 1384 1644 1695 1710; x_wconf 88' lang='lat' dir='ltr'><strong>solvendi</strong></span> <span class='ocrx_word' id='word_1_123' title='bbox 1722 1651 1989 1731; x_wconf 85' lang='lat' dir='ltr'><strong>tempus</strong></span> <span class='ocrx_word' id='word_1_124' title='bbox 2021 1649 2106 1714; x_wconf 86' lang='lat' dir='ltr'><strong>ad</strong></span> <span class='ocrx_word' id='word_1_125' title='bbox 2131 1662 2375 1715; x_wconf 78' lang='lat' dir='ltr'><strong>auctum</strong></span> <span class='ocrx_word' id='word_1_126' title='bbox 2466 1659 2469 1663; x_wconf 84' lang='grc'><strong><em>’</em></strong></span> 
     </span>
     <span class='ocr_line' id='line_1_14' title="bbox 151 1743 2374 1833; baseline 0.003 -26"><span class='ocrx_word' id='word_1_127' title='bbox 151 1765 294 1809; x_wconf 91' lang='lat' dir='ltr'><strong>esse</strong></span> <span class='ocrx_word' id='word_1_128' title='bbox 325 1743 651 1809; x_wconf 80' lang='lat' dir='ltr'><strong>dixerunt</strong></span> <span class='ocrx_word' id='word_1_129' title='bbox 694 1743 802 1828; x_wconf 91' lang='lat' dir='ltr'><strong>(id</strong></span> <span class='ocrx_word' id='word_1_130' title='bbox 831 1750 938 1809; x_wconf 90' lang='lat' dir='ltr'><strong>est</strong></span> <span class='ocrx_word' id='word_1_131' title='bbox 967 1743 1057 1808; x_wconf 87' lang='lat' dir='ltr'><strong>ad</strong></span> <span class='ocrx_word' id='word_1_132' title='bbox 1084 1743 1355 1828; x_wconf 87' lang='lat' dir='ltr'><strong>plenam</strong></span> <span class='ocrx_word' id='word_1_133' title='bbox 1381 1743 1839 1808; x_wconf 85' lang='lat' dir='ltr'><strong>maturitatem</strong></span> <span class='ocrx_word' id='word_1_134' title='bbox 1868 1766 2058 1810; x_wconf 91' lang='lat' dir='ltr'><strong>suam</strong></span> <span class='ocrx_word' id='word_1_135' title='bbox 2086 1748 2374 1833; x_wconf 90' lang='lat' dir='ltr'><strong>perduc-</strong></span> 
     </span>
     <span class='ocr_line' id='line_1_15' title="bbox 152 1842 2376 1927; baseline 0.003 -21"><span class='ocrx_word' id='word_1_136' title='bbox 152 1851 290 1906; x_wconf 85' lang='lat' dir='ltr'><strong>tum</strong></span> <span class='ocrx_word' id='word_1_137' title='bbox 311 1892 328 1919; x_wconf 92' lang='lat'>‚</span> <span class='ocrx_word' id='word_1_138' title='bbox 371 1851 454 1908; x_wconf 90' lang='lat' dir='ltr'><strong>ut</strong></span> <span class='ocrx_word' id='word_1_139' title='bbox 483 1842 985 1927; x_wconf 88' lang='lat' dir='ltr'><strong>Wakefieldus)</strong></span> <span class='ocrx_word' id='word_1_140' title='bbox 1031 1849 1151 1907; x_wconf 90' lang='lat' dir='ltr'><strong>aut</strong></span> <span class='ocrx_word' id='word_1_141' title='bbox 1196 1864 1347 1907; x_wconf 91' lang='lat' dir='ltr'><strong>cum</strong></span> <span class='ocrx_word' id='word_1_142' title='bbox 1376 1842 1712 1907; x_wconf 83' lang='lat' dir='ltr'><strong>Brixiensi</strong></span> <span class='ocrx_word' id='word_1_143' title='bbox 1739 1842 2034 1909; x_wconf 82' lang='lat' dir='ltr'><strong>editione</strong></span> <span class='ocrx_word' id='word_1_144' title='bbox 2063 1848 2151 1911; x_wconf 86' lang='lat' dir='ltr'><strong>ad</strong></span> <span class='ocrx_word' id='word_1_145' title='bbox 2173 1860 2376 1912; x_wconf 77' lang='lat' dir='ltr'><strong>actum</strong></span> 
     </span>
     <span class='ocr_line' id='line_1_16' title="bbox 154 1939 2375 2030; baseline 0.003 -27"><span class='ocrx_word' id='word_1_146' title='bbox 154 1939 256 2022; x_wconf 89' lang='lat' dir='ltr'><strong>(id</strong></span> <span class='ocrx_word' id='word_1_147' title='bbox 286 1950 394 2005; x_wconf 92' lang='lat' dir='ltr'><strong>est</strong></span> <span class='ocrx_word' id='word_1_148' title='bbox 422 1942 732 2027; x_wconf 81' lang='lat' dir='ltr'><strong>proxime</strong></span> <span class='ocrx_word' id='word_1_149' title='bbox 761 1946 918 2029; x_wconf 85' lang='lat' dir='ltr'><strong>ante</strong></span> <span class='ocrx_word' id='word_1_150' title='bbox 949 1947 1174 2004; x_wconf 88' lang='lat' dir='ltr'><strong>actum</strong></span> <span class='ocrx_word' id='word_1_151' title='bbox 1202 1962 1428 2004; x_wconf 88' lang='lat' dir='ltr'><strong>rerum</strong></span> <span class='ocrx_word' id='word_1_152' title='bbox 1460 1946 1530 2004; x_wconf 90' lang='lat' dir='ltr'><strong>et</strong></span> <span class='ocrx_word' id='word_1_153' title='bbox 1559 1940 1705 2004; x_wconf 91' lang='lat' dir='ltr'><strong>dies</strong></span> <span class='ocrx_word' id='word_1_154' title='bbox 1731 1939 1950 2005; x_wconf 85' lang='lat' dir='ltr'><strong>fastos</strong></span> <span class='ocrx_word' id='word_1_155' title='bbox 1974 1990 1989 2016; x_wconf 92' lang='lat'>,</span> <span class='ocrx_word' id='word_1_156' title='bbox 2032 1950 2110 2006; x_wconf 90' lang='lat' dir='ltr'><strong>ut</strong></span> <span class='ocrx_word' id='word_1_157' title='bbox 2147 1947 2375 2030; x_wconf 85' lang='lat' dir='ltr'><strong>priore</strong></span> 
     </span>
     <span class='ocr_line' id='line_1_17' title="bbox 156 2036 2375 2129; baseline 0.003 -29"><span class='ocrx_word' id='word_1_158' title='bbox 156 2037 541 2124; x_wconf 82' lang='lat' dir='ltr'><strong>eclogarum</strong></span> <span class='ocrx_word' id='word_1_159' title='bbox 572 2038 870 2102; x_wconf 90' lang='lat' dir='ltr'><strong>editione</strong></span> <span class='ocrx_word' id='word_1_160' title='bbox 898 2036 1230 2121; x_wconf 91' lang='lat' dir='ltr'><strong>Orellius)</strong></span> <span class='ocrx_word' id='word_1_161' title='bbox 1254 2085 1270 2112; x_wconf 91' lang='lat'>‚</span> <span class='ocrx_word' id='word_1_162' title='bbox 1312 2058 1454 2100; x_wconf 90' lang='lat' dir='ltr'><strong>non</strong></span> <span class='ocrx_word' id='word_1_163' title='bbox 1489 2036 1807 2101; x_wconf 83' lang='lat' dir='ltr'><strong>videntur</strong></span> <span class='ocrx_word' id='word_1_164' title='bbox 1833 2037 2212 2104; x_wconf 77' lang='lat' dir='ltr'><strong>meniinisse</strong></span> <span class='ocrx_word' id='word_1_165' title='bbox 2241 2044 2375 2129; x_wconf 86' lang='lat' dir='ltr'><strong>gri-</strong></span> 
     </span>
     <span class='ocr_line' id='line_1_18' title="bbox 154 2127 2438 2223; baseline 0.003 -25"><span class='ocrx_word' id='word_1_166' title='bbox 154 2133 327 2218; x_wconf 93' lang='lat' dir='ltr'><strong>phos</strong></span> <span class='ocrx_word' id='word_1_167' title='bbox 350 2144 424 2201; x_wconf 88' lang='lat' dir='ltr'><strong>et</strong></span> <span class='ocrx_word' id='word_1_168' title='bbox 438 2135 930 2223; x_wconf 88' lang='lat' dir='ltr'><strong>implicationes</strong></span> <span class='ocrx_word' id='word_1_169' title='bbox 949 2136 1309 2200; x_wconf 85' lang='lat' dir='ltr'><strong>verborum</strong></span> <span class='ocrx_word' id='word_1_170' title='bbox 1335 2136 1422 2198; x_wconf 92' lang='lat' dir='ltr'><strong>ab</strong></span> <span class='ocrx_word' id='word_1_171' title='bbox 1444 2134 1645 2198; x_wconf 91' lang='lat' dir='ltr'><strong>huius</strong></span> <span class='ocrx_word' id='word_1_172' title='bbox 1664 2141 1908 2219; x_wconf 72' lang='lat' dir='ltr'><strong>poetae</strong></span> <span class='ocrx_word' id='word_1_173' title='bbox 1927 2136 2197 2223; x_wconf 83' lang='lat' dir='ltr'><strong>ingenio</strong></span> <span class='ocrx_word' id='word_1_174' title='bbox 2216 2141 2375 2205; x_wconf 83' lang='lat' dir='ltr'><strong>alie·</strong></span> <span class='ocrx_word' id='word_1_175' title='bbox 2412 2127 2438 2150; x_wconf 74' lang='grc'><strong><em>’</em></strong></span> 
     </span>
     <span class='ocr_line' id='line_1_19' title="bbox 154 2231 2374 2322; baseline 0.003 -27"><span class='ocrx_word' id='word_1_176' title='bbox 154 2254 272 2298; x_wconf 88' lang='lat' dir='ltr'><strong>nas</strong></span> <span class='ocrx_word' id='word_1_177' title='bbox 296 2255 448 2300; x_wconf 91' lang='lat' dir='ltr'><strong>esse</strong></span> <span class='ocrx_word' id='word_1_178' title='bbox 464 2282 482 2299; x_wconf 88' lang='lat'><strong>.</strong></span> <span class='ocrx_word' id='word_1_179' title='bbox 505 2255 669 2320; x_wconf 87' lang='lat' dir='ltr'><strong>ergo</strong></span> <span class='ocrx_word' id='word_1_180' title='bbox 694 2235 751 2297; x_wconf 91' lang='lat' dir='ltr'><strong>si</strong></span> <span class='ocrx_word' id='word_1_181' title='bbox 773 2233 1172 2299; x_wconf 87' lang='lat' dir='ltr'><strong>vocabulum</strong></span> <span class='ocrx_word' id='word_1_182' title='bbox 1194 2231 1478 2317; x_wconf 82' lang='lat' dir='ltr'><strong>simplex</strong></span> <span class='ocrx_word' id='word_1_183' title='bbox 1497 2239 1567 2296; x_wconf 88' lang='lat' dir='ltr'><strong>et</strong></span> <span class='ocrx_word' id='word_1_184' title='bbox 1582 2233 1681 2295; x_wconf 90' lang='lat' dir='ltr'><strong>rei</strong></span> <span class='ocrx_word' id='word_1_185' title='bbox 1698 2241 2155 2319; x_wconf 88' lang='lat' dir='ltr'><strong>opportunum</strong></span> <span class='ocrx_word' id='word_1_186' title='bbox 2171 2258 2374 2322; x_wconf 86' lang='lat' dir='ltr'><strong>quae-</strong></span> 
     </span>
     <span class='ocr_line' id='line_1_20' title="bbox 155 2330 2372 2417; baseline 0.003 -22"><span class='ocrx_word' id='word_1_187' title='bbox 155 2332 437 2397; x_wconf 85' lang='lat' dir='ltr'><strong>rendum</strong></span> <span class='ocrx_word' id='word_1_188' title='bbox 460 2340 599 2408; x_wconf 91' lang='lat' dir='ltr'><strong>est,</strong></span> <span class='ocrx_word' id='word_1_189' title='bbox 627 2331 826 2407; x_wconf 91' lang='lat' dir='ltr'><strong>mihi,</strong></span> <span class='ocrx_word' id='word_1_190' title='bbox 856 2339 934 2396; x_wconf 93' lang='lat' dir='ltr'><strong>ut</strong></span> <span class='ocrx_word' id='word_1_191' title='bbox 962 2343 1127 2396; x_wconf 72' lang='lat' dir='ltr'><strong>aetas</strong></span> <span class='ocrx_word' id='word_1_192' title='bbox 1155 2333 1366 2396; x_wconf 81' lang='lat' dir='ltr'><strong>adulta</strong></span> <span class='ocrx_word' id='word_1_193' title='bbox 1390 2330 1636 2395; x_wconf 87' lang='lat' dir='ltr'><strong>dicitur</strong></span> <span class='ocrx_word' id='word_1_194' title='bbox 1652 2378 1668 2405; x_wconf 91' lang='lat'>‚</span> <span class='ocrx_word' id='word_1_195' title='bbox 1697 2330 1990 2417; x_wconf 89' lang='lat' dir='ltr'><strong>itemque</strong></span> <span class='ocrx_word' id='word_1_196' title='bbox 2017 2357 2122 2397; x_wconf 83' lang='lat' dir='ltr'><strong>ver</strong></span> <span class='ocrx_word' id='word_1_197' title='bbox 2143 2343 2214 2398; x_wconf 88' lang='lat' dir='ltr'><strong>et</strong></span> <span class='ocrx_word' id='word_1_198' title='bbox 2243 2351 2372 2401; x_wconf 62' lang='lat' dir='ltr'><strong>aes·-</strong></span> 
     </span>
     <span class='ocr_line' id='line_1_21' title="bbox 158 2428 2374 2520; baseline 0.003 -27"><span class='ocrx_word' id='word_1_199' title='bbox 158 2439 246 2493; x_wconf 74' lang='lat' dir='ltr'><strong>tas</strong></span> <span class='ocrx_word' id='word_1_200' title='bbox 261 2478 277 2506; x_wconf 91' lang='lat'>‚</span> <span class='ocrx_word' id='word_1_201' title='bbox 304 2432 405 2495; x_wconf 90' lang='lat' dir='ltr'><strong>ita</strong></span> <span class='ocrx_word' id='word_1_202' title='bbox 432 2451 574 2496; x_wconf 91' lang='lat' dir='ltr'><strong>non</strong></span> <span class='ocrx_word' id='word_1_203' title='bbox 602 2431 818 2495; x_wconf 89' lang='lat' dir='ltr'><strong>minus</strong></span> <span class='ocrx_word' id='word_1_204' title='bbox 841 2430 1117 2518; x_wconf 84' lang='lat' dir='ltr'><strong>proprie</strong></span> <span class='ocrx_word' id='word_1_205' title='bbox 1138 2429 1410 2494; x_wconf 87' lang='lat' dir='ltr'><strong>videtur</strong></span> <span class='ocrx_word' id='word_1_206' title='bbox 1434 2428 1566 2492; x_wconf 84' lang='lat' dir='ltr'><strong>dici</strong></span> <span class='ocrx_word' id='word_1_207' title='bbox 1586 2449 1792 2514; x_wconf 91' lang='lat' dir='ltr'><strong>posse</strong></span> <span class='ocrx_word' id='word_1_208' title='bbox 1814 2429 2165 2496; x_wconf 77' lang='lat' dir='ltr'><strong>Poenarwm</strong></span> <span class='ocrx_word' id='word_1_209' title='bbox 2186 2456 2374 2520; x_wconf 74' lang='lat' dir='ltr'><strong>qrave</strong></span> 
     </span>
     <span class='ocr_line' id='line_1_22' title="bbox 154 2526 2374 2616; baseline 0.004 -27"><span class='ocrx_word' id='word_1_210' title='bbox 154 2530 414 2595; x_wconf 70' lang='lat' dir='ltr'><strong>solvendi</strong></span> <span class='ocrx_word' id='word_1_211' title='bbox 454 2542 687 2616; x_wconf 76' lang='lat' dir='ltr'><strong>tempus</strong></span> <span class='ocrx_word' id='word_1_212' title='bbox 728 2551 1114 2593; x_wconf 72' lang='lat' dir='ltr'><strong>Anunrum</strong></span> <span class='ocrx_word' id='word_1_213' title='bbox 1136 2576 1152 2603; x_wconf 91' lang='lat'>‚</span> <span class='ocrx_word' id='word_1_214' title='bbox 1199 2526 1475 2613; x_wconf 85' lang='lat' dir='ltr'><strong>quando</strong></span> <span class='ocrx_word' id='word_1_215' title='bbox 1516 2534 1849 2591; x_wconf 89' lang='lat' dir='ltr'><strong>maturum</strong></span> <span class='ocrx_word' id='word_1_216' title='bbox 1887 2536 1958 2592; x_wconf 87' lang='lat' dir='ltr'><strong>et</strong></span> <span class='ocrx_word' id='word_1_217' title='bbox 1997 2529 2374 2615; x_wconf 89' lang='lat' dir='ltr'><strong>perfectum</strong></span> 
     </span>
     <span class='ocr_line' id='line_1_23' title="bbox 159 2624 2435 2719; baseline 0.004 -31"><span class='ocrx_word' id='word_1_218' title='bbox 159 2634 288 2691; x_wconf 90' lang='lat' dir='ltr'><strong>est.</strong></span> <span class='ocrx_word' id='word_1_219' title='bbox 330 2628 469 2693; x_wconf 90' lang='lat' dir='ltr'><strong>hoe</strong></span> <span class='ocrx_word' id='word_1_220' title='bbox 499 2635 724 2693; x_wconf 91' lang='lat' dir='ltr'><strong>autem</strong></span> <span class='ocrx_word' id='word_1_221' title='bbox 754 2628 811 2690; x_wconf 92' lang='lat' dir='ltr'><strong>si</strong></span> <span class='ocrx_word' id='word_1_222' title='bbox 838 2628 1239 2712; x_wconf 86' lang='lat' dir='ltr'><strong>probamus,</strong></span> <span class='ocrx_word' id='word_1_223' title='bbox 1269 2625 1542 2712; x_wconf 78' lang='lat' dir='ltr'><strong>Nequod</strong></span> <span class='ocrx_word' id='word_1_224' title='bbox 1565 2624 1783 2690; x_wconf 83' lang='lat' dir='ltr'><strong>locum</strong></span> <span class='ocrx_word' id='word_1_225' title='bbox 1813 2648 1950 2691; x_wconf 89' lang='lat' dir='ltr'><strong>non</strong></span> <span class='ocrx_word' id='word_1_226' title='bbox 1978 2628 2223 2704; x_wconf 88' lang='lat' dir='ltr'><strong>habet,</strong></span> <span class='ocrx_word' id='word_1_227' title='bbox 2251 2632 2377 2696; x_wconf 90' lang='lat' dir='ltr'><strong>sed</strong></span> <span class='ocrx_word' id='word_1_228' title='bbox 2410 2666 2435 2719; x_wconf 54' lang='lat'><em>3</em></span> 
     </span>
     <span class='ocr_line' id='line_1_24' title="bbox 159 2722 522 2800; baseline 0.019 -15"><span class='ocrx_word' id='word_1_229' title='bbox 159 2722 215 2785; x_wconf 89' lang='lat' dir='ltr'>N</span> <span class='ocrx_word' id='word_1_230' title='bbox 232 2748 269 2787; x_wconf 78' lang='grc' dir='ltr'><strong>Ε</strong></span> <span class='ocrx_word' id='word_1_231' title='bbox 285 2746 326 2800; x_wconf 82' lang='lat' dir='ltr'>Q</span> <span class='ocrx_word' id='word_1_232' title='bbox 339 2749 383 2790; x_wconf 84' lang='lat' dir='ltr'><strong>u</strong></span> <span class='ocrx_word' id='word_1_233' title='bbox 394 2751 419 2791; x_wconf 95' lang='lat'>1</span> <span class='ocrx_word' id='word_1_234' title='bbox 434 2751 522 2790; x_wconf 81' lang='lat' dir='ltr'><strong>n.</strong></span> 
     </span>
    </p>

    <p class='ocr_par' dir='ltr' id='par_1_3' title="bbox 161 2820 2373 3006">
     <span class='ocr_line' id='line_1_25' title="bbox 323 2820 2373 2900; baseline 0.003 -14"><span class='ocrx_word' id='word_1_235' title='bbox 323 2824 503 2888; x_wconf 85' lang='lat'><strong>1226.</strong></span> <span class='ocrx_word' id='word_1_236' title='bbox 519 2823 799 2887; x_wconf 67' lang='lat' dir='ltr'><strong>Summa</strong></span> <span class='ocrx_word' id='word_1_237' title='bbox 829 2843 1085 2885; x_wconf 72' lang='grc' dir='ltr'><strong>ΕΤῙΑΜ</strong></span> <span class='ocrx_word' id='word_1_238' title='bbox 1116 2843 1270 2886; x_wconf 74' lang='lat' dir='ltr'><strong>cum</strong></span> <span class='ocrx_word' id='word_1_239' title='bbox 1298 2844 1458 2885; x_wconf 77' lang='lat' dir='ltr'><strong>V1s.</strong></span> <span class='ocrx_word' id='word_1_240' title='bbox 1473 2820 2373 2900; x_wconf 77' lang='lat' dir='ltr'><strong>QuadratusSwnmetetiam.</strong></span> 
     </span>
     <span class='ocr_line' id='line_1_26' title="bbox 161 2917 2373 3006; baseline 0.005 -26"><span class='ocrx_word' id='word_1_241' title='bbox 161 2917 487 2986; x_wconf 87' lang='lat' dir='ltr'><strong>Marullus</strong></span> <span class='ocrx_word' id='word_1_242' title='bbox 508 2920 557 2985; x_wconf 91' lang='lat' dir='ltr'>S</span> <span class='ocrx_word' id='word_1_243' title='bbox 572 2943 615 2984; x_wconf 84' lang='lat' dir='ltr'><strong>U</strong></span> <span class='ocrx_word' id='word_1_244' title='bbox 628 2945 676 2983; x_wconf 83' lang='lat' dir='ltr'>M</span> <span class='ocrx_word' id='word_1_245' title='bbox 691 2943 739 2983; x_wconf 73' lang='grc'><strong>11</strong></span> <span class='ocrx_word' id='word_1_246' title='bbox 754 2942 825 2984; x_wconf 78' lang='lat' dir='ltr'><strong>A.</strong></span> <span class='ocrx_word' id='word_1_247' title='bbox 850 2942 1053 2984; x_wconf 86' lang='lat' dir='ltr'><strong>versu</strong></span> <span class='ocrx_word' id='word_1_248' title='bbox 1070 2920 1379 3005; x_wconf 63' lang='lat' dir='ltr'><strong>prordmo</strong></span> <span class='ocrx_word' id='word_1_249' title='bbox 1401 2920 1731 3005; x_wconf 80' lang='lat' dir='ltr'><strong>oblongus</strong></span> <span class='ocrx_word' id='word_1_250' title='bbox 1754 2922 1980 2985; x_wconf 73' lang='lat' dir='ltr'><strong>clausis</strong></span> <span class='ocrx_word' id='word_1_251' title='bbox 1995 2944 2123 3006; x_wconf 92' lang='lat' dir='ltr'><strong>pro</strong></span> <span class='ocrx_word' id='word_1_252' title='bbox 2141 2920 2373 2990; x_wconf 73' lang='lat' dir='ltr'><strong>elassis.</strong></span> 
     </span>
    </p>

    <p class='ocr_par' dir='ltr' id='par_1_4' title="bbox 155 3018 2379 3964">
     <span class='ocr_line' id='line_1_27' title="bbox 327 3018 2377 3092; baseline 0.003 -10"><span class='ocrx_word' id='word_1_253' title='bbox 327 3018 506 3082; x_wconf 84' lang='lat'><strong>1229.</strong></span> <span class='ocrx_word' id='word_1_254' title='bbox 537 3039 783 3082; x_wconf 77' lang='lat' dir='ltr'><strong>voris</strong></span> <span class='ocrx_word' id='word_1_255' title='bbox 813 3039 1075 3081; x_wconf 71' lang='lat' dir='ltr'><strong>AnrrA</strong></span> <span class='ocrx_word' id='word_1_256' title='bbox 1106 3039 1360 3080; x_wconf 61' lang='lat' dir='ltr'><strong>runci:</strong></span> <span class='ocrx_word' id='word_1_257' title='bbox 1392 3038 1710 3092; x_wconf 70' lang='lat' dir='ltr'><strong>Qunsir.</strong></span> <span class='ocrx_word' id='word_1_258' title='bbox 1734 3020 2284 3086; x_wconf 85' lang='lat' dir='ltr'><strong>AntoniusMarii</strong></span> <span class='ocrx_word' id='word_1_259' title='bbox 2307 3033 2377 3088; x_wconf 87' lang='lat' dir='ltr'><strong>et</strong></span> 
     </span>
     <span class='ocr_line' id='line_1_28' title="bbox 163 3112 2376 3201; baseline 0.004 -25"><span class='ocrx_word' id='word_1_260' title='bbox 163 3112 484 3181; x_wconf 81' lang='lat' dir='ltr'><strong>Marullus</strong></span> <span class='ocrx_word' id='word_1_261' title='bbox 508 3117 640 3180; x_wconf 81' lang='lat' dir='ltr'><strong>adit</strong></span> <span class='ocrx_word' id='word_1_262' title='bbox 663 3137 709 3178; x_wconf 79' lang='lat' dir='ltr'>A</span> <span class='ocrx_word' id='word_1_263' title='bbox 723 3138 757 3178; x_wconf 92' lang='lat' dir='ltr'><strong>c</strong></span> <span class='ocrx_word' id='word_1_264' title='bbox 776 3138 998 3201; x_wconf 77' lang='lat' dir='ltr'><strong>prece.</strong></span> <span class='ocrx_word' id='word_1_265' title='bbox 1032 3115 1407 3200; x_wconf 86' lang='lat' dir='ltr'><strong>quadratus</strong></span> <span class='ocrx_word' id='word_1_266' title='bbox 1416 3138 1647 3200; x_wconf 77' lang='lat' dir='ltr'><strong>praece</strong></span> <span class='ocrx_word' id='word_1_267' title='bbox 1658 3164 1676 3194; x_wconf 86' lang='lat'><strong><em>,</em></strong></span> <span class='ocrx_word' id='word_1_268' title='bbox 1702 3117 1890 3200; x_wconf 88' lang='lat' dir='ltr'><strong>quod</strong></span> <span class='ocrx_word' id='word_1_269' title='bbox 1909 3115 2376 3201; x_wconf 87' lang='lat' dir='ltr'><strong>frequentissi-</strong></span> 
     </span>
     <span class='ocr_line' id='line_1_29' title="bbox 163 3212 2376 3302; baseline 0.003 -25"><span class='ocrx_word' id='word_1_270' title='bbox 163 3231 333 3276; x_wconf 90' lang='lat' dir='ltr'><strong>mum</strong></span> <span class='ocrx_word' id='word_1_271' title='bbox 375 3213 719 3279; x_wconf 81' lang='lat' dir='ltr'><strong>scribendi</strong></span> <span class='ocrx_word' id='word_1_272' title='bbox 761 3234 972 3299; x_wconf 87' lang='lat' dir='ltr'><strong>genus</strong></span> <span class='ocrx_word' id='word_1_273' title='bbox 1023 3220 1129 3277; x_wconf 85' lang='lat' dir='ltr'><strong>est</strong></span> <span class='ocrx_word' id='word_1_274' title='bbox 1154 3213 1225 3276; x_wconf 88' lang='lat' dir='ltr'><strong>in</strong></span> <span class='ocrx_word' id='word_1_275' title='bbox 1252 3212 1442 3276; x_wconf 91' lang='lat' dir='ltr'><strong>libris</strong></span> <span class='ocrx_word' id='word_1_276' title='bbox 1468 3233 1650 3276; x_wconf 88' lang='lat' dir='ltr'><strong>nono</strong></span> <span class='ocrx_word' id='word_1_277' title='bbox 1682 3214 1951 3277; x_wconf 90' lang='lat' dir='ltr'><strong>saeculo</strong></span> <span class='ocrx_word' id='word_1_278' title='bbox 1983 3216 2376 3302; x_wconf 90' lang='lat' dir='ltr'><strong>antiquiori-</strong></span> 
     </span>
     <span class='ocr_line' id='line_1_30' title="bbox 161 3308 2376 3398; baseline 0.005 -27"><span class='ocrx_word' id='word_1_279' title='bbox 161 3308 284 3374; x_wconf 91' lang='lat' dir='ltr'><strong>bus</strong></span> <span class='ocrx_word' id='word_1_280' title='bbox 301 3360 317 3387; x_wconf 90' lang='lat'><strong>,</strong></span> <span class='ocrx_word' id='word_1_281' title='bbox 343 3321 424 3376; x_wconf 91' lang='lat' dir='ltr'><strong>ut</strong></span> <span class='ocrx_word' id='word_1_282' title='bbox 441 3314 754 3398; x_wconf 74' lang='lat' dir='ltr'><strong>praetium</strong></span> <span class='ocrx_word' id='word_1_283' title='bbox 771 3360 787 3390; x_wconf 86' lang='lat'>‚</span> <span class='ocrx_word' id='word_1_284' title='bbox 805 3334 1134 3397; x_wconf 79' lang='lat' dir='ltr'><strong>praemere</strong></span> <span class='ocrx_word' id='word_1_285' title='bbox 1149 3359 1167 3392; x_wconf 82' lang='lat'><em>,</em></span> <span class='ocrx_word' id='word_1_286' title='bbox 1185 3333 1442 3396; x_wconf 70' lang='lat' dir='ltr'><strong>qraeqes</strong></span> <span class='ocrx_word' id='word_1_287' title='bbox 1455 3359 1473 3391; x_wconf 86' lang='grc'>,</span> <span class='ocrx_word' id='word_1_288' title='bbox 1496 3311 1709 3375; x_wconf 71' lang='lat' dir='ltr'><strong>haebes</strong></span> <span class='ocrx_word' id='word_1_289' title='bbox 1723 3360 1741 3392; x_wconf 92' lang='lat'><strong><em>,</em></strong></span> <span class='ocrx_word' id='word_1_290' title='bbox 1766 3312 2160 3379; x_wconf 79' lang='lat' dir='ltr'><strong>adeae&#39;lerare</strong></span> <span class='ocrx_word' id='word_1_291' title='bbox 2174 3364 2192 3396; x_wconf 88' lang='lat'><strong><em>,</em></strong></span> <span class='ocrx_word' id='word_1_292' title='bbox 2215 3317 2376 3382; x_wconf 82' lang='lat' dir='ltr'><strong>Pae-</strong></span> 
     </span>
     <span class='ocr_line' id='line_1_31' title="bbox 163 3407 2375 3500; baseline 0.004 -28"><span class='ocrx_word' id='word_1_293' title='bbox 163 3407 376 3473; x_wconf 71' lang='lat' dir='ltr'><strong>dianus</strong></span> <span class='ocrx_word' id='word_1_294' title='bbox 395 3459 415 3492; x_wconf 84' lang='lat'><strong><em>,</em></strong></span> <span class='ocrx_word' id='word_1_295' title='bbox 445 3412 731 3496; x_wconf 71' lang='lat' dir='ltr'><strong>aepulari</strong></span> <span class='ocrx_word' id='word_1_296' title='bbox 749 3459 768 3491; x_wconf 83' lang='grc'>,</span> <span class='ocrx_word' id='word_1_297' title='bbox 801 3411 1069 3485; x_wconf 83' lang='lat' dir='ltr'><strong>caecidi,</strong></span> <span class='ocrx_word' id='word_1_298' title='bbox 1100 3410 1413 3497; x_wconf 82' lang='lat' dir='ltr'><strong>quaerella</strong></span> <span class='ocrx_word' id='word_1_299' title='bbox 1434 3459 1452 3489; x_wconf 86' lang='lat'><strong><em>,</em></strong></span> <span class='ocrx_word' id='word_1_300' title='bbox 1480 3412 1844 3495; x_wconf 74' lang='lat' dir='ltr'><strong>vaepreoula</strong></span> <span class='ocrx_word' id='word_1_301' title='bbox 1863 3459 1881 3491; x_wconf 87' lang='lat'><strong><em>,</em></strong></span> <span class='ocrx_word' id='word_1_302' title='bbox 1910 3413 2346 3500; x_wconf 71' lang='lat' dir='ltr'><strong>interpraetari</strong></span> <span class='ocrx_word' id='word_1_303' title='bbox 2357 3466 2375 3496; x_wconf 86' lang='lat'><strong><em>,</em></strong></span> 
     </span>
     <span class='ocr_line' id='line_1_32' title="bbox 155 3506 2374 3592; baseline 0.002 -21"><span class='ocrx_word' id='word_1_304' title='bbox 155 3506 387 3587; x_wconf 73' lang='lat' dir='ltr'><strong>piaetas</strong></span> <span class='ocrx_word' id='word_1_305' title='bbox 406 3558 426 3588; x_wconf 81' lang='lat'><em>,</em></span> <span class='ocrx_word' id='word_1_306' title='bbox 451 3510 742 3573; x_wconf 71' lang='lat' dir='ltr'><strong>sociaetas</strong></span> <span class='ocrx_word' id='word_1_307' title='bbox 761 3557 779 3589; x_wconf 91' lang='lat'><strong><em>,</em></strong></span> <span class='ocrx_word' id='word_1_308' title='bbox 808 3508 970 3571; x_wconf 87' lang='lat' dir='ltr'><strong>item</strong></span> <span class='ocrx_word' id='word_1_309' title='bbox 985 3509 1253 3592; x_wconf 77' lang='lat' dir='ltr'><strong>plaewas</strong></span> <span class='ocrx_word' id='word_1_310' title='bbox 1274 3556 1290 3586; x_wconf 87' lang='lat'>‚</span> <span class='ocrx_word' id='word_1_311' title='bbox 1318 3509 1598 3571; x_wconf 72' lang='lat' dir='ltr'><strong>aliaemcs</strong></span> <span class='ocrx_word' id='word_1_312' title='bbox 1617 3555 1635 3587; x_wconf 87' lang='lat'><strong><em>,</em></strong></span> <span class='ocrx_word' id='word_1_313' title='bbox 1665 3509 1857 3572; x_wconf 82' lang='lat' dir='ltr'><strong>raeda</strong></span> <span class='ocrx_word' id='word_1_314' title='bbox 1877 3557 1895 3587; x_wconf 88' lang='lat'><strong><em>,</em></strong></span> <span class='ocrx_word' id='word_1_315' title='bbox 1937 3511 2342 3575; x_wconf 77' lang='lat' dir='ltr'><strong>laenocinium</strong></span> <span class='ocrx_word' id='word_1_316' title='bbox 2356 3562 2374 3592; x_wconf 87' lang='lat'><strong><em>,</em></strong></span> 
     </span>
     <span class='ocr_line' id='line_1_33' title="bbox 156 3604 2378 3693; baseline 0.001 -24"><span class='ocrx_word' id='word_1_317' title='bbox 156 3604 585 3693; x_wconf 56' lang='lat' dir='ltr'><strong>maestamque,</strong></span> <span class='ocrx_word' id='word_1_318' title='bbox 617 3628 791 3692; x_wconf 91' lang='lat' dir='ltr'><strong>quae</strong></span> <span class='ocrx_word' id='word_1_319' title='bbox 818 3606 1066 3670; x_wconf 89' lang='lat' dir='ltr'><strong>indicio</strong></span> <span class='ocrx_word' id='word_1_320' title='bbox 1091 3613 1250 3669; x_wconf 91' lang='lat' dir='ltr'><strong>sunt</strong></span> <span class='ocrx_word' id='word_1_321' title='bbox 1268 3605 1441 3668; x_wconf 86' lang='lat' dir='ltr'><strong>haec</strong></span> <span class='ocrx_word' id='word_1_322' title='bbox 1463 3605 1797 3669; x_wconf 85' lang='lat' dir='ltr'><strong>vocabula</strong></span> <span class='ocrx_word' id='word_1_323' title='bbox 1823 3631 1857 3670; x_wconf 90' lang='lat' dir='ltr'><strong>e</strong></span> <span class='ocrx_word' id='word_1_324' title='bbox 1885 3614 2123 3690; x_wconf 87' lang='lat' dir='ltr'><strong>aperto</strong></span> <span class='ocrx_word' id='word_1_325' title='bbox 2143 3657 2158 3682; x_wconf 91' lang='lat'>‚</span> <span class='ocrx_word' id='word_1_326' title='bbox 2192 3609 2378 3692; x_wconf 89' lang='lat' dir='ltr'><strong>quod</strong></span> 
     </span>
     <span class='ocr_line' id='line_1_34' title="bbox 163 3697 2379 3790; baseline 0.005 -30"><span class='ocrx_word' id='word_1_327' title='bbox 163 3697 307 3765; x_wconf 86' lang='lat' dir='ltr'><strong>Itali</strong></span> <span class='ocrx_word' id='word_1_328' title='bbox 330 3703 568 3768; x_wconf 89' lang='lat' dir='ltr'><strong>dicunt</strong></span> <span class='ocrx_word' id='word_1_329' title='bbox 583 3752 600 3781; x_wconf 93' lang='lat'>‚</span> <span class='ocrx_word' id='word_1_330' title='bbox 627 3703 1042 3790; x_wconf 87' lang='lat' dir='ltr'><strong>proferenda</strong></span> <span class='ocrx_word' id='word_1_331' title='bbox 1072 3723 1220 3767; x_wconf 89' lang='lat' dir='ltr'><strong>esse</strong></span> <span class='ocrx_word' id='word_1_332' title='bbox 1240 3752 1253 3765; x_wconf 91' lang='lat'><strong>.</strong></span> <span class='ocrx_word' id='word_1_333' title='bbox 1283 3703 1416 3766; x_wconf 90' lang='lat' dir='ltr'><strong>hoc</strong></span> <span class='ocrx_word' id='word_1_334' title='bbox 1440 3710 1677 3787; x_wconf 87' lang='lat' dir='ltr'><strong>aperto</strong></span> <span class='ocrx_word' id='word_1_335' title='bbox 1703 3723 1870 3767; x_wconf 91' lang='lat' dir='ltr'><strong>sono</strong></span> <span class='ocrx_word' id='word_1_336' title='bbox 1895 3703 2038 3767; x_wconf 82' lang='lat' dir='ltr'><strong>ruri</strong></span> <span class='ocrx_word' id='word_1_337' title='bbox 2059 3704 2379 3771; x_wconf 89' lang='lat' dir='ltr'><strong>dicebant</strong></span> 
     </span>
     <span class='ocr_line' id='line_1_35' title="bbox 155 3799 2379 3888; baseline 0.003 -25"><span class='ocrx_word' id='word_1_338' title='bbox 155 3811 362 3878; x_wconf 77' lang='lat' dir='ltr'><strong>pretor</strong></span> <span class='ocrx_word' id='word_1_339' title='bbox 401 3823 534 3888; x_wconf 90' lang='lat' dir='ltr'><strong>quo</strong></span> <span class='ocrx_word' id='word_1_340' title='bbox 574 3810 882 3887; x_wconf 91' lang='lat' dir='ltr'><strong>tempore</strong></span> <span class='ocrx_word' id='word_1_341' title='bbox 921 3803 992 3865; x_wconf 89' lang='lat' dir='ltr'><strong>in</strong></span> <span class='ocrx_word' id='word_1_342' title='bbox 1030 3801 1199 3865; x_wconf 90' lang='lat' dir='ltr'><strong>urbe</strong></span> <span class='ocrx_word' id='word_1_343' title='bbox 1229 3825 1303 3864; x_wconf 89' lang='lat' dir='ltr'><strong>ae</strong></span> <span class='ocrx_word' id='word_1_344' title='bbox 1333 3799 1799 3886; x_wconf 82' lang='lat' dir='ltr'><strong>diphthongus</strong></span> <span class='ocrx_word' id='word_1_345' title='bbox 1830 3801 2048 3866; x_wconf 87' lang='lat' dir='ltr'><strong>audiri</strong></span> <span class='ocrx_word' id='word_1_346' title='bbox 2077 3803 2379 3869; x_wconf 89' lang='lat' dir='ltr'><strong>nondum</strong></span> 
     </span>
     <span class='ocr_line' id='line_1_36' title="bbox 169 3892 488 3964; baseline 0.028 -9"><span class='ocrx_word' id='word_1_347' title='bbox 169 3892 456 3964; x_wconf 85' lang='lat' dir='ltr'><strong>desierat</strong></span> <span class='ocrx_word' id='word_1_348' title='bbox 474 3948 488 3964; x_wconf 91' lang='lat'><strong>.</strong></span> 
     </span>
    </p>

    <p class='ocr_par' dir='ltr' id='par_1_5' title="bbox 167 3997 2378 4282">
     <span class='ocr_line' id='line_1_37' title="bbox 330 3997 2378 4067; baseline 0.002 -7"><span class='ocrx_word' id='word_1_349' title='bbox 330 3997 985 4062; x_wconf 65' lang='lat' dir='ltr'><strong>1230.Vssmonum</strong></span> <span class='ocrx_word' id='word_1_350' title='bbox 1015 4019 1365 4062; x_wconf 78' lang='lat' dir='ltr'><strong>rAvmus</strong></span> <span class='ocrx_word' id='word_1_351' title='bbox 1396 4018 1671 4062; x_wconf 76' lang='lat' dir='ltr'><strong>PAcES.</strong></span> <span class='ocrx_word' id='word_1_352' title='bbox 1695 3997 1798 4063; x_wconf 93' lang='lat' dir='ltr'><strong>De</strong></span> <span class='ocrx_word' id='word_1_353' title='bbox 1820 3998 1954 4063; x_wconf 88' lang='lat' dir='ltr'><strong>hoc</strong></span> <span class='ocrx_word' id='word_1_354' title='bbox 1977 4022 2179 4065; x_wconf 88' lang='lat' dir='ltr'><strong>versu</strong></span> <span class='ocrx_word' id='word_1_355' title='bbox 2199 4002 2378 4067; x_wconf 89' lang='lat' dir='ltr'><strong>idem</strong></span> 
     </span>
     <span class='ocr_line' id='line_1_38' title="bbox 167 4086 2374 4182; baseline 0.006 -31"><span class='ocrx_word' id='word_1_356' title='bbox 167 4086 516 4159; x_wconf 86' lang='lat' dir='ltr'><strong>dicendum</strong></span> <span class='ocrx_word' id='word_1_357' title='bbox 545 4104 651 4160; x_wconf 92' lang='lat' dir='ltr'><strong>est</strong></span> <span class='ocrx_word' id='word_1_358' title='bbox 681 4095 868 4180; x_wconf 88' lang='lat' dir='ltr'><strong>quod</strong></span> <span class='ocrx_word' id='word_1_359' title='bbox 898 4117 1104 4182; x_wconf 91' lang='lat' dir='ltr'><strong>supra</strong></span> <span class='ocrx_word' id='word_1_360' title='bbox 1133 4096 1272 4160; x_wconf 86' lang='lat' dir='ltr'><strong>dixi</strong></span> <span class='ocrx_word' id='word_1_361' title='bbox 1303 4097 1389 4161; x_wconf 90' lang='lat' dir='ltr'><strong>de</strong></span> <span class='ocrx_word' id='word_1_362' title='bbox 1425 4096 1579 4161; x_wconf 89' lang='grc'>1031</span> <span class='ocrx_word' id='word_1_363' title='bbox 1614 4097 1767 4162; x_wconf 88' lang='lat' dir='ltr'><strong>libri</strong></span> <span class='ocrx_word' id='word_1_364' title='bbox 1795 4099 2011 4163; x_wconf 88' lang='lat' dir='ltr'><strong>tertii.</strong></span> <span class='ocrx_word' id='word_1_365' title='bbox 2056 4121 2209 4164; x_wconf 88' lang='lat' dir='ltr'><strong>nam</strong></span> <span class='ocrx_word' id='word_1_366' title='bbox 2236 4124 2374 4164; x_wconf 78' lang='lat' dir='ltr'><strong>ven-</strong></span> 
     </span>
     <span class='ocr_line' id='line_1_39' title="bbox 169 4193 2375 4282; baseline 0.004 -30"><span class='ocrx_word' id='word_1_367' title='bbox 169 4194 354 4254; x_wconf 72' lang='lat' dir='ltr'><strong>torum</strong></span> <span class='ocrx_word' id='word_1_368' title='bbox 371 4216 562 4279; x_wconf 76' lang='lat' dir='ltr'><strong>paces</strong></span> <span class='ocrx_word' id='word_1_369' title='bbox 588 4193 1002 4279; x_wconf 90' lang='lat' dir='ltr'><strong>ineptissime</strong></span> <span class='ocrx_word' id='word_1_370' title='bbox 1025 4194 1446 4259; x_wconf 88' lang='lat' dir='ltr'><strong>subiciuntur</strong></span> <span class='ocrx_word' id='word_1_371' title='bbox 1469 4195 1829 4282; x_wconf 83' lang='lat' dir='ltr'><strong>divompaci</strong></span> <span class='ocrx_word' id='word_1_372' title='bbox 1841 4245 1860 4277; x_wconf 83' lang='grc'>,</span> <span class='ocrx_word' id='word_1_373' title='bbox 1894 4218 2027 4282; x_wconf 89' lang='lat' dir='ltr'><strong>qua</strong></span> <span class='ocrx_word' id='word_1_374' title='bbox 2048 4197 2375 4282; x_wconf 83' lang='lat' dir='ltr'><strong>significa-</strong></span> 
     </span>
    </p>
   </div>
   <div class='ocr_carea' id='block_1_3' title="bbox 168 4286 2375 4452">
    <p class='ocr_par' dir='ltr' id='par_1_6' title="bbox 168 4286 2375 4452">
     <span class='ocr_line' id='line_1_40' title="bbox 168 4286 2375 4439; baseline 0.003 -91"><span class='ocrx_word' id='word_1_375' title='bbox 168 4286 275 4439; x_wconf 51' lang='lat' dir='ltr'><strong>{ur</strong></span> <span class='ocrx_word' id='word_1_376' title='bbox 313 4298 557 4372; x_wconf 86' lang='lat' dir='ltr'><strong>pacata</strong></span> <span class='ocrx_word' id='word_1_377' title='bbox 601 4291 881 4356; x_wconf 89' lang='lat' dir='ltr'><strong>deorum</strong></span> <span class='ocrx_word' id='word_1_378' title='bbox 926 4290 1172 4355; x_wconf 91' lang='lat' dir='ltr'><strong>sedes.</strong></span> <span class='ocrx_word' id='word_1_379' title='bbox 1218 4291 1307 4355; x_wconf 90' lang='lat' dir='ltr'><strong>ad</strong></span> <span class='ocrx_word' id='word_1_380' title='bbox 1346 4294 1581 4409; x_wconf 68' lang='lat' dir='ltr'><strong>quaesit</strong></span> <span class='ocrx_word' id='word_1_381' title='bbox 1615 4302 1838 4358; x_wconf 84' lang='lat' dir='ltr'><strong>autem</strong></span> <span class='ocrx_word' id='word_1_382' title='bbox 1866 4300 2090 4358; x_wconf 90' lang='lat' dir='ltr'><strong>mente</strong></span> <span class='ocrx_word' id='word_1_383' title='bbox 2121 4292 2375 4356; x_wconf 89' lang='lat' dir='ltr'><strong>adden-</strong></span> 
     </span>
     <span class='ocr_line' id='line_1_41' title="bbox 219 4394 614 4452; baseline 0.011 -5"><span class='ocrx_word' id='word_1_384' title='bbox 219 4400 325 4447; x_wconf 87' lang='lat' dir='ltr'><strong>um</strong></span> <span class='ocrx_word' id='word_1_385' title='bbox 353 4394 457 4450; x_wconf 87' lang='lat' dir='ltr'><strong>est</strong></span> <span class='ocrx_word' id='word_1_386' title='bbox 485 4411 614 4452; x_wconf 77' lang='lat' dir='ltr'><strong>eos.</strong></span> 
     </span>
    </p>
   </div>
   <div class='ocr_carea' id='block_1_4' title="bbox 1855 4489 1975 4552">
    <p class='ocr_par' dir='ltr' id='par_1_7' title="bbox 1855 4489 1975 4552">
     <span class='ocr_line' id='line_1_42' title="bbox 1855 4489 1975 4552; baseline -0.008 0"><span class='ocrx_word' id='word_1_387' title='bbox 1855 4489 1975 4552; x_wconf 72' lang='lat'><strong>22⁸</strong></span> 
     </span>
    </p>
   </div>
  </div>
 </body>
</html>
