2840 5008
1216 335 1276 401 ΙΙ

63 511 488 596 corporibus
514 559 531 584 ‚
560 509 800 595 paucis
829 508 988 570 licet
1016 505 1169 568 hinc
1203 516 1611 592 cognoscere
1630 558 1644 583 ‚
1667 510 1962 575 Memmi.

60 626 348 709 primum
386 645 668 686 aurora
697 644 873 686 novo
908 643 1056 684 cum
1086 621 1340 706 spargit
1369 622 1610 685 lumine
1642 631 1888 699 terraS,

13 757 23 801 ἰ
59 748 119 803 et
147 739 387 803 variae
423 739 765 803 volucres
795 755 1070 798 nemora
1099 735 1244 797 avia
1270 736 1751 821 pervolitantes

61 859 209 916 aera
239 875 374 939 per
408 860 744 915 tenerum
772 849 1038 934 liquidis
1069 849 1216 911 loca
1244 851 1523 913 vocibus
1556 852 1867 939 opplent,

67 989 259 1052 quam
290 967 549 1031 subito
586 965 805 1027 soleat
833 964 937 1032 sol
967 970 1152 1025 ortus
1184 970 1485 1047 tempore
1515 966 1630 1028 tali

65 1082 467 1144 convestire
503 1100 638 1142 sua
668 1075 1077 1165 perfundens
1111 1078 1330 1139 omnia
1356 1077 1534 1151 luce,

64 1197 378 1274 omnibus
410 1195 493 1257 in
525 1202 852 1278 promptu
879 1191 1427 1275 manifestumque
1460 1213 1606 1254 esse
1636 1193 1965 1258 videmus,

13 1326 28 1371 3
65 1318 130 1372 at
157 1332 388 1395 vapor
422 1309 489 1371 is
529 1328 734 1391 quem
763 1307 863 1369 sol
891 1307 1089 1370 mittit
1118 1306 1471 1389 lumenque
1503 1328 1808 1381 serenum
1828 1358 1841 1384 ‚

67 1446 194 1486 non
223 1446 359 1509 per
393 1425 619 1487 inane
650 1428 829 1511 meat
854 1425 1170 1496 vacuu'm3
1196 1442 1329 1503 quo
1361 1418 1620 1483 tardius
1650 1422 1747 1484 ire

70 1537 334 1622 cogitur
361 1588 377 1613 ,
404 1537 641 1601 aerias
677 1536 862 1619 quasi
894 1534 1045 1597 dum
1080 1533 1461 1597 diverberet
1492 1534 1735 1598 undas:

68 1673 185 1714 nec
215 1651 636 1738 singillatim
669 1649 1063 1733 corpuscula
1094 1668 1400 1732 quaeque
1433 1651 1701 1732 vaporis

68 1765 186 1829 sed
215 1766 607 1851 complexa
635 1771 860 1827 meant
884 1764 1055 1826 inter
1084 1784 1156 1824 se
1189 1782 1448 1846 conque
1479 1763 1782 1847 globata3

13 1895 30 1938 τι
70 1902 196 1962 qua
224 1888 545 1966 propter
578 1878 773 1942 simul
801 1878 971 1941 inter
1001 1898 1074 1939 se
1101 1875 1538 1939 retrahuntur
1570 1885 1637 1940 et
1667 1888 1861 1941 extra

69 1994 474 2058 officiuntur
499 2043 514 2069 ,
538 1993 639 2056 uti
672 1999 995 2076 cogantur
1024 1989 1282 2054 tardius
1312 1992 1440 2053 ire.

70 2115 135 2171 at
162 2130 347 2193 quae
384 2116 561 2171 sunt
591 2105 808 2169 solida
834 2103 1199 2190 primordia
1228 2105 1645 2191 simplicitate
1664 2156 1677 2180 ‚

71 2244 212 2284 cum
244 2246 384 2308 per
415 2223 623 2285 inane
653 2227 870 2283 meant
897 2241 1178 2283 vacuum
1197 2266 1211 2292 ‚
1233 2241 1358 2282 nec
1388 2241 1497 2281 res
1528 2234 1899 2284 remoratur

66 2336 194 2401 ulla
221 2338 408 2401 foris
431 2385 447 2410 ‚
473 2343 683 2419 atque
711 2335 857 2418 ipsa
885 2335 1020 2397 suis
1054 2356 1088 2396 e
1118 2334 1420 2418 partibus
1453 2356 1651 2397 unum
1669 2384 1682 2410 ‚

13 2463 31 2510 ὓ
65 2472 266 2515 unum
288 2501 305 2528 ‚
330 2452 408 2515 in
442 2471 647 2535 quem
679 2436 960 2536 coepere
991 2449 1207 2512 locum
1239 2448 1478 2512 conixa
1503 2448 1843 2526 feruntur,

70 2565 326 2631 debent
347 2614 364 2640 ‚
388 2566 463 2646 ni
492 2565 731 2627 mirum
751 2613 766 2639 ‚
791 2564 1192 2650 praecellere
1219 2564 1583 2627 mobilitate
1599 2611 1613 2629 .

73 2688 134 2744 et
160 2682 387 2745 multo
423 2681 625 2743 citius
656 2678 811 2741 ferri
844 2700 1040 2762 quam
1068 2678 1312 2741 lumina
1341 2678 1500 2740 solis
1518 2727 1531 2748 ,

70 2796 569 2880 multiplexque
602 2794 731 2855 loci
763 2794 1043 2884 spatium
1072 2801 1531 2855 transcurrere
1564 2791 1799 2855 eodem

73 2917 384 3003 tempqre
418 2930 560 2993 quo
594 2908 755 2970 solis
786 2907 1183 2993 pervolgant
1211 2906 1477 2990 fulgura
1507 2907 1787 2970 caelum.

1129 3067 1163 3103 ἧς

13 3262 32 3304 5
86 3250 256 3330 [nec
285 3248 672 3336 persectari
701 3247 1061 3332 primordia
1091 3249 1348 3334 singula
1379 3271 1715 3333 quaeque,

72 3373 144 3425 ut
172 3364 459 3428 videant
492 3385 632 3448 qua
664 3364 946 3446 quicque
978 3372 1246 3449 geratur
1278 3385 1426 3425 cum
1455 3364 1741 3426 ratione.

154 3479 248 3541 At
279 3478 562 3562 quidam
599 3485 833 3540 contra
858 3477 1027 3540 haec
1047 3527 1060 3552 ,
1083 3478 1296 3562 ignari
1322 3477 1650 3550 materiai,

74 3577 558 3655 naturamhon
589 3613 792 3676 posse
811 3640 826 3666 ‚
852 3591 1045 3654 deum
1075 3592 1217 3654 sine
1247 3592 1511 3659 numine
1530 3640 1544 3665 ‚
1567 3587 1796 3655 rentur

73 3713 260 3769 tanto
292 3728 511 3792 opere
542 3706 851 3768 humanis
880 3706 1249 3770 rationibus
1281 3705 1702 3770 atmoderate

13 3833 35 3874 0
73 3828 378 3905 tempora
407 3828 679 3882 mutare
712 3841 1031 3883 annorum
1051 3870 1065 3895 ‚
1087 3820 1451 3905 frugesque
1484 3841 1743 3896 creare,

75 3943 138 3995 et
165 3936 286 3997 iam
323 3943 563 3997 cetera
582 3981 597 4007 ‚
620 3934 919 3996 mortalis
952 3956 1121 4019 quae
1151 3934 1392 3998 suadet
1424 3934 1606 3997 adire

82 4218 166 4264 144
202 4232 378 4266 novor
429 4214 450 4282 ΙΙ
506 4218 604 4264 147
646 4211 797 4264 solea
842 4212 860 4279 Η
912 4220 1002 4264 152
1043 4215 1194 4282 quosi
1242 4215 1260 4282 Η
1316 4221 1407 4265 155
1449 4214 1726 4266 trahuntur
1772 4214 1791 4281 ΙΙ
1843 4220 1936 4265 158
1973 4215 2282 4278 remoravit.
2322 4216 2340 4283 ΙΙ

80 4300 164 4345 160
202 4313 409 4348 conexa
449 4296 470 4361 Η
512 4301 608 4347 163
649 4294 1028 4365 Multiplesquc
1065 4297 1082 4364 Η
1127 4302 1219 4347 166
1258 4297 1335 4346 Ut
1372 4296 1530 4347 deant
1568 4296 1586 4364 ΙΙ
1629 4303 1721 4348 168
1759 4296 1935 4348 reddi.
