2840 5008
1255 426 1286 492 1
2123 455 2134 463 -
2354 408 2396 497 5'

130 623 193 665 ne
217 621 365 665 mea
396 598 596 662 dona
627 599 750 663 tibi
783 596 1003 660 studio
1036 596 1343 682 disposta
1369 598 1580 672 fideli,

127 714 448 778 intellecta
478 715 684 798 prius
711 733 914 798 quam
944 713 1078 783 sint
1096 761 1110 787 ‚
1136 721 1524 798 contempta
1551 713 1921 798 relinquas,

126 852 256 892 nam
282 828 409 894 tibi
444 827 539 891 de
575 848 837 891 summa
866 826 1028 890 caeli
1056 827 1313 908 ratione
1346 827 1677 913 deumque

54 962 80 1005 ¹5
129 943 442 1007 disserere
473 941 798 1026 incipiam
818 990 832 1017 ‚
857 948 921 1004 et
949 961 1169 1003 rerum
1199 941 1564 1026 primordia
1589 942 1907 1029 pandam,

127 1056 283 1121 unde
309 1056 534 1120 omnis
566 1064 819 1120 natura
847 1062 1030 1118 creet
1058 1076 1165 1118 res
1182 1104 1200 1135 ‚
1224 1063 1484 1131 auctet,
1508 1056 1806 1141 alatque,

130 1194 329 1258 quove
362 1168 613 1232 eadem
640 1148 908 1232 rursum
935 1177 1173 1232 natura
1201 1178 1546 1255 perempta
1573 1172 1900 1245 resolvat3

128 1302 283 1364 quae
314 1304 446 1347 nos
474 1284 830 1347 materiem
864 1291 931 1347 et
959 1284 1272 1367 genitalia
1298 1305 1587 1370 corpora
1613 1285 1816 1349 rebus

125 1392 466 1460 reddunda
494 1398 573 1460 in
604 1398 866 1461 ratione
892 1419 1139 1461 vocare
1171 1405 1239 1462 et
1269 1398 1520 1461 semina
1545 1420 1770 1462 rerum

53 1523 83 1568 30
130 1510 451 1594 appellare
485 1517 766 1575 suemus
800 1520 866 1575 et
892 1499 1061 1576 haec
1094 1511 1327 1575 eadem
1356 1534 1685 1604 usurpare

137 1644 402 1708 corpora
429 1626 692 1710 prima,
717 1625 904 1710 quod
934 1647 1015 1690 ex
1045 1627 1172 1690 illis
1203 1632 1359 1690 sunt
1390 1627 1611 1691 omnia
1636 1628 1894 1713 primis,

198 1737 502 1802 Humana
534 1746 698 1803 ante
728 1739 958 1803 oculos
986 1739 1186 1803 foede
1222 1762 1370 1803 oum
1400 1741 1540 1804 vita
1564 1741 1813 1804 iaceret

136 1850 189 1910 in
212 1853 404 1915 terris
437 1873 782 1938 oppressa
808 1854 997 1937 gravi
1025 1854 1164 1922 sub¹
1180 1855 1528 1940 religione,

138 1983 282 2046 quae
312 1973 517 2052 caput
548 1987 593 2029 a
625 1966 795 2057 caeli
819 1967 1198 2051 regionibus
1229 1967 1633 2032 ostendebat

53 2089 90 2133 55
136 2075 411 2142 horribili
442 2102 660 2165 super
692 2088 970 2164 aspectu
998 2082 1388 2146 mortalibus
1418 2083 1709 2153 instans,

136 2192 395 2273 primum
427 2194 681 2258 Graius
710 2194 910 2257 homo
941 2195 1239 2283 mortalis
1268 2195 1549 2259 tendere
1579 2204 1816 2261 eontra

137 2310 225 2367 est
250 2307 478 2371 oculo's
509 2331 720 2372 ausus
750 2309 1139 2393 primusque
1170 2310 1501 2375 obsistere
1531 2318 1795 2383 eontra3

139 2439 312 2500 quem
337 2442 557 2507 neque
591 2421 751 2486 fana
780 2422 975 2486 deum
1003 2444 1129 2486 neo
1157 2422 1434 2486 fulmina
1461 2446 1587 2487 nee
1615 2426 1941 2488 minitanti

141 2554 440 2599 murmure
471 2538 877 2621 compressit
906 2537 1158 2600 caelum
1176 2586 1192 2612 ‚
1215 2537 1339 2601 sed
1355 2521 1449 2602 «ἕο
1479 2540 1688 2623 magis
1718 2559 1936 2602 aorem

54 2655 101 2702 ⁷0
145 2645 339 2711 inritat
365 2651 562 2714 animi
597 2650 945 2727 virtutem,
971 2650 1318 2736 effringere
1346 2659 1424 2715 ut
1453 2659 1601 2714 arta

147 2768 386 2825 naturae
411 2765 676 2849 primus
705 2771 1050 2849 portarum
1084 2765 1376 2828 claustra
1405 2765 1693 2849 oupiret.

147 2891 279 2957 ergo
304 2877 524 2940 vivida
553 2878 664 2940 vis
695 2878 889 2940 animi
917 2878 1205 2961 pervicit
1222 2925 1237 2952 ‚
1263 2885 1332 2942 et
1362 2887 1554 2944 extra

150 2992 437 3067 processit
458 2993 678 3076 -longe
704 2990 1108 3054 flammantia
1134 2994 1397 3057 moenia
1426 2994 1654 3057 mundi
1864 3070 1867 3072 Α

150 3104 319 3184 atque
346 3126 536 3168 omne
569 3105 960 3169 immensum
988 3109 1372 3193 peragravit
1399 3116 1621 3173 mente
1652 3109 2033 3194 animoque3

59 3222 105 3266 ⁷5
151 3212 296 3277 unde
322 3216 528 3283 refert
558 3220 758 3284 nobis
790 3220 1008 3284 vietor
1041 3219 1203 3305 quid
1232 3224 1452 3307 possit
1480 3224 1667 3303 oriri,

148 3326 281 3407 quid
304 3340 602 3417 nequeat
620 3382 635 3409 ,
657 3333 845 3398 finita
870 3341 1176 3420 potestas
1208 3334 1497 3422 denique
1529 3319 1769 3421 cuique

145 3459 253 3522 qua
275 3464 423 3508 nam
451 3440 541 3511 sit
571 3448 830 3512 ratione
861 3456 1064 3533 atque
1094 3449 1227 3514 alte
1255 3451 1577 3515 terminus
1605 3452 1923 3515 haerens,

145 3571 319 3633 quare
347 3560 584 3645 religio
612 3561 899 3647 pedibus
931 3564 1231 3628 subiecta
1257 3565 1564 3628 vicissim-

149 3671 446 3749 opteritur
465 3722 480 3750 ,
502 3696 634 3737 nos
667 3684 996 3761 exaequat
1023 3678 1306 3742 victoria
1336 3679 1553 3768 caelos

59 3785 104 3831 80
207 3779 366 3848 Illud
391 3787 461 3849 in
489 3788 602 3851 his
631 3791 833 3854 rebus
863 3813 1100 3856 vereor
1120 3842 1136 3868 ‚
1157 3815 1242 3856 ne
1270 3793 1446 3858 forte
1476 3792 1684 3856 rearis

143 3890 294 3977 inpia
319 3906 384 3962 te
411 3902 699 3966 rationis
726 3903 890 3968 inire
921 3906 1245 3972 elementa
1272 3909 1578 3991 viamque

141 4003 466 4095 indugredi
497 4009 798 4080 sceleris.
845 4020 1030 4104 quod
1061 4030 1297 4085 eontra
1327 4021 1595 4106 saepius
1624 4019 1737 4082 illa

150 4286 201 4411 ξθ
233 4288 419 4431 gnere
472 4292 493 4363 ΙΙ
553 4301 621 4346 68
678 4294 813 4347 fama
869 4297 886 4366 ΙΙ
942 4304 1005 4351 70
1054 4297 1391 4366 confringere
1448 4295 1466 4365 ΙΙ
1524 4303 1582 4347 71
1638 4305 1874 4366 cuperet.
1933 4298 1951 4366 ΙΙ
2007 4304 2069 4348 74
2110 4312 2317 4348 omnem
2355 4293 2374 4362 ΙΙ

177 4370 200 4414 7
279 4381 487 4427 uantum
734 4399 737 4402 Δ
