2840 5008
1200 430 1290 496 111
2212 432 2346 500 147

94 605 298 672 fateri
324 626 406 668 se
432 604 646 668 huius
671 602 1140 666 emendatione
1164 604 1534 687 expolitum
1567 604 1909 687 exemplar
1939 607 2168 668 nescio
2202 608 2346 690 qui-

96 706 219 767 bus
255 704 543 767 artibus
574 709 841 764 nactum
874 723 1022 765 esse
1041 702 1073 762 ⁰?
1095 723 1247 764 nam
1278 700 1683 786 praefationi
1706 703 1976 766 Avantii
2006 705 2346 789 subscrip·
2397 737 2401 744 ·

93 810 232 863 tum
258 807 374 863 est
407 800 563 863 Kal.
585 799 832 861 Martiis
856 822 975 860 mn
995 847 1010 873 ,
1036 798 1365 862 Marullus
1397 807 1620 863 autem
1650 800 1853 883 periit
1880 821 2110 865 mense
2131 803 2347 887 Aprili

97 900 253 960 anni
285 921 387 959 mn
416 947 431 960 .
1679 913 1685 919 “

271 995 413 1058 100.
450 1018 496 1071 Q
516 1016 676 1057 uon
720 1015 1012 1056 ΤΛοιΑΤ
1054 1015 1206 1057 Nos
1233 1042 1245 1056 .
1294 993 1688 1071 Quadratus
1720 998 1893 1058 tatiat
1919 1043 1932 1058 .
1965 995 2163 1059 huius
2196 1019 2343 1061 cor-

96 1100 326 1156 rector
360 1098 437 1155 et
465 1091 843 1157 Brixiensis
876 1090 1083 1155 editio
1116 1113 1208 1155 FA
1227 1114 1261 1155 c
1281 1114 1408 1154 IAT
1429 1141 1442 1153 .

264 1190 413 1253 106.
443 1189 711 1254 SAEPE
743 1211 1041 1264 rmonn
1067 1213 1151 1252 1N
1182 1211 1566 1253 rnomr‘ru
1589 1212 1893 1253 conpus
1919 1214 2130 1267 ouon
2157 1216 2341 1257 onn—
2413 1271 2416 1272 ⁷

100 1310 141 1349 N
159 1311 237 1350 ιτ
255 1311 357 1351 un
388 1310 438 1350 A
454 1311 497 1354 E
518 1307 734 1351 onum
765 1336 779 1351 .
812 1285 1206 1366 Quadratus
1235 1288 1302 1349 in
1319 1298 1608 1371 prompto
1633 1336 1646 1350 .
1677 1290 2152 1373 grammaticus
2175 1290 2342 1354 Vin-

101 1384 534 1450 dobonensis
562 1385 1011 1450 Eichenfeldii
1038 1407 1102 1469 p.
1126 1385 1242 1449 172
1272 1387 1591 1470 Aeyrescit
1626 1410 1666 1448 a
1694 1387 1869 1450 verbo
1911 1399 2116 1472 aeyret
2144 1436 2157 1449 .
2208 1388 2341 1452 Lu-

102 1486 318 1547 cretius
349 1484 567 1569 Saepe
603 1486 806 1570 itaque
850 1485 914 1546 in
930 1494 1163 1568 proptu
1209 1506 1432 1567 corpus
1460 1485 1626 1569 quod
1652 1507 1963 1549 cernemus
1988 1507 2084 1546 ΑΕ
2102 1507 2309 1549 GRE‘r
2328 1537 2341 1551 .

103 1604 318 1666 aeyreo
349 1594 567 1646 tamen
597 1584 821 1645 dicmm
848 1605 970 1645 non
999 1593 1086 1644 est
1114 1631 1126 1645 .
1169 1582 1536 1646 Lambinus
1570 1582 1863 1645 editione
1893 1583 2109 1667 prima
2140 1592 2208 1649 et
2237 1607 2342 1648 se·

105 1680 327 1743 cunda
357 1704 628 1766 aeyrum
658 1692 743 1744 est
770 1681 1042 1764 scripsit
1070 1729 1086 1756 ‚
1118 1703 1265 1743 cum
1295 1688 1483 1744 recte
1501 1682 1838 1745 sensisset
1859 1681 2243 1747 Lucretium
2274 1685 2344 1748 in

104 1777 352 1843 talibus
399 1780 696 1843 verbum
740 1779 1239 1843 substantivum
1283 1800 1423 1842 non
1469 1780 1780 1844 omittere
1814 1803 1828 1842 ε
1872 1781 2075 1843 tertia
2119 1790 2342 1846 autem

105 1874 233 1939 hoe
261 1899 304 1940 a
333 1899 412 1941 se
442 1878 800 1941 inventum
830 1876 1078 1941 oblitus
1115 1877 1212 1939 ita
1252 1876 1322 1939 in
1365 1877 1626 1961 aliquot
1663 1877 1850 1941 libris
1880 1878 2172 1963 vulgatis
2211 1880 2345 1967 legi

105 1971 272 2038 falso
301 1974 585 2039 rettulit
615 1968 682 2038 et
708 1973 1075 2038 invidenda
1105 1973 1429 2037 felicitate
1457 1975 1706 2058 ingenii
1734 1975 1899 2038 fecit
1922 1978 2148 2060 aeqrit,
2175 2000 2341 2062 quo-

108 2072 304 2137 modo
336 2073 479 2137 hoc
514 2074 797 2137 verbum
823 2072 977 2135 libri
1010 2072 1333 2156 scriptum
1365 2070 1687 2136 exhibent
1715 2092 1919 2135 versu
1948 2073 2072 2136 824
2091 2123 2106 2137 .

274 2171 417 2235 108.
450 2193 593 2233 Fir
624 2192 759 2234 um
786 2216 801 2232 .
832 2168 1082 2257 Italifit
1109 2191 1243 2231 UTI
1267 2216 1280 2230 .

273 2268 411 2332 108.
457 2290 731 2344 NEQUE
764 2288 1208 2330 nAnMon
1242 2287 1547 2329 conrus
1579 2289 1971 2330 INTERIRE
2005 2290 2341 2336 sonum-2.

115 2365 236 2430 Hie
276 2366 761 2430 Wakefieldus
807 2363 1188 2428 laudandus
1233 2371 1339 2427 est
1368 2411 1384 2438 ‚
1432 2365 1546 2448 qui
1589 2364 1775 2427 solus
1817 2365 2066 2428 viderit
2094 2413 2109 2439 ‚
2156 2370 2344 2450 quod

116 2464 369 2547 priores
414 2464 716 2548 turpiter
758 2462 1092 2528 fefellerat
1121 2510 1137 2537 ‚
1182 2461 1541 2549 legendum
1586 2484 1734 2527 esse
1764 2462 2085 2526 harmonia
2124 2488 2342 2552 corpus

117 2584 535 2627 anrnlnn
565 2565 788 2627 solere.

232 2688 250 2708 ·
274 2662 413 2725 131.
494 2683 753 2724 REnnn
827 2666 1260 2722 HARMON'IA
1323 2658 1619 2722 NOMEN
1690 2679 1794 2719 An
1870 2679 2341 2727 oneANlcos

119 2778 310 2822 lin-ru
366 2783 410 2822 n
425 2784 464 2823 E
482 2783 523 2823 L
538 2781 629 2821 Ar
645 2782 747 2823 uu
803 2782 849 2821 ιι
868 2780 904 2820 Ε
919 2780 956 2819 L
975 2780 998 2819 1
1015 2781 1049 2821 c
1066 2780 1105 2820 o
1122 2782 1164 2820 N
1182 2780 1203 2821 1
1254 2804 1269 2820 .
1329 2755 1696 2819 Corrector
1740 2753 2058 2837 quadrati
2096 2757 2340 2826 harmo-

116 2855 240 2917 niai
273 2905 285 2918 .
330 2858 403 2921 in
436 2856 684 2922 eodem
713 2856 886 2920 libro
919 2856 1004 2918 ad
1030 2855 1350 2939 oryanicos
1374 2853 1534 2914 saltu
1563 2900 1580 2930 ,
1630 2858 1699 2915 et
1727 2851 1944 2934 prima
1972 2875 2173 2919 manu
2203 2866 2341 2923 sta-

118 2949 229 3012 tim
253 2951 518 3017 factum
544 2955 740 3017 salto:
769 2953 1046 3036 oblongi
1076 2956 1424 3013 corrector
1454 2950 1531 3012 ab
1560 2950 1850 3033 orqanico
1877 2952 2031 3015 salto
2056 3002 2068 3015 .
2096 2953 2181 3018 de
2211 2957 2340 3021 He-

120 3047 294 3112 liconi
317 3050 625 3116 ablativo
648 3049 990 3137 disputavi
1013 3047 1102 3111 ad
1123 3048 1366 3112 librum
1390 3070 1434 3122 1,
1452 3047 1574 3111 739
1591 3096 1604 3110 .
1628 3055 1771 3110 tum
1794 3056 1979 3112 recte
1996 3049 2342 3119 Bentleius

121 3164 262 3207 Am?
279 3169 353 3211 o:
378 3147 512 3212 sed
536 3146 715 3211 idem
733 3195 748 3221 ‚
774 3166 923 3210 cum
948 3145 1024 3208 ab
1051 3145 1120 3206 in
1153 3143 1500 3209 codicibus
1531 3166 1681 3209 esse
1713 3145 2030 3212 crederet
2047 3195 2062 3221 ‚
2085 3148 2343 3216 frustra

122 3244 386 3328 scripsit
416 3248 498 3311 ab
527 3246 831 3330 oryam’cis
860 3291 873 3305 .
920 3248 1129 3326 poeta
1159 3243 1329 3305 enim
1360 3241 1497 3306 hoc
1528 3241 1694 3306 dicit
1713 3290 1727 3315 ‚
1750 3244 2041 3308 musicos
2071 3246 2340 3314 harmo-

120 3337 260 3403 niae
285 3342 698 3407 voeabulum
726 3340 837 3403 vel
881 3361 921 3402 a
959 3339 1190 3424 primis
1231 3340 1395 3403 artis
1442 3361 1605 3403 suae
1631 3337 2102 3408 inventoribus
2129 3348 2341 3414 tradi-

124 3441 255 3499 tum
282 3439 634 3526 accepisse
664 3438 775 3515 {el
815 3438 1044 3522 potius
1085 3436 1365 3500 aliunde
1397 3458 1437 3500 a
1468 3438 1800 3501 communi
1830 3443 2341 3510 convenientiae

125 3531 604 3617 significatione
636 3534 1004 3599 deductum
1031 3535 1223 3618 ipsos
1254 3555 1463 3618 porro
1495 3535 1563 3597 in
1585 3557 1776 3598 suum
1799 3558 1995 3602 usum
2017 3541 2306 3607 traxisse
2326 3593 2340 3608 .

279 3632 417 3697 135.
466 3632 584 3713 Qu
602 3656 625 3695 1
642 3657 685 3696 n
703 3655 897 3708 Quin
945 3655 984 3694 Ε
1003 3655 1091 3696 sr
1128 3680 1140 3694 .
1191 3630 1555 3696 Corrector
1601 3633 1877 3720 oblongi
1928 3636 2236 3723 Quicquid
2274 3649 2342 3705 et

125 3721 230 3789 hic
258 3738 324 3793 et
351 3732 422 3796 in
451 3755 515 3806 v„
536 3732 654 3795 577
682 3778 697 3805 ,
738 3731 969 3814 itaque
999 3731 1214 3815 prima
1244 3726 1446 3794 manu
1473 3738 1761 3815 uterque
1790 3733 1861 3795 in
1888 3755 1952 3807 v,
1974 3733 2135 3796 1252
2157 3782 2173 3810 ‚
2204 3752 2344 3802 non

128 3832 339 3892 recte:
383 3828 512 3894 sed
553 3831 796 3893 ceteris
838 3828 1008 3893 locis
1034 3837 1224 3892 recte
1257 3829 1595 3893 adiectum
1625 3851 1705 3891 ιι)
1737 3876 1752 3903 ,
1786 3830 1973 3913 quod
2000 3831 2072 3893 in
2099 3831 2236 3898 hoe
2275 3844 2345 3900 et

128 3916 269 3984 Itali
297 3932 366 3988 et
393 3927 708 4011 impressi
740 3948 971 3990 omnes
1004 3927 1262 3992 habent
1282 3976 1295 3991 .

284 4023 419 4089 136.
452 4048 606 4090 con
624 4048 751 4089 wc
769 4047 859 4087 ΤΑ
883 4070 899 4087 .
936 4023 1049 4088 Sic
1078 4025 1296 4108 prima
1326 4046 1528 4088 manu
1558 4022 1926 4109 oblongus:
1968 4027 2343 4110 quadratus

135 4118 498 4186 commoda
528 4130 819 4206 utroque
847 4122 1103 4186 factum
1136 4144 1647 4186 CONIUNCTA.
1731 4176 1738 4183 .
2083 4182 2086 4185 .

288 4218 718 4297 145.1an:
775 4242 939 4284 sun
997 4242 1259 4284 sonum
1320 4243 1472 4283 PER
1530 4242 1613 4283 sn
1661 4241 1900 4283 SAP1‘r
1944 4242 2099 4284 s1131
2145 4243 2343 4284 oAu-

136 4322 273 4369 nur
305 4360 317 4374 .
362 4314 511 4379 Itali
544 4323 611 4380 et
642 4316 948 4400 impressi
979 4328 1034 4380 et
1059 4318 1174 4380 sibi
1207 4365 1219 4378 .
1265 4317 1491 4401 aptius
1524 4325 1627 4380 est
1659 4318 1848 4400 quod
1877 4317 2202 4381 Wakefiel
2214 4317 2343 4382 dus

136 4401 336 4471 voluit
361 4457 375 4485 ‚
407 4436 488 4475 ID
520 4415 636 4477 sibi
659 4416 918 4499 yaudet.
1838 4511 1911 4572 10
1930 4514 1950 4535 ο
