2840 5008
1182 368 1277 434 111

19 561 47 608 52
81 546 215 631 ipse
247 564 537 628 quoque
568 562 719 606 esse
746 542 815 604 in
844 562 924 604 eo
956 549 1097 604 tum
1126 548 1427 626 tempore
1446 590 1462 615 ‚
1486 542 1590 603 cui
1618 542 1787 605 male
1817 544 2032 627 possit

85 658 424 722 accidere:
448 655 524 720 id
555 657 872 742 quoniam
901 676 1082 718 mors
1113 655 1372 730 eximit,
1396 676 1678 740 esseque
1709 659 1954 743 probet

84 775 255 837 illum
284 773 401 836 cui
428 771 703 857 possint
728 768 1152 850 incommoda
1182 759 1548 841 conciliari,

19 907 50 948 36
87 889 247 951 scire
276 888 448 950 licet
476 886 676 951 nobis
705 886 797 948 nil
828 906 976 949 esse
1004 885 1072 947 in
1100 892 1314 948 morte
1343 884 1735 958 timendum,

70 1024 198 1065 ⁴nec
226 1002 557 1065 miserum
585 1000 730 1063 fieri
759 1001 872 1083 qui
901 1021 1039 1062 non
1070 1006 1172 1064 est
1199 1019 1401 1084 posse
1422 1048 1438 1075 ‚
1460 1020 1679 1083 neque
1707 1000 1912 1065 hilum

88 1115 348 1180 differre
380 1123 548 1179 ante
577 1115 714 1177 ullo
742 1113 946 1177 fuerit
972 1114 1101 1177 iam
1131 1122 1432 1199 tempore
1459 1121 1689 1192 natuS,

89 1230 439 1294 mortalem
474 1230 685 1293 vitam
712 1251 893 1293 mors
926 1251 1074 1292 cum
1101 1228 1470 1293 inmortalis
1501 1227 1776 1293 ademit.

19 1362 54 1407 yo
161 1344 475 1408 Proinde
506 1344 622 1409 ubi
652 1365 725 1406 se
754 1342 988 1411 videas
1016 1343 1348 1417 hominem
1374 1342 1784 1428 indignarier
1810 1345 2055 1429 ipsum,

92 1468 239 1543 post
265 1467 568 1524 mortem
597 1457 742 1521 fore
770 1467 846 1522 ut
875 1469 990 1522 aut
1017 1466 1328 1543 putescat
1357 1479 1641 1544 corpore
1671 1468 1871 1544 posto

96 1583 200 1638 aut
226 1573 520 1637 flammis
548 1572 841 1636 interfiat
866 1572 1141 1637 malisve
1170 1570 1463 1635 ferarum
1483 1621 1497 1646 ,

96 1690 253 1752 scire
280 1689 454 1752 licet
481 1710 619 1756 non
648 1689 976 1750 sincerum
1004 1708 1243 1751 sonere
1262 1735 1277 1761 ‚
1308 1695 1512 1771 atque
1540 1690 1818 1752 subesse

100 1824 362 1866 caecum
393 1802 688 1886 aliquem
717 1801 904 1865 cordi
934 1802 1269 1865 stimulum
1287 1849 1302 1876 ,
1326 1801 1626 1885 quamvis
1654 1812 1855 1888 neget
1882 1805 2026 1890 ipse

19 1930 60 1976 15
97 1915 365 1980 credere
399 1937 476 1979 se
509 1937 910 2001 quemquam
937 1916 1063 1980 sibi
1092 1938 1357 1980 sensum
1387 1916 1454 1979 in
1485 1924 1698 1981 morte
1726 1917 2051 1988 futurum:

100 2052 224 2093 non
242 2080 257 2105 ‚
278 2038 362 2094 ut
393 2031 637 2114 opinor
656 2079 671 2106 ,
694 2031 864 2093 enim
894 2029 1013 2094 dat
1041 2030 1229 2115 quod
1256 2031 1583 2117 promittit
1613 2040 1683 2096 et
1709 2031 1919 2107 unde,

102 2166 214 2208 nec
240 2145 572 2209 radicitus
604 2167 639 2207 e
667 2145 806 2209 vita
835 2166 907 2208 se
937 2145 1109 2209 tollit
1137 2154 1206 2209 et
1236 2145 1418 2220 eicit,

105 2260 215 2323 sed
242 2260 415 2323 facit
444 2280 590 2323 esse
621 2260 724 2322 sui
753 2258 1072 2343 quiddam
1100 2281 1303 2345 super
1331 2261 1581 2324 inscius
1610 2262 1781 2347 ipse.

104 2376 283 2438 vivus
315 2374 496 2438 enim
526 2374 651 2437 sibi
682 2395 830 2437 cum
858 2376 1178 2461 proponit
1209 2376 1492 2460 quisque
1519 2377 1848 2452 futurum,

20 2503 68 2549 80
105 2511 340 2577 corpus
371 2489 476 2554 uti
503 2489 814 2554 volucres
842 2489 1137 2555 lacerent
1163 2490 1232 2553 in
1258 2498 1477 2563 morte
1504 2491 1850 2580 feraeque,

106 2605 239 2688 ipse
268 2606 376 2668 sui
405 2604 708 2668 miseret:
731 2625 952 2689 neque
983 2605 1152 2668 enim
1182 2626 1255 2668 se
1286 2604 1527 2671 dividit
1553 2607 1714 2672 illim

110 2739 224 2782 nec
249 2727 562 2784 removet
591 2720 753 2783 satis
773 2768 787 2794 ‚
811 2741 851 2782 a
878 2721 1182 2805 proiecto
1215 2742 1503 2806 corpore
1521 2769 1536 2795 ,
1560 2729 1629 2786 et
1654 2723 1837 2787 illum

113 2855 178 2896 se
203 2834 396 2920 fingit
425 2855 761 2918 sensuque
790 2856 915 2898 suo
945 2836 1352 2899 contaminat
1381 2844 1638 2900 astans:

111 2945 257 3011 hinc
282 2947 674 3034 indignatur
703 2970 776 3012 se
802 2950 1151 3014 mortalem
1181 2972 1328 3015 esse
1361 2960 1683 3028 creatum,

19 3072 77 3117 385
115 3082 225 3124 nec
251 3062 445 3126 videt
471 3063 542 3126 in
570 3084 732 3126 vera
758 3063 1010 3127 nullum
1037 3063 1184 3128 fore
1212 3074 1430 3130 morte
1460 3068 1657 3130 alium
1686 3090 1758 3132 se
1775 3118 1790 3142 ‚

120 3177 218 3259 qui
246 3178 466 3263 possit
494 3179 687 3241 vivus
717 3179 841 3243 sibi
870 3200 943 3241 se
973 3179 1199 3265 lugere
1229 3195 1675 3267 peremptum,

120 3298 430 3378 stansque
458 3294 785 3367 iacentem
814 3315 888 3357 se
916 3295 1197 3358 lacerari
1225 3296 1413 3359 urive
1445 3295 1673 3359 dolere
1690 3347 1703 3360 .

122 3425 256 3470 nam
286 3408 343 3470 si
371 3409 440 3470 in
469 3414 688 3471 morte
712 3409 1020 3473 malumst
1046 3411 1232 3473 malis
1264 3432 1622 3496 morsuque
1651 3410 1943 3477 ferarum

124 3523 420 3597 tractari,
442 3544 584 3585 non
611 3523 875 3586 invenio
909 3525 1021 3609 qui
1051 3547 1189 3588 non
1217 3525 1304 3589 sit
1332 3527 1646 3591 acerbum

19 3642 85 3690 390
122 3632 367 3717 ignibus
396 3636 764 3720 inpositum
792 3637 1022 3702 calidis
1052 3647 1431 3704 torrescere
1460 3641 1736 3705 flammis
1754 3691 1768 3717 ‚

124 3751 316 3813 autin
346 3749 543 3813 melle
574 3750 774 3814 situm
803 3753 1113 3818 suffocari
1138 3762 1345 3839 atque
1374 3756 1591 3841 rigere

2188 372 2353 450 ,107

131 4064 215 4110 863
250 4080 371 4114 mox
409 4062 429 4132 ΙΙ
468 4063 725 4132 prohibe.
765 4065 784 4134 ΙΙ
823 4072 920 4118 868
958 4067 1170 4120 annullo
1208 4069 1363 4122 anulo
1404 4072 1424 4140 ΙΙ
1461 4077 1555 4123 871
1596 4079 1753 4140 putes
1792 4072 1812 4142 ΙΙ
1850 4079 1947 4125 873
1985 4091 2055 4126 no
2094 4075 2113 4144 ΙΙ
2152 4082 2248 4129 877
2289 4095 2370 4129 ra-

133 4138 324 4196 dicitius
365 4144 384 4213 1!
423 4150 523 4197 880
563 4145 798 4198 iacerent
833 4146 851 4215 Η
891 4154 987 4201 886
1026 4149 1122 4202 cui
1162 4151 1181 4219 ΙΙ
1219 4158 1314 4204 887
1355 4169 1413 4204 se
1450 4161 1716 4208 omissum.
1757 4154 1778 4224 ΙΙ
1815 4155 2027 4209 dolore.
2068 4156 2087 4224 ΙΙ
2126 4163 2224 4210 890
2260 4166 2371 4211 tor-

133 4239 416 4279 reresecel'e
