2840 5008
1186 357 1248 422 V
1723 393 1726 396 ·
2193 365 2274 432 16
2292 367 2320 431 l

78 530 382 616 religione
413 530 797 594 refrenatus
826 549 913 591 ne
941 528 1117 592 forte
1146 532 1354 594 rearis

31 663 43 707 ἰ
77 655 276 708 terras
307 657 379 710 et
408 647 623 709 solem
655 653 726 708 et
755 643 1009 706 caelum
1031 693 1045 716 ‚
1071 666 1250 708 mare
1281 644 1503 709 sidera
1533 646 1751 710 lunam
1770 699 1784 722 ‚

77 782 349 847 corpore
382 760 614 823 divino
648 758 893 821 debere
924 767 1195 823 aeterna
1225 781 1523 835 manere,

77 884 567 961 proptereaque
594 882 793 959 putes
822 873 955 936 ritu
984 895 1108 959 par
1140 896 1286 937 esse
1319 874 1676 960 Gigantum
1724 907 1737 915 ·

72 988 355 1075 pendere
388 1010 510 1052 eos
539 1008 791 1072 poenas
820 988 1063 1051 inmani
1092 1011 1216 1075 pro
1250 989 1501 1052 scelere
1532 992 1774 1066 omniS‚

74 1104 174 1187 qui
200 1105 472 1167 ratione
503 1124 625 1166 sua
655 1102 1034 1166 disturbent
1061 1103 1322 1166 moenia
1350 1103 1578 1166 mundi

31 1235 38 1278 t
69 1219 613 1302 praeclarumque
643 1217 852 1280 velint
882 1217 1048 1280 caeli
1074 1218 1492 1302 restinguere
1525 1219 1760 1292 solem,

71 1333 442 1396 inmortalia
468 1332 733 1397 mortali
762 1352 1068 1395 sermone
1095 1340 1443 1408 notantes3

75 1469 230 1531 quae
261 1448 511 1533 procul
537 1466 753 1531 usque
783 1445 955 1509 adeo
988 1445 1214 1510 divino
1246 1468 1286 1509 a
1313 1448 1578 1511 numine
1610 1447 1888 1525 distent,

72 1562 260 1646 inque
292 1561 499 1624 deum
527 1582 800 1634 numero
835 1581 1006 1644 quae
1036 1561 1170 1625 sint
1197 1560 1469 1646 indigna
1499 1563 1738 1639 videri,

69 1676 358 1739 notitiam
387 1678 616 1764 potius
646 1676 969 1761 praebere
1000 1684 1074 1739 ut
1103 1697 1305 1760 posse
1337 1685 1655 1762 putentur

31 1806 40 1850 ι
74 1789 221 1873 quid
252 1791 342 1854 sit
372 1791 562 1855 vitali
591 1798 774 1854 motu
804 1812 1138 1875 sensuque
1167 1800 1523 1855 remotum.

75 1906 309 1991 quippe
344 1906 585 1968 etenim
615 1926 754 1968 non
786 1915 919 1979 est,
944 1927 1092 1968 cum
1125 1906 1364 1990 quovis
1397 1928 1684 1990 corpore
1712 1915 1789 1971 ut
1818 1929 1966 1971 esse

75 2041 260 2104 posse
293 2019 493 2082 animi
522 2026 763 2082 natura
790 2028 1062 2103 putetur
1094 2020 1604 2104 consiliumque3

74 2134 229 2198 sicut
258 2134 327 2197 in
358 2133 634 2196 aethere
662 2155 801 2197 non
830 2136 1032 2199 arbor
1051 2181 1065 2208 ‚
1088 2156 1227 2196 non
1255 2155 1552 2219 aequore
1582 2134 1758 2198 salso

74 2249 275 2311 nubes
306 2269 455 2311 esse
489 2256 774 2332 queunt,
797 2269 1016 2333 neque
1045 2250 1264 2334 pisces
1293 2249 1522 2313 vivere
1549 2248 1619 2310 in
1649 2250 1825 2312 arvis
1844 2299 1858 2324 ‚

31 2374 43 2420 )
72 2383 180 2425 nec
209 2384 411 2426 cruor
436 2364 510 2425 in
539 2363 734 2448 lignis
763 2384 983 2448 neque
1013 2363 1194 2427 saxis
1224 2385 1425 2426 sucus
1454 2364 1697 2425 inesse.

77 2485 314 2542 certum
343 2500 422 2543 ac
455 2477 921 2565 dispositumst
947 2479 1062 2543 ubi
1094 2478 1395 2563 quicquit
1426 2484 1686 2540 crescat
1717 2484 1785 2539 et
1812 2477 1997 2541 insit.

76 2593 158 2654 sic
186 2593 379 2656 animi
409 2602 651 2658 natura
679 2594 912 2677 nequit
940 2594 1083 2656 sine
1114 2613 1397 2677 corpore
1430 2592 1586 2654 oriri

75 2707 204 2769 sola
233 2729 453 2792 neque
485 2728 525 2769 a
553 2709 776 2772 n'ervis
808 2715 877 2771 et
905 2708 1224 2792 sanguine
1254 2706 1541 2788 longiter
1573 2725 1719 2767 esse
1738 2753 1751 2766 .

78 2821 223 2903 quid
250 2823 305 2885 si
332 2830 574 2907 posset
604 2823 772 2885 enim
789 2824 822 2884 Ρ
842 2822 1048 2884 multo
1079 2821 1265 2906 prius
1294 2819 1444 2904 ipsa
1473 2818 1669 2880 animi
1697 2820 1800 2883 vis

35 2948 45 2992 i
75 2935 131 2997 in
158 2938 368 3023 capite
398 2950 517 2999 aut
546 2938 786 2999 umeris
817 2943 934 2999 aut
960 2935 1104 2997 imis
1136 2933 1427 2996 calcibus
1460 2954 1608 2995 esse
1641 2942 1720 2973 Ν·

77 3058 323 3133 posset,
358 3058 426 3115 et
454 3049 711 3112 innasci
740 3048 975 3133 quavis
1004 3047 1069 3109 in
1100 3053 1291 3134 parte
1321 3048 1573 3111 soleret

79 3164 325 3227 tandem
353 3166 422 3228 in
454 3162 688 3226 eodem
719 3162 985 3224 homine
1016 3171 1220 3246 atque
1249 3162 1318 3224 in
1349 3160 1585 3224 eodem
1617 3184 1776 3227 vase
1807 3185 2101 3229 manere.

80 3278 242 3361 quod
273 3279 586 3363 quoniam
618 3283 853 3339 nostro
886 3297 1155 3361 quoque
1186 3284 1454 3341 constat
1484 3298 1770 3364 corpore
1802 3288 2086 3361 certum,

82 3390 594 3477 dispositumque
624 3389 889 3453 videtur
918 3390 1028 3453 ubi
1061 3412 1208 3454 esse
1243 3400 1309 3455 et
1339 3413 1643 3455 crescere
1673 3394 1890 3476 possit

39 3516 48 3561 ι
78 3526 352 3570 seorsum
384 3505 602 3568 anima
630 3513 832 3589 atque
862 3505 1117 3569 animus
1137 3555 1151 3581 ‚
1181 3514 1364 3570 tanto
1395 3508 1605 3592 magis
1634 3507 2050 3572 infitiandum

76 3626 265 3684 totum
293 3642 499 3706 posse
531 3626 722 3683 extra
752 3642 998 3711 corpus
1027 3619 1440 3706 formamque
1469 3622 1813 3685 animalem

76 3737 355 3816 putribus
385 3736 456 3798 in
485 3734 697 3820 glebis
725 3742 1054 3798 terrarum
1085 3744 1201 3799 aut
1229 3737 1389 3799 solis
1417 3737 1486 3798 in
1515 3737 1649 3820 igni

77 3857 173 3912 aut
197 3851 262 3913 in
292 3872 472 3935 aqua
503 3848 747 3911 durare
779 3857 896 3912 aut
925 3849 1076 3913 altis
1107 3850 1395 3914 aetheris
1428 3851 1564 3913 oris
1585 3898 1598 3912 .

81 4164 157 4211 114
192 4161 497 4233 Relligione
552 4163 571 4229 ΙΙ
632 4167 729 4214 116
765 4180 969 4215 meare.
1026 4165 1046 4233 ΙΙ
1108 4170 1199 4215 117
1238 4182 1362 4233 pars
1420 4165 1439 4231 ΙΙ
1498 4171 1588 4217 121
1630 4166 1861 4217 sermoni
1919 4166 1938 4233 Η
1998 4172 2091 4216 122
2128 4165 2316 4216 nimin-

77 4240 277 4299 bistent.
315 4248 335 4315 ΙΙ
380 4252 473 4298 131
515 4254 724 4298 crescet
760 4254 814 4299 et
849 4248 1031 4299 inesit.
1069 4248 1088 4315 ΙΙ
1133 4253 1225 4298 133
1249 4244 1431 4316 neque‘
1449 4248 1588 4299 arvis
1627 4246 1646 4315 ΙΙ
1686 4246 1899 4317 longius
1935 4248 1955 4316 ΙΙ
1985 4254 2080 4300 134
2110 4245 2267 4309 Quod
2294 4247 2313 4312 ΙΙ

79 4331 158 4377 142
191 4329 385 4398 glebris
428 4329 448 4397 ΙΙ
484 4331 538 4381 in
574 4337 840 4383 omissum.

1836 4430 1904 4490 ll
