2840 5008
1176 380 1272 449 III

11 562 18 611 ι
47 570 161 613 nec
191 571 460 635 capere
495 551 765 614 irarum
791 548 1030 615 fluctus
1058 552 1124 614 in
1154 560 1432 636 pectore
1460 549 1780 640 possunt3

11 682 18 725 t
52 687 174 749 quo
206 686 485 750 genere
518 665 602 728 in
631 665 857 751 primis
887 667 989 729 vis
1022 673 1124 730 est
1151 669 1445 733 violenta
1471 671 1765 751 leonum,

52 788 334 864 pectora
368 780 506 863 qui
538 779 814 844 fremitu
842 788 1153 865 rumpunt
1179 783 1571 870 plerumque
1600 798 1968 872 gementes,

11 912 17 953 t
51 903 113 957 at
137 903 453 957 ventosa
487 895 711 985 tnagis
742 917 1088 959 cervorum
1115 895 1360 982 frigida
1387 920 1573 964 mens
1605 912 1709 967 est

11 1024 20 1070 ι
55 1016 114 1072 et
139 1007 423 1094 gelidas
461 1009 668 1073 citius
696 1031 817 1094 per
847 1010 1104 1074 viscera
1135 1013 1432 1077 concitat
1460 1036 1686 1093 auraS,

52 1144 214 1206 quae
244 1123 640 1187 tremulum
668 1123 918 1187 faciunt
946 1127 1252 1190 membris
1286 1129 1573 1194 existere
1601 1141 1877 1198 motum.

47 1246 109 1301 at
132 1244 394 1301 natura
426 1240 647 1302 boum
675 1238 941 1323 placido
970 1242 1177 1326 magis
1207 1248 1360 1307 aere
1391 1244 1581 1320 vivit,

52 1373 168 1414 nec
196 1353 415 1417 nimis
452 1353 585 1416 irai
614 1352 729 1415 fax
756 1375 1068 1438 umquam
1098 1356 1368 1422 subdita
1396 1360 1614 1444 percit
1635 1432 1649 1442 ,

50 1466 301 1531 fumida
320 1517 337 1544 ,
366 1467 782 1532 suffimdens
813 1490 1048 1533 caecae
1079 1472 1375 1558 caliginis
1403 1475 1668 1552 umbra,

11 1596 18 1639 s
50 1602 167 1645 nec
196 1581 468 1668 gelidis
501 1590 734 1667 torpet
761 1584 912 1647 telis
941 1585 1197 1670 perfixa
1226 1589 1531 1672 pavoriS‚

48 1696 537 1781 interutraque
572 1718 765 1761 secus
797 1691 1031 1764 cerifos
1062 1723 1442 1787 saevosque
1469 1703 1729 1771 leones.

54 1810 139 1873 sic
166 1811 543 1874 hominum
573 1831 785 1896 genus
818 1821 922 1878 est
939 1862 953 1876 .
979 1817 1279 1899 quamvis
1310 1816 1618 1893 doctrina
1645 1823 1892 1907 politos

54 1925 438 1989 constituat
468 1925 723 2011 pariter
754 1928 1079 2011 quosdam
1098 1979 1112 2006 ‚
1136 1937 1357 1994 tamen
1385 1932 1497 1995 illa
1524 1935 1838 2021 relinquit

50 2045 330 2104 naturae
367 2040 702 2124 cuiusque
732 2042 924 2121 animi
953 2044 1238 2129 vestigia
1266 2047 1506 2131 prima.

11 2166 20 2211 t
54 2173 170 2215 nec
200 2153 550 2218 radicitus
581 2154 769 2218 evelli
800 2157 971 2220 mala
998 2181 1205 2244 posse
1235 2160 1703 2246 putandumst,

58 2268 208 2350 quin
238 2269 625 2353 proclivius
654 2269 763 2332 hic
791 2270 923 2334 iras
954 2271 1266 2338 decurrat
1295 2274 1382 2338 ad
1412 2277 1609 2352 acriS,

55 2380 157 2445 ille
185 2391 384 2446 metu
416 2383 613 2447 citius
643 2385 842 2469 paulo
872 2392 1234 2472 temptetur
1251 2438 1266 2464 ,
1289 2398 1360 2454 at
1386 2391 1496 2455 ille

56 2498 297 2562 tertius
331 2496 628 2583 accipiat
657 2499 984 2584 quaedam
1015 2502 1401 2569 clementius
1434 2528 1681 2592 aequo.

56 2611 254 2696 inque
287 2613 441 2676 aliis
472 2616 676 2678 rebus
704 2615 925 2680 multis
957 2616 1222 2681 differre
1250 2630 1596 2686 necessest

11 2739 23 2784 5
57 2733 338 2790 naturas
369 2727 716 2792 hominum
745 2731 964 2794 varias
995 2725 1349 2818 moresque
1381 2738 1719 2821 sequacis3

62 2862 353 2923 quorum
384 2863 512 2927 ego
543 2865 722 2907 nunc
749 2866 1011 2930 nequeo
1045 2869 1278 2913 caecas
1311 2872 1649 2937 exponere
1679 2876 1914 2920 causas
1934 2908 1947 2930 ,

60 2975 179 3017 nec
209 2957 518 3042 reperire
546 2957 904 3042 figurarum
931 2968 1036 3026 tot
1063 2965 1331 3028 nomina
1361 2974 1529 3051 quot
1558 2978 1715 3033 sunt

66 3069 412 3154 principiis
433 3118 449 3144 ,
471 3070 653 3135 unde
681 3072 848 3136 haec
879 3077 1088 3140 oritur
1115 3079 1448 3143 variantia
1471 3103 1723 3146 rerum.

61 3180 221 3245 illud
250 3184 326 3245 in
353 3184 461 3246 his
492 3187 694 3250 rebus
723 3188 958 3253 videor
984 3191 1244 3256 firmare
1273 3204 1575 3279 potesse,

11 3307 27 3352 ³
61 3316 274 3380 usque
307 3298 480 3363 adeo
511 3307 897 3367 naturarum
926 3307 1206 3392 vestigia
1232 3308 1445 3393 linqui

64 3411 341 3494 parvola
358 3462 374 3488 ,
399 3435 572 3498 quae
601 3425 893 3501 nequeat
920 3421 1091 3484 ratio
1124 3421 1461 3506 depellere
1488 3428 1711 3501 nobiS,

63 3529 136 3584 ut
164 3525 259 3587 nil
289 3526 594 3611 inpediat
625 3529 889 3615 dignam
921 3532 1023 3598 dis
1054 3534 1298 3622 degere
1327 3539 1556 3603 vitam.

141 3638 334 3704 Haec
362 3641 567 3726 igitur
593 3651 837 3709 natura
864 3655 1130 3713 tenetur
1161 3674 1446 3738 corpore
1477 3656 1573 3718 ab·
1593 3659 1801 3730 omni,

61 3750 341 3838 ipsaque
374 3759 678 3841 corporis
712 3769 815 3824 est
844 3770 1070 3827 custos
1104 3772 1171 3828 et
1200 3787 1400 3831 causa
1430 3770 1691 3833 salutis:

11 3877 27 3921 5
63 3886 213 3929 nam
242 3873 699 3936 communibus
726 3874 900 3939 inter
931 3899 1002 3940 se
1031 3878 1364 3944 radicibus
1394 3882 1705 3958 haerent,

62 4001 182 4043 nec
213 3981 355 4046 sine
385 3987 674 4070 pernicie
707 3988 929 4054 divelli
957 4014 1165 4078 posse
1195 3994 1534 4064 videntur.
1757 3978 1768 3985 “

2256 391 2347 458 89

72 4263 167 4308 303
207 4262 374 4317 minus
410 4265 429 4333 ΙΙ
467 4272 563 4336 304
602 4267 859 4322 Fumidas
896 4255 1168 4326 effundens
1207 4274 1227 4342 ΙΙ
1265 4281 1360 4328 305
1401 4282 1643 4349 vaporis.
1696 4282 1716 4350 ΙΙ
1755 4288 1851 4335 306
1890 4283 2035 4338 Inter
2070 4291 2320 4355 utrasque

74 4341 201 4394 sitas
240 4343 266 4411 ΙΙ
301 4350 391 4399 309
428 4347 632 4403 Natura
667 4351 688 4419 ΙΙ
725 4358 825 4405 319
865 4353 1018 4407 video
1055 4355 1285 4411 formare
1318 4359 1339 4428 ΙΙ
1378 4366 1473 4414 321
1513 4363 1727 4432 niqueat
1762 4365 1783 4433 ΙΙ
1817 4367 2015 4419 noctis·
