2840 5008
1191 399 1259 464 v
2186 396 2324 492 283

55 581 226 643 mali
249 577 511 665 fuerat
545 577 711 642 nobis
736 623 749 638 .
797 581 868 637 at
898 574 1032 637 hoc
1064 572 1266 635 modo
1297 578 1524 635 manet
1552 570 1625 633 id
1648 619 1663 646 ‚
1708 592 1928 656 neque
1958 570 2297 635 refutatur
2315 624 2329 648 ‚

60 676 268 761 quod
304 675 435 739 his
471 675 734 740 duobus
780 672 1089 735 versibus
1130 671 1515 733 continetur
1538 718 1552 732 .
1595 670 1822 755 itaque
1865 669 1935 732 hi
1980 676 2139 732 ante
2174 670 2332 733 illos

57 772 406 859 ponendi
435 779 601 836 sunt
621 820 636 847 ‚
677 773 745 835 in
776 772 1020 857 quibus
1052 776 1157 833 est
1186 771 1286 833 eui
1310 771 1403 833 nil
1430 770 1653 833 accidit
1678 772 1849 855 aeyri
1869 818 1884 845 ‚
1917 792 2053 832 eum
2069 769 2334 853 pulchre

63 874 333 956 deyeret
365 893 584 934 aevom
604 918 617 933 .

252 968 415 1032 182.
452 990 670 1032 D1V1s
713 989 919 1031 unm:
965 989 1003 1028 E
1021 988 1108 1029 s'r
1131 1015 1145 1030 .
1180 966 1294 1029 Est
1321 964 1721 1029 deleverunt
1747 964 1896 1030 Itali
1913 1012 1929 1039 ‚
1960 986 2096 1028 non
2126 972 2329 1028 recte.

67 1088 326 1129 verum
362 1074 481 1129 est
524 1089 566 1128 n
584 1089 654 1129 1s
697 1066 856 1128 unde
885 1075 971 1128 est
987 1113 1004 1143 ,
1050 1063 1235 1149 quod
1264 1062 1775 1147 Havercampus
1803 1063 1974 1127 falso
2005 1062 2333 1128 adscribit

68 1163 499 1227 Vossianis.
1432 1185 1438 1192 ·

253 1262 411 1325 185.
442 1269 464 1325 1
479 1286 522 1325 N
538 1286 578 1325 'r
593 1285 631 1324 E
646 1285 689 1325 R
718 1284 750 1324 s
766 1285 804 1324 E
820 1309 834 1325 .
858 1261 1230 1324 Brixiensis
1254 1258 1464 1323 editio
1491 1267 1559 1323 et
1575 1258 1903 1322 Marullus
1925 1261 2082 1322 inter
2111 1280 2145 1321 s
2158 1282 2196 1321 E
2213 1282 2245 1323 s
2259 1283 2297 1322 E
2317 1310 2328 1323 .

177 1379 180 1380 ⁷
263 1359 416 1422 186.
445 1382 692 1422 nnm'r
734 1381 1079 1423 srnomM
1121 1380 1452 1421 NATURA
1499 1379 1861 1421 CREANDI
1882 1407 1895 1419 .
1919 1357 2132 1422 Recte
2152 1357 2329 1442 Bap-

77 1458 247 1521 tista
280 1458 464 1521 Pius
488 1452 811 1521 ‘Emenda
842 1481 874 1521 s
888 1482 925 1520 P
939 1480 977 1519 E
994 1479 1029 1520 c
1046 1480 1068 1520 1
1084 1480 1132 1519 M
1145 1479 1184 1519 E
1200 1479 1241 1519 N
1264 1503 1278 1519 .
1292 1454 1306 1480 '

265 1556 420 1619 187.
467 1547 929 1620 Munnixom
948 1578 980 1618 s
1025 1576 1362 1624 MULTIS.
1417 1552 1602 1615 Infra
1644 1575 1848 1616 versu
1890 1554 2014 1617 424
2058 1577 2214 1619 Mur„
2233 1577 2331 1617 TA

80 1656 286 1718 modis
302 1702 316 1716 .

260 1751 414 1814 191.
451 1772 636 1813 Poss
655 1773 735 1813 ΙΝ
754 1773 795 1813 Τ
818 1800 831 1813 .
863 1750 1343 1834 Βθῡῢίιιεῆἰηῇῐει
1372 1749 1495 1813 428
1525 1774 1562 1813 P
1584 1772 1891 1813 oSSENT
1916 1801 1929 1814 .

263 1849 416 1912 193.
453 1872 537 1911 ιΝ
577 1870 815 1913 TAms
856 1871 1172 1913 VENERE
1215 1869 1601 1912 MAEs’rUS.
1626 1849 1954 1939 Marullus
1984 1872 2332 1914 MEATUS.

266 1946 420 2010 195.
458 1945 688 2024 Quon
737 1969 881 2009 IAM
923 1969 1187 2010 RERUM
1231 1968 1603 2009 IGNOREM
1626 1994 1641 2008 .
1672 1945 2001 2009 Marullus
2045 1948 2225 2026 Quod
2265 1970 2332 2011 s1

87 2048 215 2109 iam
240 2096 253 2109 .
289 2047 361 2109 in
398 2069 478 2119 11,
502 2046 618 2109 177
650 2047 825 2110 Nam
853 2048 1159 2133 quamviS.
1868 2065 1872 2067 ’

258 2144 413 2208 201.
450 2144 597 2205 Im)
616 2167 654 2205 E
698 2163 1013 2207 AVIDAM
1057 2163 1400 2206 PARTEM.
1419 2142 1770 2227 Beniymcm
1794 2149 1861 2205 et
1883 2143 2124 2225 laryum
2148 2141 2332 2206 dixe-

2152 1713 2183 1728 V

94 2248 253 2304 runt
298 2248 582 2305 veteres
626 2241 1009 2325 copiosum,
1055 2239 1240 2326 quod
1276 2240 1565 2326 benigne
1610 2248 1679 2303 et
1719 2239 1907 2325 large
1933 2241 2334 2322 praebetur,

89 2338 251 2401 item
277 2340 633 2424 maliqnum
663 2347 732 2403 et
745 2362 1017 2424 parcum
1047 2339 1356 2424 exiguum
1374 2386 1389 2413 ,
1418 2338 1605 2423 quod
1630 2339 1998 2423 praebetur
2017 2359 2224 2421 parce
2254 2361 2334 2403 ac

99 2436 393 2522 maligne
417 2484 431 2497 .
465 2458 548 2499 ex
571 2457 705 2521 quo
736 2457 984 2523 genere
1013 2438 1266 2522 Zaryiter
1294 2436 1544 2524 auferre
1575 2457 1844 2522 quoque
1878 2444 1946 2499 et
1974 2437 2198 2501 distare
2227 2446 2334 2502 est

102 2533 287 2616 apud
314 2535 719 2599 Lucretium
747 2537 817 2598 in
844 2558 934 2610 vl,
952 2534 1073 2598 622
1109 2536 1267 2599 1113
1293 2559 1306 2597 :
1349 2536 1512 2598 item
1555 2536 1808 2620 laryiter
1836 2534 2086 2623 auferre
2111 2535 2332 2600 Hora-

100 2632 233 2694 tius
280 2655 675 2697 sermonum
704 2658 745 2709 1,
764 2634 960 2710 4,132
982 2682 998 2709 ,
1043 2636 1295 2720 laryiter
1324 2635 1672 2718 discrepare
1694 2633 2046 2697 Vitruvius
2075 2656 2163 2709 vl,
2187 2636 2239 2710 l,
2258 2636 2299 2700 8
2317 2685 2332 2712 ‚

102 2730 334 2814 lav-ydus
380 2755 428 2795 α
456 2733 673 2816 prisea
718 2732 1139 2795 consuetudine
1179 2755 1415 2795 movere
1443 2731 1660 2794 Varro
1708 2731 1795 2794 de
1814 2731 2064 2818 ‚lingua
2091 2732 2336 2797 Latina

102 2848 147 2887 x
175 2849 239 2910 p.
259 2827 387 2893 583
419 2876 432 2890 .
479 2830 722 2892 avidum
749 2836 913 2893 vero
947 2835 1016 2891 et
1035 2852 1299 2892 avarum
1330 2836 1397 2892 et
1426 2830 1694 2893 invidum
1731 2830 1843 2915 qui
1887 2830 2190 2895 similiter
2233 2832 2331 2895 di-

103 2925 277 2988 xerit
306 2926 645 2990 neminem
673 2926 940 3010 reperio
966 2950 979 2988 :
1010 2947 1228 3011 neque
1260 2947 1341 2989 ea
1360 2947 1661 3010 parvane
1692 2948 1779 2989 an
1799 2948 2042 3014 magna
2071 2929 2206 2992 sint
2231 2929 2332 2992 in·-

110 3020 335 3108 tellegi
379 3031 617 3108 potest
642 3072 660 3099 ‚
707 3024 865 3108 quia
904 3024 1240 3087 hominem
1283 3025 1528 3088 avidum
1572 3048 1829 3088 avarum
1867 3027 2138 3089 invidum
2183 3048 2330 3089 cum

111 3121 529 3204 appellamus
547 3171 562 3198 ‚
588 3144 736 3187 eum
758 3144 895 3186 non
918 3121 1188 3186 dantem
1219 3121 1718 3186 auferentemve
1748 3122 1893 3186 aliis
1924 3123 2296 3208 cogitamus
2316 3171 2331 3197 ‚

109 3214 241 3281 hoc
272 3227 381 3284 est
411 3242 550 3283 non
579 3228 888 3306 agentem
912 3267 927 3295 ‚
973 3219 1096 3282 sed
1123 3219 1196 3283 id
1228 3219 1628 3283 sentientem
1654 3228 1732 3284 ut
1761 3221 1889 3284 sibi
1919 3220 2106 3306 quod
2134 3231 2334 3286 aveat

112 3312 253 3379 aliis
281 3318 588 3381 invideat
609 3367 622 3380 .
657 3340 857 3404 quam
888 3321 975 3383 ob
1004 3339 1147 3382 rem
1172 3317 1346 3380 haec
1375 3318 1710 3381 vocabula
1737 3338 2002 3403 semper
2031 3317 2119 3382 ad
2149 3341 2330 3384 men-

116 3419 247 3475 tem
280 3417 656 3499 pertinent,
687 3439 825 3480 non
855 3416 945 3480 ad
974 3439 1115 3480 rem
1148 3437 1322 3501 quae
1352 3417 1576 3501 agitur
1606 3424 1676 3481 et
1706 3416 2028 3482 efficitur.
2075 3416 2331 3482 Statius

117 3509 434 3577 silvarum
463 3538 532 3589 11,
552 3514 610 3588 2,
635 3515 747 3578 151
783 3518 1064 3602 avidique
1093 3517 1364 3580 animum
1393 3517 1714 3602 dispendia
1742 3528 2018 3602 torquent
2044 3516 2331 3595 FenoriS,

118 3626 359 3674 avarae
387 3611 826 3676 fenerationis
851 3662 864 3674 .
894 3614 1207 3677 Lucanus
1236 3614 1304 3676 in
1336 3637 1406 3688 11,
1427 3614 1501 3676 71
1538 3613 1624 3677 de
1653 3613 1873 3676 Mario
1903 3613 2140 3697 Stayna
2168 3615 2335 3701 qvidi

120 3713 312 3770 texere
352 3711 469 3772 soli
510 3711 806 3796 laxaeque
841 3713 1099 3796 paludes
1141 3713 1498 3796 Depositum
1519 3760 1536 3790 ,
1586 3711 1857 3775 Fortuna
1878 3758 1894 3785 ‚
1950 3722 2118 3773 tuum
2148 3759 2161 3774 .
2217 3712 2332 3775 ubi

119 3812 298 3867 recte
322 3805 665 3872 Bentleius
691 3804 870 3873 ‘mihi
893 3831 1056 3873 vero
1087 3810 1311 3896 placet
1340 3811 1537 3888 avidi,
1567 3808 1676 3872 vel
1704 3802 2168 3872 translationis
2197 3809 2331 3873 vir-

119 3905 260 3962 tute
289 3949 305 3976 ‚
353 3905 543 3988 quasi
588 3906 805 3969 solum
848 3908 938 3969 sit
981 3907 1336 3970 hauriendi
1382 3914 1451 3970 et
1496 3905 1907 3970 absorbendi
1952 3905 2268 3989 cupidum
2288 3956 2299 3969 .
2318 3907 2331 3930 ’

122 3991 469 4064 Lucretius
490 4002 561 4064 in
581 4024 669 4075 v1‚
699 4002 857 4066 1236
888 4006 1053 4068 avidi
1081 4005 1361 4088 eontayia
1386 4005 1614 4078 morbi,
1637 4004 1704 4067 in
1729 4004 1948 4079 1,1031
1982 4006 2176 4089 laryz's
2206 4008 2332 4069 avi-

127 4091 261 4155 dum
288 4119 461 4163 mare
471 4099 754 4188 fluminis
782 4102 961 4164 undis
993 4099 1297 4185 Inteyrent
1323 4125 1529 4165 amnes
1552 4149 1565 4163 .
1613 4102 2022 4165 Claudianus
2051 4102 2119 4164 in
2149 4103 2332 4166 Rufi-

127 4206 275 4252 num
319 4218 360 4267 1,
386 4196 500 4259 164
537 4195 850 4262 *Illecebris
894 4203 1132 4284 capitur
1173 4191 1547 4285 nimiumque
1589 4202 1779 4263 elatus
1821 4224 2009 4263 avaro
2052 4199 2334 4262 Pascitur

128 4285 333 4353 {ommim
351 4340 365 4353 .
395 4293 569 4379 idem
602 4295 686 4359 de
715 4306 913 4380 raptu
938 4297 1388 4380 Proserpinae
1418 4320 1488 4371 11,
1504 4297 1627 4360 336
1656 4299 1807 4360 Non
1836 4320 2003 4382 aqua
2034 4296 2333 4358 Tantaleis

129 4383 469 4453 subducitur
497 4392 700 4456 invida
731 4395 952 4458 labris.
1000 4393 1365 4459 secundum
1412 4393 1581 4456 haec
1626 4392 1932 4475 exempla
1978 4393 2157 4456 avida
2177 4416 2334 4477 pars
