2840 5008
515 383 655 451 214
1387 422 1393 427 ·
1578 380 1675 446 IV

514 557 601 620 ad
634 555 936 620 Terentii
962 554 1366 619 Eunuchum
1397 578 1496 629 111,
1526 554 1585 625 3,
1616 556 1655 617 9
1704 554 1787 618 de
1821 554 1979 617 dolo
2011 555 2197 617 bono
2225 602 2240 627 ‚
2286 577 2407 640 quo
2436 577 2474 615 a
2498 555 2689 617 ineden·

514 655 666 718 tibus
677 653 834 740 falti
862 676 1075 738 aeyros
1090 701 1108 731 ‚
1138 676 1259 717 uon
1286 664 1490 716 tamen
1517 654 1750 736 decipi,
1794 653 2108 716 Lucretius
2131 662 2326 735 polita
2354 663 2610 715 testatur.

689 751 778 813 17.
809 774 849 813 r
867 773 910 812 A
927 774 962 813 L
979 774 1002 813 1
1031 772 1237 817 AfrAc
1258 772 1352 813 ro
1379 799 1392 812 .
1436 750 1573 813 Tali
1601 774 1639 814 r
1658 772 1701 812 A
1719 772 1753 813 c
1773 773 1813 813 r
1829 772 1869 814 o
1901 748 2268 834 legendum
2303 770 2453 812 esse
2480 746 2692 811 ostendi

518 849 605 912 ad
635 850 878 913 librum
910 872 952 924 1,
975 849 1097 914 942
1117 899 1130 913 .

678 947 778 1011 21.
813 947 1183 1011 CAmums
1229 970 1470 1009 ptum
1518 968 2042 1010 oRAr10NEM.
2084 946 2161 1008 ln
2195 946 2424 1028 primo
2454 943 2695 1006 Pinnio
2749 970 2758 985 ·

518 1047 846 1109 rationem.

684 1142 779 1206 32.
805 1143 866 1206 D
882 1166 918 1204 Ε
935 1165 1027 1206 RE
1043 1165 1238 1205 PTAE
1260 1190 1274 1205 .
1308 1141 1661 1227 Oblongus
1682 1131 1977 1226 Direp'tae
1998 1189 2011 1202 .
2041 1162 2202 1203 mox
2227 1140 2349 1203 illa
2367 1188 2384 1218 ,
2418 1161 2546 1202 cum
2566 1160 2699 1222 saepe

500 1243 748 1329 fiquras
781 1278 850 1287 —-
888 1242 1020 1304 luce
1048 1251 1359 1304 carentum
1386 1288 1403 1317 ‚
1449 1238 1713 1303 confert
1742 1260 1892 1301 cum
1919 1236 2331 1324 Vergilianis
2363 1237 2699 1302 Macrobius

516 1338 689 1403 libro
720 1361 809 1412 vi,
841 1339 865 1401 1
893 1387 906 1399 .

678 1438 775 1501 36.
824 1437 1055 1516 QUAE
1102 1460 1250 1500 Nos
1292 1457 1735 1499 immusici:
1769 1457 2295 1499 nsnounnrrs
2327 1454 2579 1497 SAEPE
2606 1452 2702 1492 so·

520 1558 722 1600 Pom:
753 1534 1233 1598 Excn-:nunr
1267 1582 1279 1596 .
1327 1533 1637 1622 Hori-{fico
1668 1534 1982 1617 antiquus
2012 1539 2376 1596 corrector
2408 1527 2700 1616 quadrati.

522 1633 865 1696 Excieruut
888 1631 1088 1695 video
1122 1631 1395 1695 defendi
1420 1652 1621 1715 posse
1646 1678 1661 1706 ‚
1706 1616 1825 1695 sed
1855 1630 2028 1694 malo
2062 1631 2382 1709 Excitavit,
2427 1625 2601 1713 quod
2631 1632 2704 1687 est

520 1728 883 1812 simplicius
907 1778 920 1792 .
967 1739 1264 1794 ceterum
1309 1731 1403 1792 cio
1447 1728 1636 1798 verbi
1665 1727 1915 1791 formas
1960 1750 2166 1814 puras
2209 1749 2356 1791 non
2398 1725 2523 1789 nisi
2549 1723 2702 1787 raris·

519 1829 681 1891 sime
710 1828 779 1890 in
808 1850 1012 1892 versu
1040 1830 1298 1912 positas
1325 1828 1548 1891 inveni
1567 1875 1583 1902 ‚
1616 1848 1863 1910 easque
1890 1828 2271 1911 quantitate
2296 1825 2595 1912 syllabae
2613 1817 2702 1882 dif-

520 1925 814 1990 ferente.
845 1927 913 1989 in
939 1925 1337 1991 Curculione
1360 1925 1586 1989 Plauti
1617 1949 1685 1999 11,
1708 1926 1766 1999 3,
1797 1925 1871 1988 16
1902 1948 2045 2010 erqo
2074 1949 2170 1989 eos
2195 1927 2252 1987 si
2274 1923 2604 2012 offendem,
2628 1912 2703 1981 'Ex

520 2048 641 2088 ωηο
670 2047 906 2110 quoque
935 2029 1141 2089 ebrum
1170 2026 1405 2089 exciam
1440 2025 1730 2108 crepitum
1758 2046 1864 2107 eqo
1876 2024 2298 2107 polenta'rium
2318 2071 2332 2084 .
2363 2022 2438 2084 in
2461 2015 2702 2083 eiusdem

520 2123 829 2186 Asinaria
860 2146 946 2198 ιν,
978 2123 1036 2202 2,
1068 2123 1139 2186 15
1193 2125 1284 2187 Tu
1313 2126 1455 2207 eryo'
1467 2123 1588 2208 fac
1614 2133 1681 2185 ut
1707 2123 1799 2185 illi
1826 2122 2033 2184 turbas
2063 2122 2191 2184 lites
2220 2122 2508 2185 co'ucias.
2549 2117 2607 2178 in
2628 2111 2700 2175 fu-

521 2235 675 2285 turo
720 2229 1026 2306 tempore
1068 2224 1137 2285 in
1180 2220 1510 2305 Amphitr.
1557 2245 1600 2295 1,
1643 2221 1701 2295 2,
1737 2221 1812 2284 14
1856 2221 2031 2285 Nam
2072 2218 2451 2303 Amphitruo
2492 2223 2702 2278 acutum

524 2322 706 2384 uxori
733 2321 939 2384 turbas
969 2323 1223 2395 conciet,
1257 2319 1516 2383 Seneca
1537 2320 1608 2381 in
1627 2315 1936 2404 Thyeste
1958 2317 2078 2381 982
2110 2315 2240 2381 Sed
2266 2318 2600 2380 accientur.
2615 2330 2700 2394 po·

523 2419 724 2480 cubum
751 2417 953 2503 infuso
970 2429 1110 2502 pete
1129 2465 1142 2480 .
1176 2437 1465 2501 quonam
1499 2425 1782 2479 accentu
1810 2416 2065 2503 suffiunt
2094 2414 2462 2477 dicendum
2491 2411 2572 2474 sit
2585 2427 2699 2469 nes-

524 2518 626 2579 cio
652 2566 666 2592 ‚
711 2517 838 2580 nisi
882 2516 1067 2601 quod
1096 2516 1483 2579 Priscianus
1525 2515 1728 2603 suffiri
1756 2514 2061 2577 infinitivi
2091 2513 2382 2597 simplex
2405 2512 2553 2601 fleri
2590 2524 2698 2569 esse

527 2615 761 2679 scribit
789 2637 851 2699 p.
876 2614 998 2679 905
1020 2663 1034 2677 .

690 2714 793 2775 40.
819 2712 988 2776 CUM
1021 2699 1326 2776 cossus
1359 2732 1603 2773 sumt.
1635 2731 1906 2784 Arous
1938 2701 2037 2772 Ais
2058 2733 2176 2772 1M1
2208 2729 2537 2773 NATURA
2558 2724 2697 2767 rna-

526 2833 795 2872 EMPTA
868 2810 957 2870 IN
1045 2831 1191 2872 ΒΗΑ
1277 2829 1732 2871 ΒιεοεεευΜ
1801 2802 2215 2870 nEnmuN'r
2290 2820 2696 2872 PRIMORDIA

528 2931 567 2984 Q
584 2929 733 2970 UAE
753 2930 793 2982 Q
810 2929 900 2969 UE
926 2954 940 2969 .
986 2906 1378 2985 Quadratus
1409 2908 1620 2970 anima
1651 2915 1719 2968 et
1748 2927 1788 2969 a
1819 2916 2206 2970 correctore
2228 2910 2532 2971 animam.
2558 2899 2695 2985 prio·

527 3013 666 3070 re'm
697 3026 964 3068 versum
997 3003 1224 3068 adfert
1251 3005 1496 3069 Festus
1527 3027 1588 3088 p.
1620 3004 1761 3080 217,
1790 3004 1829 3068 9
1852 3052 1868 3078 ,
1915 3006 2023 3067 cui
2060 3004 2300 3068 vellem
2333 2999 2698 3069 adiunxisset

527 3106 848 3169 alterum.
891 3104 958 3168 in
997 3124 1130 3187 quo
1159 3101 1599 3166 Eichstadius
1645 3110 1713 3165 et
1741 3101 2069 3188 Forbiger
2114 3123 2198 3176 ex
2237 3103 2475 3188 inepta
2504 3089 2695 3162 Gifanii

528 3204 997 3267 emendatione
1027 3203 1348 3266 discessum
1377 3202 1698 3265 dederunt.
1732 3202 1855 3265 sed
1875 3224 2152 3287 quaeque
2173 3202 2264 3266 ibi
2289 3201 2393 3265 ita
2419 3202 2694 3277 interpre-

523 3308 755 3364 tantur
788 3302 980 3384 quasi
1006 3312 1265 3386 utraque
1293 3308 1536 3364 natura
1574 3299 1911 3364 indicetur
1931 3345 1948 3372 ‚
1993 3308 2061 3362 et
2103 3300 2428 3362 discessum
2468 3298 2556 3360 ita
2590 3286 2697 3355 dari

524 3401 764 3464 volunt
800 3408 877 3463 ut
916 3403 1132 3463 ruinas
1155 3449 1171 3478 ,
1215 3403 1470 3465 iusidias
1490 3450 1507 3480 ,
1550 3402 1836 3485 impetum
1856 3448 1873 3478 ,
1917 3400 2207 3463 obiectum
2237 3397 2525 3481 parmai.
2568 3407 2693 3475 quo·

524 3522 672 3563 rum
704 3520 854 3562 cum
884 3505 1196 3561 neutrum
1226 3509 1412 3563 recte
1444 3499 1697 3563 habere
1741 3497 2052 3561 videatur
2076 3547 2091 3571 ‚
2137 3496 2425 3560 alterum
2452 3494 2691 3557 fortasse

523 3599 619 3662 ita
650 3605 767 3661 aut
798 3596 1072 3662 defendi
1102 3606 1335 3681 potest
1362 3606 1441 3661 ut
1469 3599 1537 3661 in
1559 3597 1730 3661 libro
1763 3618 1860 3671 111,
1891 3596 2012 3661 333
2050 3595 2349 3660 similiter
2384 3612 2527 3659 esse
2552 3588 2690 3652 dica-

524 3718 668 3759 mus
698 3720 970 3783 quaeque
996 3718 1123 3780 pro
1155 3708 1296 3761 utra
1319 3745 1335 3771 ,
1379 3704 1496 3760 aut
1542 3695 1776 3759 evitari
1817 3702 1896 3757 ut
1940 3716 2187 3779 corpus
2233 3700 2302 3759 et
2344 3695 2609 3758 animum
2641 3681 2688 3743 5¹¹

523 3818 637 3857 sua
666 3817 939 3880 quaeque
984 3795 1352 3879 primordia
1395 3792 1747 3857 discedere
1790 3792 2292 3878 intellegamusg
2338 3792 2425 3855 de
2467 3806 2584 3875 quo
2617 3777 2689 3841 di·

527 3891 721 3953 cendi
763 3913 1008 3977 genere
1036 3892 1393 3957 Madvicus
1441 3890 1812 3975 disputavit
1856 3890 1946 3953 ad
1990 3889 2334 3953 Ciceronis
2379 3889 2463 3952 de
2499 3880 2689 3948 finibus

528 3989 767 4053 librum
798 4014 860 4064 v,
883 3991 964 4053 46
988 4040 1002 4066 ,
1046 4013 1264 4076 neque
1296 4013 1376 4055 eo
1405 3990 1792 4054 Lucretium
1819 4011 1973 4054 non.
1987 4010 2182 4053 usum
2212 4009 2363 4052 esse
2393 3970 2690 4051 observavi

526 4086 614 4149 ad
645 4086 983 4163 librumn,
1015 4090 1131 4153 371
1161 4113 1174 4150 :
1220 4088 1344 4152 sed
1388 4089 1680 4151 discessus
1723 4109 1860 4150 non
1892 4087 2086 4150 aliter
2114 4088 2259 4149 dari
2285 4090 2512 4170 potest
2537 4089 2687 4162 quam

525 4184 1109 4272 quomodofuyam
1138 4188 1278 4250 dari
1307 4184 1650 4272 Vergilius
1682 4185 1890 4261 dixit,
1920 4185 1994 4249 id
2025 4193 2130 4249 est
2160 4182 2475 4258 concedi,
2499 4170 2687 4243 Aenei-

526 4282 651 4345 dos
682 4305 797 4357 vn,
821 4284 901 4346 24
925 4290 939 4357 ‚'
986 4286 1309 4368 Neptunus
1351 4285 1534 4347 ventis
1571 4285 1819 4368 inplevit
1842 4285 1976 4347 vela
2002 4282 2279 4346 secundis
2307 4283 2502 4367 Atque
2511 4275 2688 4364 fuqaffl

523 4380 687 4441 dedit
704 4391 762 4444 et.
762 4392 1014 4463 praeter
1034 4381 1195 4443 vada
1200 4378 1455 4464 fervida
1476 4382 1661 4458 vex-it,
1682 4380 1862 4462 (vide
1878 4380 2317 4444 Munckerum
2343 4379 2428 4441 ad
2452 4367 2686 4439 fabulam

2771 3992 2787 4568 ς

2772 4581 2787 4829 1
