2840 5008
471 367 605 436 184
1563 372 1628 438 V

462 542 722 608 destitit
739 592 754 618 ‚
779 552 855 608 ut
882 545 1113 639 mplier
1142 548 1361 632 spatio
1394 546 1660 612 defessa
1689 557 1956 614 vetusto
1975 598 1988 612 .

463 667 675 723 mutat
704 659 873 723 enim
903 659 1130 724 mundi
1161 670 1466 727 naturam
1500 665 1706 727 totius
1739 671 1957 738 aeta-s,

462 796 547 838 ex
577 774 841 859 alioque
872 775 1039 840 alius
1070 784 1287 842 status
1320 779 1629 865 excipere
1661 780 1881 843 omnia
1911 779 2143 855 debet,

316 906 413 953 830
457 911 581 953 nec
611 897 832 954 manet
859 890 993 953 ulla
1021 892 1121 954 sui
1152 891 1376 956 similis
1409 915 1551 957 res:
1577 894 1796 958 omnia
1823 896 2142 981 migrant,

462 1007 682 1070 omnia
712 1014 1076 1070 commutat
1103 1015 1347 1071 natura
1377 1015 1447 1071 et
1474 1017 1740 1073 vertere
1772 1010 1979 1095 cogit.

459 1143 746 1206 namque
776 1121 937 1185 aliut
965 1124 1293 1207 putrescit
1322 1132 1389 1186 et
1417 1145 1587 1188 aevo
1621 1123 1836 1189 debile
1865 1125 2164 1211 languet,

457 1259 666 1323 porro
698 1237 861 1301 aliut
890 1238 1200 1302 clarescit
1230 1247 1296 1302 et
1327 1261 1362 1301 e
1394 1241 1889 1324 contemptibus
1922 1241 2086 1304 exit.

459 1353 554 1416 sic
582 1353 784 1439 igitur
811 1352 1041 1416 mundi
1072 1363 1375 1417 naturam
1406 1356 1613 1419 totius
1647 1362 1834 1419 aetas
2151 1333 2156 1338 .

314 1484 410 1529 835
456 1476 705 1542 mutat,
730 1475 797 1530 et
828 1490 910 1530 ex
940 1469 1068 1531 alio
1101 1477 1345 1533 terram
1378 1477 1593 1534 status
1627 1470 1873 1555 excipit
1904 1469 2101 1544 alter,

462 1582 647 1668 quod
679 1592 837 1668 pote
866 1585 962 1647 uti
994 1596 1284 1669 nequeat
1304 1635 1318 1660 ‚
1342 1586 1562 1670 possit
1592 1584 1776 1670 quod
1804 1607 1941 1649 non
1970 1585 2124 1649 tulit
2152 1595 2337 1651 ante.

542 1696 889 1783 Multaque
917 1707 1058 1763 tum
1087 1700 1284 1763 tellus
1317 1701 1511 1763 etiam
1545 1708 1857 1784 portenta
1888 1720 2117 1763 creare

461 1821 767 1876 conatast
797 1814 961 1878 mira
990 1815 1157 1878 facie
1188 1817 1631 1899 membrisque
1663 1824 1934 1889 coorta,

459 1926 924 2016 androgynum
944 1980 958 2006 ‚
978 1931 1443 2015 interutraque
1472 1953 1596 1994 nec
1627 1940 1849 1995 utrum
1869 1980 1884 2006 ‚
1907 1931 2241 2015 utrimque
2271 1942 2646 2010 remotum,

319 2061 419 2107 840
466 2046 632 2108 orba
660 2043 903 2131 pedum
935 2046 1173 2132 partim
1195 2095 1209 2119 ‚
1233 2068 1542 2109 manuum
1572 2046 1848 2110 viduata
1876 2046 2194 2122 vicissim,

459 2168 643 2224 muta
670 2160 811 2223 sine
843 2183 959 2224 ore
992 2162 1187 2225 etiam
1206 2209 1220 2235 ‚
1250 2162 1391 2225 sine
1422 2162 1611 2225 voltu
1641 2181 1842 2234 caeca
1869 2169 2168 2246 reperta,

457 2276 815 2360 vinctaque
844 2277 1289 2340 membrorum
1319 2297 1441 2361 per
1472 2284 1688 2339 totum
1719 2276 2294 2362 corpusadhaesu
2313 2326 2327 2353 ‚

458 2413 583 2454 nec
610 2391 834 2454 facere
863 2399 940 2453 ut
970 2399 1248 2476 possent
1279 2392 1635 2484 quicquam
1665 2413 1790 2454 nec
1821 2390 2062 2455 cedere
2094 2414 2435 2477 quoquam

456 2530 580 2572 nec
609 2509 823 2572 vitare
850 2507 1093 2571 malum
1122 2529 1247 2570 nec
1279 2529 1540 2571 sumere
1572 2506 1757 2592 quod
1786 2507 1964 2572 foret
1991 2530 2185 2572 usus.

316 2639 413 2685 845
457 2632 679 2688 cetera
710 2622 795 2686 de
825 2644 1070 2708 genere
1098 2622 1231 2686 hoc
1260 2630 1562 2686 monstra
1590 2645 1669 2686 ac
1699 2624 2346 2707 portenta-creabat,

460 2760 545 2801 ne
579 2738 891 2823 quiquam
913 2788 927 2814 ‚
955 2739 1266 2823 quoniam
1293 2746 1537 2802 natura
1566 2739 1928 2802 absterruit
1957 2747 2223 2803 auctum
2240 2788 2254 2813 ‚

459 2875 585 2917 nec
615 2862 897 2938 potuere
929 2854 1222 2940 cupitum
1255 2855 1494 2917 aetatis
1526 2863 1801 2938 tangere
1829 2851 2059 2917 florem

459 2989 584 3031 nec
613 2969 909 3054 reperire
941 2970 1158 3032 cibum
1188 2990 1312 3031 nec
1339 2968 1522 3053 iungi
1554 2989 1673 3053 per
1705 2967 1990 3033 Veneris
2019 2991 2157 3033 res,

460 3082 666 3146 multa
693 3083 994 3147 videmus
1028 3084 1193 3146 enim
1227 3084 1428 3146 rebus
1462 3105 1858 3146 concurrere
1891 3083 2166 3159 debere,

315 3215 414 3260 850
458 3206 534 3261 ut
562 3199 1001 3285 propagando
1031 3199 1297 3284 possint
1325 3198 1702 3284 procudere
1733 3199 1984 3274 saecla3

458 3313 707 3399 pabula
735 3314 1016 3399 primum
1046 3324 1121 3377 ut
1150 3314 1315 3389 sint,
1338 3314 1650 3399 genitalia
1681 3313 1926 3377 deinde
1956 3336 2077 3399 per
2108 3322 2293 3380 artus

459 3429 710 3492 semina
739 3451 873 3514 qua
902 3429 1165 3514 possint
1194 3431 1505 3493 membris
1534 3450 1803 3492 manare
1832 3424 2137 3504 remissa,

456 3543 833 3630 feminaque
864 3551 940 3608 ut
966 3544 1259 3608 maribus
1291 3544 1602 3629 coniungi
1632 3544 1848 3629 possit
1877 3566 2077 3608 avere
2102 3595 2116 3618 ‚

455 3669 817 3745 mutuaque
845 3660 1181 3723 insinuent
1208 3660 1384 3724 inter
1412 3681 1486 3722 se
1515 3658 1760 3745 gaudia
1787 3667 2072 3745 uterque
2090 3710 2103 3723 .

313 3790 410 3835 855
538 3775 885 3860 Multaque
913 3783 1054 3838 tum
1082 3775 1412 3840 interiisse
1445 3775 1848 3839 animantum
1878 3775 2100 3838 saecla
2128 3783 2479 3840 necessest

455 3910 579 3951 nec
608 3890 911 3974 potuisse
942 3890 1383 3977 propaga-ndo
1417 3889 1792 3975 procudere
1823 3891 2112 3977 prolem.

463 4125 559 4171 833
599 4121 791 4172 crescit
827 4119 847 4188 ΙΙ
903 4139 931 4172 e
965 4129 1229 4175 omissum.
1286 4122 1306 4188 Η
1361 4118 1467 4173 836’
1496 4123 1672 4192 potuit
1731 4124 1750 4191 Η
1807 4128 1906 4175 838
1942 4122 2070 4175 facit
2124 4121 2143 4192 ΙΙ
2198 4128 2295 4181 889
2333 4121 2737 4195 Androgynem

461 4206 597 4257 inter
632 4211 778 4257 utras
819 4221 916 4256 nec
954 4213 1230 4273 utramque
1266 4214 1544 4275 utrumque
1599 4205 1619 4273 ΙΙ
1673 4211 1766 4259 841
1810 4206 1986 4259 Multa
2039 4207 2059 4274 11
2116 4211 2214 4258 844
2253 4205 2400 4260 volet
2435 4207 2456 4275 ΙΙ
2497 4212 2602 4260 846
2642 4210 2737 4261 ab·

461 4288 655 4341 serruit
710 4287 729 4356 11
789 4295 888 4341 850
924 4286 1240 4357 procludere
1292 4290 1322 4358 Η.
1369 4295 1464 4341 851
1506 4289 1739 4359 primunt
1779 4290 1798 4362 ΙΙ
1853 4295 1950 4342 852
1987 4291 2166 4360 possis
2206 4289 2226 4356 ΙΙ
2261 4291 2531 4344 remissis.
2574 4293 2595 4359 ΙΙ
2638 4298 2736 4345 853

459 4373 654 4425 marius
695 4373 713 4438 Η
751 4372 928 4442 possis
966 4372 1187 4423 habere.
1229 4371 1247 4440 ΙΙ
1285 4379 1379 4425 854
1420 4372 1612 4425 Mutua
1656 4373 1740 4442 qui
1780 4381 2018 4426 metuent
