2840 5008
459 406 601 476 204
1524 408 1620 476 ΠΙ

455 602 706 644 novum
734 586 1211 645 testamentum
1231 579 1571 646 Fuldense
1601 603 1643 646 a
1670 604 1777 646 me
1806 581 2087 657 editum,
2112 581 2387 669 digesta
2405 584 2700 650 Floren-

455 679 599 743 tina
627 728 641 744 .
670 680 901 763 itaque
929 680 958 743 l
981 679 1269 763 simplici
1297 681 1691 747 scribuntur
1719 681 1790 744 in
1820 681 2062 766 quibus
2093 705 2125 744 e
2152 681 2456 746 litteram
2481 683 2703 767 longa

342 820 349 826 -
458 776 721 863 syllaba
750 775 1105 861 praecedit
1133 823 1151 853 ,
1178 784 1256 840 ut
1285 779 1588 843 custodela
1618 780 1892 843 clientela
1918 779 2174 843 suadela
2205 781 2470 845 candela
2494 782 2702 844 sutela

457 878 692 940 cautela
735 876 918 940 tutela
960 876 1304 960 comtptela
1343 877 1697 940 mandatela
1740 874 1981 959 (Gaius
2011 899 2080 950 11,
2105 874 2223 940 104
2246 924 2263 951 ,
2296 876 2701 942 Priscianus

456 996 518 1058 p.
535 972 694 1059 622)
742 975 979 1038 aoutela
1021 972 1443 1057 (Priscianus
1484 973 1773 1058 ibidem)
1807 1022 1820 1037 .
1865 974 2293 1059 lgeminatur
2322 975 2442 1040 ubi
2469 976 2702 1060 prima

455 1071 683 1165 brevis
709 1078 845 1143 est:
871 1092 1083 1157 eaque
1107 1092 1147 1135 a
1167 1072 1370 1135 tertia
1393 1092 1474 1135 ac
1497 1072 1778 1157 simplici
1799 1071 2021 1136 forma
2040 1070 2356 1136 fecerunt
2376 1081 2662 1138 veteres
2681 1120 2697 1145 ‚

452 1176 531 1233 ut
560 1171 886 1256 loquellam
912 1170 1248 1255 querellam
1273 1171 1607 1257 sequellam
1627 1196 1653 1251 ,·
1692 1191 1852 1255 ergo
1883 1171 2132 1234 luellam
2159 1217 2176 1249 ,
2221 1192 2424 1256 quem
2451 1171 2698 1235 admo-

458 1266 617 1331 dum
630 1268 877 1355 fuqella
904 1269 1079 1334 bene
1108 1268 1433 1351 scriptum
1464 1275 1569 1331 est
1599 1265 1783 1352 apud
1804 1267 2222 1331 Priscianum
2240 1290 2310 1352 p.
2330 1268 2448 1332 601
2472 1316 2487 1345 ,
2513 1270 2701 1334 male

456 1366 779 1453 confuqela
822 1366 1007 1450 apud
1050 1364 1331 1427 Paulum
1376 1364 1735 1428 diaconum
1777 1386 1843 1449 p.
1861 1364 1939 1427 31
1985 1364 2431 1429 Lindemanni
2463 1414 2479 1441 ‚
2524 1368 2701 1430 item

455 1463 628 1526 male
656 1463 973 1549 obsequela
1001 1485 1066 1547 p.
1091 1462 1208 1525 114
1239 1510 1255 1537 ‚
1285 1463 1626 1549 obsequella
1653 1472 1841 1527 recte
1869 1463 1941 1525 in
1966 1463 2278 1526 Asinaria
2307 1463 2540 1527 Plauti
2572 1489 2619 1540 1,
2644 1466 2699 1539 1,

457 1561 536 1625 50
579 1609 593 1625 .
640 1582 680 1623 a
721 1559 1022 1623 secunda
1064 1580 1259 1623 nemo
1306 1567 1463 1624 ante
1495 1560 1781 1624 Gellium
1820 1562 2138 1625 medellam
2181 1562 2318 1645 (sic
2348 1571 2540 1627 recte
2579 1585 2700 1628 co-

457 1659 591 1723 dex
620 1658 897 1721 Minucii
926 1657 1163 1722 Felicis
1185 1705 1201 1732 ‚
1224 1667 1301 1721 ut
1329 1667 1625 1724 testatur
1647 1658 2156 1724 Hildebrandus
2186 1660 2278 1724 ad
2307 1662 2698 1726 Arnobium

454 1779 519 1841 p.
539 1756 662 1819 633
693 1805 709 1831 ,
751 1758 910 1820 item
955 1757 1053 1839 sic
1097 1756 1358 1820 scholia
1399 1757 1765 1822 Bobiensia
1809 1756 1899 1822 ad
1944 1741 2286 1821 Ciceronis
2333 1758 2698 1822 orationes

454 1877 520 1939 p.
541 1854 683 1929 251,
704 1855 744 1919 8
777 1852 1042 1939 Orellii)
1066 1901 1081 1929 ‚
1113 1854 1345 1939 itaque
1374 1857 1700 1920 monellam
1714 1904 1732 1935 ‚
1754 1863 1919 1941 puto
1939 1902 1955 1930 ‚
1977 1846 2117 1917 n'on
2144 1857 2452 1920 monelam
2465 1905 2484 1937 ,
2510 1856 2697 1921 Ter·
2778 1920 2785 1941 ,

453 1953 771 2018 tullianus
799 2000 817 2029 ‚
860 1955 1133 2017 nitellam
1162 1954 1548 2038 κὰλλγΝτΡοΝ
1578 1961 1763 2018 recte
1791 1954 2191 2041 glossarium
2227 2001 2242 2028 ‚
2291 1976 2468 2040 quae
2493 1958 2701 2021 nitela

454 2052 640 2137 apud
667 2052 1147 2117 Terentianum
1177 2051 1493 2116 Maurum
1523 2052 1645 2116 316
1677 2059 1745 2116 et
1770 2053 2069 2117 Solinum
2093 2100 2107 2114 .
2131 2072 2272 2114 non
2300 2053 2595 2116 veniunt
2624 2055 2696 2117 in

450 2151 634 2215 hunc
665 2173 936 2216 censum
967 2152 1289 2228 turbellae,
1315 2150 1503 2235 quod
1532 2151 1695 2214 mihi
1726 2149 2209 2214 deminutivum
2231 2150 2505 2214 videtur
2526 2199 2544 2225 ‚
2570 2173 2697 2215 ne-

454 2272 587 2336 que
614 2250 753 2314 ulla
782 2271 987 2314 causa
1018 2256 1124 2314 est
1153 2270 1272 2313 cur
1294 2274 1325 2312 e
1350 2248 1771 2337 producatur
1789 2298 1802 2312 .
1822 2255 1982 2312 sunt
2008 2256 2235 2312 tamen
2267 2245 2697 2314 deminutiva

454 2349 789 2434 quaedam
816 2349 1037 2414 vocali
1065 2347 1406 2432 producta
1435 2394 1451 2421 ‚
1497 2348 1622 2412 sed
1665 2369 1745 2411 ea
1788 2353 2181 2424 contracta3
2229 2347 2459 2431 qualia
2487 2356 2696 2424 sunt,

454 2448 618 2513 eliso
662 2449 772 2513 vel
816 2472 848 2513 e
887 2447 999 2512 vel
1039 2470 1081 2510 n
1124 2445 1233 2510 vel
1274 2469 1310 2509 r
1365 2446 1561 2529 (nam
1602 2469 1647 2510 x
1691 2446 1937 2510 omisso
1987 2466 2126 2509 non
2169 2444 2566 2531 duplicatur
2612 2447 2694 2510 li-

455 2547 736 2633 quida),
753 2549 1012 2632 paullus
1031 2594 1049 2625 ‚
1070 2547 1218 2609 villa
1238 2593 1256 2624 ‚
1279 2546 1541 2609 ver-vella
1583 2544 2092 2630 (grammaticus
2124 2544 2694 2610 Vindobonensis

451 2668 517 2730 p.
542 2645 695 2731 106)
715 2671 731 2720 ;
768 2645 1001 2709 corolla
1020 2693 1038 2724 ‚
1064 2645 1281 2708 catella
1301 2692 1318 2723 ,
1335 2645 1608 2729 pistrilla
1627 2691 1645 2722 ‚
1671 2644 1912 2706 catillus
1929 2691 1947 2722 ‚
1970 2643 2240 2709 salillum
2259 2690 2277 2721 ‚
2298 2643 2510 2706 villum
2529 2691 2551 2721 ,
2587 2645 2691 2707 ul-

452 2746 547 2806 lus
562 2792 579 2822 ,
602 2745 805 2807 nullus
833 2743 945 2826 (ad
976 2764 1261 2826 quorum
1294 2742 1671 2827 exemplum
1691 2740 2073 2805 formarunt
2094 2742 2335 2825 ellum),
2362 2741 2688 2822 Messalla,

454 2840 776 2924 Hispallus
805 2865 831 2920 ,·
869 2841 1032 2903 stilla
1052 2887 1070 2918 ‚
1100 2841 1265 2903 ralla
1294 2842 1503 2904 amica
1531 2888 1550 2919 ,
1590 2840 1751 2903 item
1782 2839 1964 2904 Sulla
1992 2845 2069 2902 ut
2097 2838 2506 2924 quibusdam
2530 2839 2688 2923 pla-

454 2945 565 3002 cet
587 2984 602 3010 ‚
634 2938 757 3001 olla
793 2937 1046 3000 rectius
1091 2957 1292 3021 quam
1333 2939 1482 3001 aula
1528 2937 1696 3021 (nisi
1725 2936 1911 3022 quod
1942 2935 2181 3000 eodem
2211 2958 2443 3000 errore
2471 2938 2682 3023 vulgo

453 3036 774 3101 dicebant
796 3034 1132 3098 Messalam
1154 3040 1223 3097 et
1240 3037 1508 3119 paulum
1527 3036 1549 3119 )
1568 3083 1583 3110 ‚
1605 3035 1741 3100 hoc
1765 3042 1870 3099 est
1895 3056 2113 3119 parva
2139 3034 2319 3099 horia
2341 3035 2485 3099 sive
2505 3038 2649 3099 oria
2663 3085 2680 3115 ,

451 3135 659 3210 εκὰφκ
688 3183 700 3207 ,
725 3135 811 3199 ab
841 3132 1218 3197 hauriendo
1245 3180 1260 3195 .
1287 3153 1371 3195 ex
1402 3132 1644 3196 eodem
1667 3133 2230 3197 deminutivorum
2256 3153 2537 3196 numero
2573 3140 2681 3197 est

448 3233 656 3295 nitella
697 3232 831 3315 (ita
863 3237 1050 3295 recte
1078 3231 1148 3293 in
1176 3229 1491 3294 Martiale
1520 3253 1581 3305 v,
1596 3230 1674 3294 37
1705 3229 2299 3315 Schneidewinus)
2342 3231 2679 3320 etsie-ella,

450 3351 585 3414 quo
614 3328 998 3393 Iuvenalem
1025 3335 1194 3413 puto
1226 3351 1422 3393 usum
1451 3349 1599 3393 csse
1627 3329 1699 3392 in
1727 3328 1937 3392 satira
1964 3350 2101 3403 xiv,
2119 3328 2192 3392 9:
2215 3350 2372 3392 nam
2394 3328 2680 3413 Merqere

429 3427 738 3516 ficedulas
766 3447 904 3489 non
932 3426 1158 3509 potuit
1186 3428 1487 3500 scribere
1517 3475 1531 3489 .
1561 3429 1895 3492 nitedulam
1922 3428 1993 3491 in
2017 3427 2331 3491 Sestiana
2360 3426 2563 3514 Tullii
2596 3426 2676 3489 72

449 3531 829 3612 agnoscunt
855 3545 994 3587 non
1023 3522 1228 3586 modo
1261 3524 1532 3588 codices
1557 3574 1576 3606 ,
1614 3525 1739 3589 sed
1769 3524 2027 3589 scholia
2053 3524 2422 3591 Bobiensia
2445 3547 2514 3609 p.
2533 3524 2674 3596 303,

453 3625 521 3687 11
544 3625 638 3695 ,16
670 3622 786 3688 Or.
819 3630 888 3688 et
915 3622 1298 3687 Priscianus
1326 3623 1532 3707 p.613
1571 3671 1585 3686 .
1632 3622 1813 3688 idem
1841 3623 2246 3689 vocabulum
2271 3622 2563 3687 Horatio
2607 3624 2673 3684 in

447 3724 887 3808 epistularum
917 3747 960 3799 1,
978 3723 1036 3799 7,
1054 3722 1136 3786 29
1165 3742 1207 3785 a
1226 3721 1536 3786 Bentleio
1566 3723 1958 3788 restitutum
1988 3721 2102 3806 qui
2130 3743 2270 3784 non
2300 3721 2672 3806 accipiunt,

445 3822 775 3884 rationem
805 3828 875 3884 et
902 3842 1153 3906 genera
1180 3820 1582 3887 fabellarum
1609 3823 1925 3909 ignorant
1948 3870 1961 3883 .
2000 3820 2218 3884 Servii
2246 3819 2672 3905 neglegentia

446 3924 582 3992 est,
608 3940 758 3981 cum
790 3918 1097 3983 Ciceroni
1126 3918 1458 3986 adscribit
1484 3923 1731 3985 nitelam
1761 3918 1852 3984 ad
1880 3918 2246 4006 georgicon
2276 3942 2318 3992 1,
2342 3918 2457 3982 181
2482 3942 2499 3995 ;
2527 3917 2670 3980 Hil-

444 4015 777 4081 debrandi
804 4015 959 4100 plus
992 4038 1192 4102 quam
1216 4011 1648 4105 'neglegentia
1666 4067 1681 4094 ,
1706 4019 1818 4103 qui
1843 4017 1933 4082 ad
1956 4016 2324 4081 Arnobium
2345 4037 2412 4099 p.
2438 4015 2555 4079 197
2577 4017 2670 4077 ni-

440 4115 705 4178 tedulam
732 4114 975 4178 Latine
1005 4115 1138 4178 dici
1168 4124 1371 4203 neget
1391 4165 1406 4192 ‚
1441 4137 1478 4181 e
1509 4116 1743 4181 codice
1765 4116 2048 4180 Arnobii
2074 4115 2145 4178 in
2175 4137 2225 4177 11
2254 4135 2321 4197 p.
2341 4114 2421 4177 75
2450 4114 2667 4177 nitelu-

441 4216 567 4277 lam
594 4213 879 4297 recipiat
909 4259 924 4287 ‚
964 4234 1354 4299 muremque
1384 4222 1720 4300 agrestem
1749 4215 1846 4278 ita
1875 4236 2011 4278 non
2035 4234 2075 4276 a
2098 4210 2349 4297 pedum
2369 4212 2524 4276 nisu
2547 4210 2669 4275 sed

439 4333 478 4374 a
506 4312 734 4376 nitore
766 4311 1019 4375 dictum
1049 4311 1395 4395 opinetur.
1418 4312 1647 4397 potuit
1667 4321 1895 4378 tamen
1918 4333 2066 4377 esse
2091 4310 2315 4395 aliqua
2340 4310 2485 4374 eius
2508 4330 2665 4373 con-

439 4411 744 4473 sonantis
775 4458 790 4484 ‚
824 4405 997 4493 qu'ae
1030 4416 1135 4474 est
1165 4417 1323 4474 ante
1354 4411 1877 4477 deminutionem
1902 4461 1916 4488 ,
1946 4407 2392 4474 mutabilitas:
2417 4428 2572 4470 nam
2598 4407 2666 4468 in
