2840 5008
1201 416 1233 482 Ι
1273 484 1282 495 .

72 605 129 661 et
152 595 455 682 graviter
486 592 718 677 magni
743 611 982 675 magno
1014 587 1314 653 cecidere
1342 590 1434 655 ibi
1463 611 1650 666 casu3

68 711 336 795 primum
368 707 578 794 quod
605 714 827 770 motus
859 710 1168 789 exempto
1197 705 1401 768 rebus
1430 706 1610 768 inani

70 824 481 888 constituunt
504 871 522 897 ,
548 830 758 885 etres
785 818 1001 883 mollis
1030 840 1353 903 rarasque
1384 820 1771 904 relinquent
1787 869 1801 893 ‚

71 945 205 1002 aera
220 985 235 1012 ‚
261 924 489 1001 solem
512 986 529 1013 ‚
551 937 773 1021 ignem
792 982 807 1009 ‚
828 942 1044 998 terras
1063 983 1078 1010 ‚
1101 934 1405 997 animalia
1423 982 1438 1009 ‚
1460 932 1689 1020 fruges
1703 984 1718 1010 ‚

29 1087 34 1109 .
68 1074 174 1115 nec
201 1060 432 1116 tamen
466 1028 850 1114 admiscent
874 1050 942 1112 in
974 1070 1201 1113 eorum
1232 1070 1480 1134 corpus
1507 1049 1736 1125 inane3

75 1165 293 1230 deinde
327 1165 533 1252 quod
564 1164 832 1228 omnino
860 1163 1057 1226 finem
1085 1185 1222 1226 non
1253 1184 1402 1227 esse
1434 1162 1742 1228 secandis

74 1281 464 1366 corporibus
496 1279 787 1353 faciunt,
809 1299 1028 1363 neque
1057 1299 1335 1363 pausam
1366 1260 1546 1361 stare
1573 1277 1856 1364 fragori,

71 1416 179 1459 nec
204 1417 534 1481 prorsum
563 1394 634 1457 in
663 1394 865 1457 rebus
895 1393 1229 1456 minimum
1258 1392 1626 1458 consistere
1659 1394 2041 1479 quicquam;

70 1532 198 1572 cum
225 1508 591 1573 videamus
617 1507 693 1572 id
721 1516 1085 1571 extremum
1116 1506 1439 1591 cuiusque
1470 1529 1783 1572 cacumen

29 1639 41 1685 )
79 1645 205 1687 esse
235 1623 429 1709 quod
460 1622 558 1686 ad
588 1644 826 1686 sensus
852 1630 1125 1686 nostros
1154 1621 1488 1686 minimum
1520 1645 1667 1687 esse
1697 1623 1994 1700 videtur,

77 1737 359 1800 conicere
390 1746 476 1801 ut
505 1737 733 1822 possis
766 1758 850 1799 ex
877 1737 1043 1811 hoc,
1069 1757 1239 1820 quae
1271 1757 1545 1800 cernere
1572 1760 1708 1802 non
1741 1741 1890 1825 quis

79 1843 428 1915 extremum
460 1850 655 1937 quod
684 1851 934 1915 habent
952 1899 968 1925 ,
989 1850 1321 1915 minimum
1352 1852 1722 1917 consistere
1750 1875 2088 1941 prorsum.

75 1964 190 2030 huc
218 1965 497 2030 accedit
523 1965 665 2028 utei
683 2013 698 2041 ,
723 1967 1032 2049 quoniam
1061 1965 1428 2050 primordia
1454 1988 1676 2030 rerum

75 2081 274 2145 mollia
303 2081 739 2145 constituunt
756 2128 772 2154 ‚
795 2101 966 2164 quae
996 2102 1123 2144 nos
1151 2081 1380 2145 nativa
1405 2080 1709 2146 videmus

29 2209 41 2255 5
77 2217 206 2259 esse
236 2204 303 2260 et
331 2194 611 2259 mortali
642 2215 790 2259 cum
820 2205 1105 2279 corpore
1123 2241 1138 2268 ‚
1161 2193 1463 2258 funditus
1492 2217 1706 2281 usque

78 2306 300 2374 debeat
328 2309 426 2373 ad
456 2308 668 2372 nilum
693 2308 823 2372 iam
851 2329 1072 2373 rerum
1103 2330 1355 2372 summa
1381 2311 1630 2374 reverti

80 2421 151 2486 de
175 2425 449 2511 niloque
481 2429 721 2486 renata
750 2423 1091 2509 vigescere
1122 2423 1314 2511 copia
1342 2445 1594 2502 rerum3

80 2559 339 2621 quorum
371 2530 739 2622 utrumqu‘e
769 2536 931 2622 quid
961 2559 1001 2601 a
1028 2560 1191 2602 vero
1220 2539 1349 2602 iam
1381 2538 1587 2604 distet
1614 2541 1926 2605 habebis,

82 2650 299 2717 deinde
326 2653 602 2716 inimica
627 2651 846 2716 modis
873 2652 1095 2716 multis
1125 2660 1282 2716 sunt
1310 2661 1516 2738 atque
1548 2675 1805 2719 veneno

33 2779 49 2826 a
80 2766 209 2852 ipsa
233 2769 357 2832 sibi
385 2769 569 2832 inter
601 2788 709 2842 se;
735 2787 940 2851 quare
971 2775 1087 2831 aut
1115 2788 1480 2853 congressa
1506 2769 1849 2853 peribunt,

83 2888 181 2944 aut
201 2883 292 2946 ita
321 2882 678 2967 diffugient
705 2888 783 2944 ut
811 2889 1209 2967 tempestate
1240 2889 1478 2946 coacta

81 2993 326 3061 fulmina
357 2996 687 3081 diffugere
716 3004 920 3081 atque
946 2996 1176 3060 imbris
1208 3005 1581 3081 ventosque
1613 2997 1946 3063 videmus.

150 3110 448 3197 Denique
484 3118 806 3195 quattuor
836 3132 920 3173 ex
945 3111 1148 3174 rebus
1179 3112 1235 3174 si
1265 3119 1509 3174 cuncta
1539 3121 1850 3177 creantur

84 3230 257 3307 atque
284 3226 354 3288 in
387 3248 505 3289 eas
536 3246 799 3289 rursum
830 3246 939 3288 res
971 3225 1190 3289 omnia
1221 3224 1712 3303 dissoluuntur,

37 3347 50 3392 'v
84 3337 177 3418 qui
201 3342 405 3426 magis
434 3340 550 3403 illa
582 3347 834 3423 queunt
860 3361 1082 3402 rerum
1110 3339 1475 3424 primordia
1503 3340 1633 3404 dici

86 3470 252 3531 quam
282 3462 528 3540 contra
556 3475 667 3517 res
694 3454 957 3518 illorum
987 3462 1310 3538 retroque
1338 3456 1607 3542 putari?

86 3561 327 3632 alternis
360 3569 732 3653 gignuntur
761 3569 933 3632 enim
961 3575 1354 3653 mutantque
1384 3571 1674 3636 colorem

87 3684 142 3738 et
166 3686 363 3744 totam
392 3682 567 3746 inter
597 3704 670 3746 se
700 3659 1003 3746 naturam
1035 3690 1336 3767 tempore
1367 3685 1452 3748 ab
1485 3685 1686 3747 omni.

41 3801 56 3845 ῠ
89 3791 172 3853 sin
193 3793 280 3857 ita
306 3794 487 3858 forte
514 3803 718 3882 putas
747 3798 918 3882 ignis
948 3805 1301 3880 terraeque
1333 3799 1512 3863 coire

88 3924 301 3991 corpus
334 3917 401 3972 et
429 3909 646 3973 aerias
678 3932 873 3974 auras
903 3932 1256 3995 roremque
1287 3912 1598 3996 liquoris,

2244 417 2334 484 27

91 4218 167 4265 741
202 4236 376 4274 causa.
423 4223 444 4291 ΙΙ
492 4228 593 4274 744
633 4221 826 4291 frugis.
876 4223 895 4292 ΙΙ
946 4230 1043 4275 747
1082 4222 1279 4277 facient
1323 4224 1343 4292 ΙΙ
1392 4231 1492 4276 748
1530 4225 1640 4293 qui.
1681 4225 1701 4293 ΙΙ
1739 4230 1836 4276 752
1874 4242 2122 4294 prorsum
2167 4232 2318 4278 omis-

88 4312 202 4350 sum.
255 4301 273 4369 ΙΙ
326 4311 420 4356 753
460 4303 659 4357 accidit
693 4305 815 4357 item
863 4305 883 4372 ΙΙ
931 4312 1027 4358 755
1066 4308 1243 4374 utqui.
1292 4307 1312 4374 ΙΙ
1365 4313 1464 4359 758
1501 4307 1688 4360 habes.
1739 4308 1760 4375 ΙΙ
1807 4313 1904 4360 759
1943 4324 2104 4362 vene.
2152 4307 2172 4374 ΙΙ
2222 4311 2318 4358 767

94 4379 284 4438 Aternia
316 4388 335 4455 Η
373 4392 695 4441 7692762.
