2840 5008
546 375 631 441 14
906 391 921 399 ·
1444 397 1859 443 EMENDATm

540 549 784 635 sophia
825 547 1225 632 explicanda
1266 568 1428 612 sane
1470 547 1754 634 diligens
1785 596 1800 624 ‚
1844 549 1970 613 sed
2015 550 2281 634 linguae
2323 548 2597 612 Latinae
2633 551 2733 613 im-

539 648 980 733 peritissimus
1010 692 1026 708 .
1066 646 1243 710 editio
1272 645 1681 710 Lmzdinensis
1712 668 1889 711 anno
1926 647 2082 711 1712
2112 646 2301 715 faeta
2330 646 2492 710 mihi
2518 647 2601 711 ad
2625 648 2734 712 hoe
2797 650 2798 719 Ξ

542 768 744 810 unum
772 745 954 809 utilis
984 743 1112 808 fuit
1133 791 1149 819 ‚
1194 750 1271 807 ut
1300 743 1562 829 aliquot
1591 746 2135 810 emendationum
2167 753 2489 809 auctores
2516 746 2762 829 primos*
2797 790 2798 793 κ

540 864 1019 930 cognoscerem
1049 892 1063 906 .
1110 863 1329 927 neque
1381 842 1723 930 Sigeberti
1768 843 2189 928 Havercampi
2243 843 2384 907 duo
2435 843 2736 909 volumina
2797 868 2798 877 ¹

539 943 853 1031 Lugduni
879 941 1291 1005 Batavorum
1321 961 1499 1004 anno
1536 940 1696 1005 1725
1729 941 1914 1006 edita
1941 941 2078 1013 ulla
2103 941 2312 1006 laude
2345 941 2550 1027 digna
2575 949 2733 1005 sunt:
2797 942 2798 995 1

539 1064 690 1107 nam
721 1063 942 1126 neque
970 1041 1118 1125 ipse
1149 1048 1266 1104 aut
1297 1040 1722 1105 emendando
1754 1046 1873 1106 aut
1898 1041 2430 1125 interpretando*
2451 1063 2735 1105 memora·
2797 1048 2798 1057 ’

538 1141 673 1207 bile
714 1141 1072 1226 quicquam
1112 1138 1335 1203 effecit
1355 1186 1371 1214 ‚
1412 1161 1632 1224 neque
1665 1161 1745 1203 ea
1774 1160 1949 1223 quae
1977 1139 2245 1224 priores
2277 1147 2559 1224 egerant
2582 1146 2734 1213 reete

540 1249 611 1305 et
641 1260 792 1303 cum
824 1260 986 1302 cura
1017 1237 1353 1321 disposita
1380 1237 1690 1303 exhibuit
1711 1286 1727 1312 ‚
1770 1259 1993 1322 neque
2020 1238 2090 1300 in
2117 1237 2555 1302 Leidensium
2581 1237 2735 1301 codi-

541 1361 692 1403 cum
731 1339 1138 1402 auctoritate
1177 1335 1606 1400 testificanda
1633 1336 1770 1400 ulla
1796 1335 1931 1400 fide
1961 1344 2079 1400 aut
2107 1335 2420 1401 sollertia
2446 1359 2602 1400 usus
2630 1344 2734 1400 est.

540 1436 667 1501 sed
695 1436 1237 1520 Havercampum
1278 1433 1550 1519 quidem
1587 1435 1767 1499 omni
1811 1442 2116 1521 tempore
2158 1457 2400 1500 omnes
2431 1442 2735 1518 contemp-

543 1541 814 1598 serunt:
847 1532 1152 1598 Gilberto
1185 1531 1549 1622 Wakefieldo
1578 1533 1758 1598 unde
1785 1535 2200 1618 praeclaram
2226 1534 2568 1618 quandam
2587 1532 2738 1617 apud

545 1632 918 1697 Germanos
937 1632 1496 1697 existimationem
1520 1634 1890 1697 accessisse
1914 1632 2129 1698 dicam
2154 1633 2401 1697 dubito
2415 1680 2432 1708 ‚
2455 1632 2577 1697 nisi
2590 1631 2737 1696 forte
2797 1616 2798 1629 ¹

543 1730 920 1794 modestiae
949 1730 1177 1814 specie
1204 1730 1589 1796 hominibus
1610 1731 1937 1795 modestis
1959 1739 2030 1797 et
2050 1733 2137 1797 ab
2162 1733 2349 1796 omni
2368 1731 2591 1796 iudicii
2609 1729 2737 1794 sub-

544 1828 790 1895 tilitate
831 1826 1355 1894 abhorrentibus
1382 1829 1777 1895 mirabiliter
1803 1831 2207 1915 imposuisse
2239 1830 2613 1895 censendus
2638 1834 2735 1890 est.

546 1926 720 1991 enim
761 1946 924 1989 vero
970 1926 1105 1990 ista
1120 1926 1480 1991 -modestia
1522 1949 1661 1991 non
1700 1927 1830 1992 fuit
1870 1927 2155 1993 hominis
2200 1929 2567 2015 sapientiS,
2608 1924 2735 1997 sed,

496 2025 500 2029 ’
547 2023 734 2111 quod
761 2023 1156 2115 incredibile
1186 2025 1528 2101 videatur,
1559 2047 1773 2111 prope
1802 2023 2073 2101 furiosi,
2106 2027 2220 2111 qui
2248 2049 2402 2092 cum
2426 2048 2466 2090 a
2486 2022 2733 2090 Marullo

546 2129 617 2188 et
642 2122 970 2188 Lambino
1009 2122 1222 2186 multa
1263 2123 1407 2211 sine
1449 2144 1655 2189 causa
1693 2131 1934 2188 centra
1961 2132 2265 2188 veterum
2298 2122 2735 2209 exemplarium

544 2222 746 2287 fidem
779 2222 1050 2285 invecta
1078 2228 1262 2285 recte
1290 2220 1740 2286 intellexisset
1760 2269 1776 2297 ‚
1816 2222 1987 2287 haec
2018 2224 2302 2289 eiecisse
2328 2245 2471 2288 non
2500 2227 2734 2286 conten-

545 2329 656 2384 tus
679 2368 696 2397 ‚
720 2312 1087 2384 'verissima
1129 2340 1439 2405 quaeque
1483 2328 1551 2384 et
1591 2320 1966 2385 certissima
1992 2321 2174 2386 nullo
2204 2322 2338 2387 nisi
2367 2321 2633 2386 iniuriae
2657 2316 2733 2380 ul·
2797 2358 2798 2379 2

546 2418 906 2484 ciscendae
947 2417 1227 2481 consilio
1271 2439 1424 2481 cum
1453 2419 1555 2481 ira
1586 2426 1655 2482 et
1687 2419 2006 2483 conviciis
2035 2418 2448 2485 foedissimis
2478 2416 2734 2502 exagita-

453 2538 458 2543 ’
545 2518 760 2596 verit3
806 2538 942 2602 quo
983 2516 1061 2580 fit
1089 2524 1167 2580 ut
1194 2516 1385 2582 Aiaci
1415 2516 1843 2582 Varroniano
1882 2518 2250 2584 simillimus
2283 2519 2411 2584 sit:
2454 2519 2614 2583 Aiax
2636 2526 2735 2577 tum

546 2618 738 2682 credit
745 2616 930 2702 ferro
957 2639 1020 2680 se
1049 2616 1300 2679 caedere
1340 2616 1561 2680 Ulixen
1581 2663 1599 2696 ,
1643 2618 1794 2681 Cum
1820 2617 2036 2682 baculo
2062 2618 2281 2682 silvam
2310 2617 2509 2682 caedit
2519 2633 2733 2701 porco-s·-

546 2739 663 2801 que
691 2716 992 2779 trucidat.
1021 2714 1253 2799 itaque
1281 2714 1352 2780 in
1381 2715 1594 2778 vastis
1608 2714 2017 2798 Wakefieldi
2041 2715 2566 2788 commentarii8‚
2595 2728 2735 2795 quos

545 2814 694 2897 ipse
735 2812 1275 2897 splendidissime
1317 2812 1534 2877 edidit
1572 2812 1866 2877 Londini
1907 2815 2099 2878 annis
2135 2813 2294 2877 1796
2330 2822 2399 2879 et
2428 2812 2535 2887 97,
2574 2807 2733 2872 Glas·

547 2931 836 2997 guenses
878 2910 1083 2995 paulo
1133 2911 1589 2976 commodiore
1628 2911 1847 2976 forma
1886 2913 2310 2997 repetierunt
2356 2931 2530 2976 anno
2574 2904 2733 2972 1813,

546 3009 800 3073 nullum
827 3028 1044 3093 prope
1066 3008 1363 3072 studium
1385 3008 1888 3074 animadvertas
1908 3010 2209 3073 Lucretii
2229 3010 2563 3074 rationum
2580 3007 2735 3067 recte

546 3105 1150 3193 intellegendarum
1178 3147 1204 3183 ,-
1252 3107 1504 3172 nullam
1552 3108 1821 3194 linguae
1870 3108 2155 3176 Latinae
2203 3108 2545 3173 scientiam
2568 3150 2582 3178 ‚
2634 3094 2734 3162 sed

547 3212 823 3290 praeter
867 3204 1173 3269 convicia
1216 3206 1510 3292 aliquam
1551 3229 1715 3271 sane
1759 3207 2240 3293 elegantiarum
2280 3206 2667 3292 poeticarum
2706 3214 2735 3255 e

547 3305 839 3367 lectione
867 3302 1079 3367 multa
1107 3304 1233 3369 sed
1258 3326 1502 3390 parum
1531 3307 1818 3372 subacta
1846 3306 2418 3371 consectationem
2437 3352 2453 3379 ‚
2483 3308 2545 3365 et
2560 3294 2735 3377 insig-

549 3403 660 3466 nia
697 3422 918 3486 neque
963 3422 1042 3465 ea
1082 3402 1275 3468 nimis
1312 3425 1469 3468 rara
1498 3406 1734 3469 summi
1760 3405 2012 3491 ingenii
2041 3406 2428 3491 egregiique
2456 3390 2733 3465 acuminis

549 3500 873 3588 vestigia,
906 3522 942 3565 e
973 3500 1217 3585 quibus
1248 3511 1578 3589 appareat
1610 3526 1757 3568 eum
1776 3552 1791 3580 ‚
1819 3505 1949 3568 nisi
1976 3504 2219 3568 mentis
2251 3524 2441 3568 error
2471 3490 2732 3564 obstitis·

548 3608 692 3682 set,
736 3600 1043 3685 potuisse
1088 3621 1168 3664 re
1207 3623 1373 3665 vera
1413 3608 1676 3665 tantum
1718 3603 1787 3666 in
1825 3597 1959 3665 hoc
2000 3608 2315 3686 poemate
2356 3585 2732 3665 emendando

549 3700 814 3766 efficere
845 3707 1170 3786 quantum
1200 3700 1429 3765 multis
1459 3702 1646 3765 visus
1677 3702 1769 3765 sit
1800 3700 2101 3765 effecisse
2125 3749 2138 3763 .
2169 3700 2369 3764 huius
2393 3704 2459 3762 et
2477 3691 2732 3758 imitat&
2797 3751 2798 3756 ,

546 3820 659 3863 res
693 3807 762 3863 et
789 3800 859 3865 in
888 3800 1055 3864 artis
1086 3798 1431 3884 studiique
1462 3807 1856 3885 contemptu
1887 3799 2218 3873 aemulos,
2251 3796 2607 3863 Henricum
2632 3781 2731 3847 Ca·

544 3896 763 3960 rolum
788 3898 1249 3963 Abrahamum
1266 3898 1693 3963 Eichstadium
1723 3906 1793 3962 et
1818 3898 2175 3963 Albertum
2193 3897 2609 3981 Forbiyerum,
2637 3896 2734 3987 ⁰¹{l'

548 3996 1174 4060 commemorandos
1206 3996 1449 4061 ducam
1477 3997 1670 4060 multi
1693 4005 1879 4061 recte
1903 4016 2066 4060 sane
2086 3997 2527 4062 mirabuntur,
2557 4006 2595 4047 a
2613 3997 2731 4065 ‘1¹¹¹'

545 4092 676 4156 bus
705 4113 791 4156 ne
821 4099 1084 4157 tantum
1115 4092 1385 4178 quidem
1419 4103 1744 4180 quantum
1774 4097 1859 4161 ab
1883 4094 2356 4179 Havercampo
2389 4101 2612 4173 capere
2629 4092 2732 4161 ΡΟ·

543 4190 824 4254 tuerim:
856 4212 1009 4254 nam
1029 4190 1470 4257 Eichstadius
1499 4216 1703 4257 unum
1730 4194 1887 4260 libri
1919 4193 2136 4278 quinti
2163 4213 2429 4256 versum
2458 4172 2730 4281 emenda·

543 4291 645 4354 vit
661 4289 833 4377 (584)
849 4339 864 4366 ‚
889 4289 1219 4377 Forbiger
1241 4291 1406 4355 nihil
1427 4313 1709 4377 usquam
1725 4292 2160 4366 laudabiliter
2175 4291 2387 4377 gessit
2403 4338 2418 4353 .
2443 4280 2558 4350 sed
2573 4272 2730 4341 mihlv

542 4409 691 4452 cum
715 4388 1134 4474 antiquiores
1160 4411 1393 4454 eorum
1411 4390 1660 4454 similes
1675 4439 1690 4466 ‚
1711 4390 2060 4455 Danielem
2075 4389 2362 4453 Pareum
2376 4437 2392 4465 ,
2412 4382 2732 4449 Iohannem
