2840 5008
1194 420 1292 488 1v
2213 402 2370 491 241‘

100 598 564 685 Berecyntiam
595 645 608 660 .
665 594 798 659 hoc
841 615 979 658 non
1019 596 1236 659 minus
1294 596 1595 680 ineptum
1641 604 1746 660 est
1790 597 1990 681 (tuba
2034 599 2206 662 enim
2251 621 2355 663 re-

101 704 311 785 pente
342 695 430 759 fit
465 693 668 777 tibia)
700 714 899 778 quam
930 691 1117 777 quod
1148 691 1449 757 Catullus
1479 693 1724 769 Lx111‚9
1756 704 2107 781 tympanum
2136 696 2355 760 fertur

100 793 510 881 appellasse
556 792 758 856 tubam
795 791 1080 878 CybebeS,
1125 792 1240 876 qui
1271 792 1544 878 scripsit
1587 791 1844 875 (neque
1875 793 2048 856 enim
2076 793 2352 879 dubito)
2401 822 2419 837 ·

109 896 165 957 T
151 914 449 981 ypanum
472 903 639 955 tuom
656 938 671 963 ‚
710 889 966 974 Cybebe,
995 900 1101 952 tua
1118 936 1134 963 ‚
1162 901 1373 969 mater,
1404 890 1580 952 initia
1599 938 1613 952 .
1641 889 1771 953 iam
1795 911 1958 953 vero
1990 890 2044 953 si
2072 913 2350 975 quaere-

98 1013 243 1055 mus
278 989 463 1075 quid
508 989 658 1052 cieri
701 993 770 1049 et
798 987 980 1050 citum
1020 988 1270 1050 reboare
1310 988 1570 1072 possit,
1615 988 2030 1053 inveniemus
2060 988 2233 1053 haec
2265 989 2351 1055 de

101 1092 247 1157 locis
278 1086 653 1152 commode
684 1084 817 1150 dici
847 1092 916 1149 et
945 1087 1030 1150 ab
1063 1086 1370 1151 omnibus
1400 1087 1623 1173 poetis
1657 1085 1842 1151 dicta
1871 1108 2051 1151 esse.
2082 1088 2180 1151 ita
2202 1089 2350 1173 ipse

98 1186 478 1251 Lucretius
525 1178 663 1250 Nec
703 1183 978 1248 citharae
1027 1184 1276 1248 reboant
1324 1184 1610 1270 laqueata
1666 1196 2006 1272 aurataque
2046 1197 2198 1250 tecta
2218 1235 2236 1266 ,
2282 1195 2350 1251 et

106 1285 280 1369 Er90
311 1284 643 1369 replentur
684 1283 821 1345 loca
848 1281 1087 1345 vocibus
1119 1318 1193 1329 —
1224 1283 1538 1367 sonituque
1569 1284 1801 1346 cientur
1823 1332 1836 1347 .
1877 1284 2109 1369 itaque
2138 1286 2348 1349 mani-

103 1381 357 1446 festum
407 1389 525 1445 est
569 1400 718 1443 eum
758 1379 874 1446 hic
917 1381 1271 1465 scripsisse
1317 1381 1404 1447 Et
1445 1403 1762 1445 REBOAT
1805 1407 2066 1448 raucum
2099 1408 2191 1449 nn
2210 1408 2346 1451 <310
2403 1372 2406 1375 i

106 1482 224 1545 cita
253 1481 544 1544 barbara
572 1478 847 1542 bombum
870 1528 883 1544 .
929 1501 1148 1564 neque
1178 1481 1449 1544 barbara
1488 1482 1656 1567 reyio
1684 1480 1899 1546 minus
1940 1484 2215 1569 proprie
2249 1480 2358 1548 di-'

106 1579 278 1643 citur
312 1600 532 1664 quam
563 1578 704 1642 tuba
721 1625 736 1641 .
1914 1658 1917 1669 ,

276 1678 425 1742 545.
498 1675 617 1740 Er
672 1698 1009 1741 vAL1n1s
1065 1699 1302 1743 NEc‘rl
1356 1698 1648 1769 'ronrts
1703 1701 1806 1741 Ex
1862 1702 2309 1745 nnmcorus
2334 1730 2348 1745 .

110 1775 519 1854 Quadratus
578 1781 646 1837 et
689 1796 729 1837 a
773 1783 1161 1840 correctore
1216 1775 1551 1862 oblongus
1595 1787 1724 1840 nete
1768 1780 1937 1841 tortis
1959 1827 1973 1852 ‚
2031 1779 2185 1843 olim
2229 1780 2349 1844 im-

110 1875 327 1957 pressi
356 1897 513 1938 nece
542 1876 740 1939 tortis,
786 1872 1121 1936 Antonius
1149 1873 1348 1937 Marii
1392 1874 1478 1938 Et
1502 1874 1693 1937 validi
1730 1888 1987 1961 suryunt
2012 1901 2156 1941 nece
2185 1881 2354 1943 tortis
2381 1939 2387 1946 .

113 1994 185 2036 cx
211 1971 540 2045 Heliconis
557 2019 574 2049 ,
613 1970 942 2034 Marullus
973 1971 1061 2036 Et
1080 1973 1287 2056 yelida
1318 1974 1493 2059 cycni
1527 1996 1673 2036 nece
1699 1975 1839 2035 torti
1865 1997 1941 2036 ex
1969 1986 2145 2039 antro
2173 1976 2349 2041 Heli-

113 2073 278 2133 conis
296 2119 315 2150 ,
344 2069 693 2136 Avantius
737 2070 1006 2133 Vallibus
1034 2080 1092 2132 et
1117 2072 1296 2156 cyyni
1322 2093 1468 2133 nece
1496 2071 1712 2133 detorti
1740 2094 1816 2135 ex
1842 2072 2155 2136 Heliconi-s*
2172 2122 2186 2148 ,
2216 2068 2349 2138 ‘co-

117 2166 297 2232 dices
331 2164 699 2233 emendati’
726 2166 1048 2230 Iohannis
1079 2166 1277 2250 Bapt.
1301 2166 1403 2230 Pii
1447 2168 1717 2231 Vallibus
1746 2179 1803 2231 et
1830 2172 2005 2254 cycni
2032 2171 2247 2235 detorti
2275 2196 2352 2237 ex

118 2264 430 2330 Heliconis
449 2316 469 2347 ,
517 2265 885 2329 Lambinus
916 2265 1186 2329 Vollibns
1215 2276 1270 2328 et
1298 2266 1474 2352 cycni
1495 2266 1713 2350 yelidis
1742 2268 1860 2330 orti
1898 2290 1974 2330 ex
2004 2267 2317 2332 Heliconis
2332 2319 2349 2349 ,

120 2360 426 2428 Gifanius
465 2365 740 2428 Vallibus
769 2374 824 2426 et
851 2365 1023 2449 cycni
1046 2387 1194 2427 nece
1235 2365 1375 2427 torti
1404 2387 1480 2427 ex
1509 2362 1818 2428 Heliconis
1839 2413 1855 2443 ,
1901 2364 2123 2428 Faber
2161 2367 2350 2430 Valli-

119 2462 221 2526 bns
249 2473 306 2527 et
339 2464 572 2548 yelidis
602 2462 773 2550 cycni
802 2463 1058 2527 corti‘eoe
1085 2461 1402 2527 Heliconis
1432 2511 1449 2542 ,
1493 2462 1782 2527 Vossius
1816 2463 1903 2528 Et
1932 2464 2149 2529 validis
2178 2466 2351 2552 cycni

118 2563 475 2626 torrentibus
504 2584 584 2624 ex
612 2551 923 2625 Heliconis
938 2607 954 2634 ‚
984 2560 1500 2644 Havercampus
1539 2561 1806 2624 Vallibus
1837 2573 1892 2625 et
1919 2564 2093 2649 cycni
2118 2564 2351 2627 melicis

104 2658 266 2743 forte
308 2684 387 2723 ex
430 2659 754 2724 Heliconis
775 2708 790 2734 ‚
830 2658 1296 2723 Wakefieldus
1338 2659 1427 2724 Et
1462 2661 1611 2724 valli
1654 2662 1857 2747 cycnis
1897 2683 2041 2724 nece
2078 2663 2247 2724 tortis
2276 2686 2352 2725 ex

124 2756 432 2823 Heliconis
464 2757 764 2838 (scilicet
780 2758 1134 2842 primordia
1163 2758 1437 2844 cycnis),
1468 2756 1799 2844 Forbiger
1830 2759 2077 2822 omissa
2101 2758 2351 2824 Gifanii

122 2856 458 2921 mentione
501 2848 696 2939 (‘nos’
732 2855 952 2939 inquit
985 2850 1260 2920 ‘Eichsa
1294 2856 1617 2941 sequuti’)
1663 2865 1948 2941 propter
1979 2856 2352 2945 diphthon-

123 2971 240 3036 gos
269 2955 537 3020 scilicet
554 3000 571 3028 ‚
616 2954 884 3018 Vallibus
911 2966 968 3017 et
994 2955 1232 3041 cycnei,
1261 2978 1407 3019 nece
1437 2956 1608 3018 tortei
1623 3002 1641 3033 ‚
1673 2976 1748 3018 ex
1768 2954 2083 3019 Heliconis
2100 3005 2113 3019 .
2142 2957 2213 3019 in
2239 2957 2352 3021 his

120 3050 278 3115 nihil
302 3054 473 3118 boni
500 3055 680 3117 inest
699 3051 829 3116 nisi
857 3055 1031 3141 cycni
1061 3059 1130 3115 et
1155 3054 1412 3122 vallibus
1426 3102 1446 3132 ,
1477 3073 1650 3137 quae
1682 3051 1769 3115 ad
1793 3075 1935 3116 rem
1964 3056 2349 3119 necessario

123 3151 465 3230 pertinent
501 3202 515 3216 .
559 3151 667 3215 his
707 3151 915 3236 igitur
959 3151 1295 3234 susceptis
1324 3152 1534 3215 verba
1578 3158 1903 3236 corrupta
1930 3152 2026 3215 ita
2067 3153 2351 3238 refinge-

124 3265 260 3310 mus
278 3298 294 3323 ‚
325 3250 414 3314 Et
439 3251 702 3314 vallibus
730 3251 904 3336 cycni
931 3251 1102 3313 tortis
1130 3272 1206 3312 ex
1230 3249 1545 3313 Heliconis
1567 3299 1580 3313 .
1630 3270 1803 3334 quae
1833 3251 2181 3315 vocabulis
2213 3258 2352 3315 tra-

122 3341 307 3410 iectis
338 3347 633 3431 (nullum
665 3348 837 3410 enim
879 3347 949 3411 in
979 3345 1112 3410 hoc
1153 3353 1463 3432 poemate
1494 3347 1904 3416 traiectione,
1927 3348 2351 3434 frequentius

125 3440 389 3529 vitium)
419 3447 521 3510 ita
545 3445 614 3507 in
635 3467 905 3509 versum
929 3443 1365 3510 formabimus
1383 3495 1398 3521 ‚
1432 3446 1519 3512 Et
1540 3469 1575 3510 c
1592 3469 1681 3509 rc
1698 3469 1779 3510 m
1804 3449 1971 3511 tortis
2001 3471 2035 3512 c
2058 3471 2097 3512 o
2113 3472 2156 3512 N
2173 3470 2262 3512 vA
2279 3472 2350 3511 L-

123 3557 160 3596 L
176 3560 250 3600 113
266 3562 308 3603 u
324 3564 358 3605 s
388 3566 466 3607 ex
488 3542 803 3607 Heliconi-3
821 3591 836 3606 .
865 3563 1019 3606 nam
1049 3554 1235 3607 tortas
1257 3544 1556 3607 convalles
1569 3592 1589 3622 ,
1617 3543 1690 3607 id
1721 3552 1826 3608 est
1850 3566 2094 3609 curvas
2120 3553 2188 3608 et
2211 3555 2353 3609 tor-

126 3641 388 3714 tuosae,
438 3662 560 3705 cur
591 3662 823 3706 omnes
852 3640 1364 3725 repudiaverint
1391 3662 1531 3704 non
1561 3639 1762 3704 video
1788 3689 1804 3704 .
1839 3650 2020 3705 certe
2053 3642 2225 3724 digit
2253 3644 2352 3706 ita

129 3729 209 3796 de
237 3734 503 3802 flumine
536 3737 821 3803 Ovidius
866 3740 1038 3804 libro
1087 3760 1170 3802 ex
1198 3739 1424 3802 Ponto
1456 3762 1545 3813 ιν,
1582 3738 1675 3813 10,
1693 3738 1775 3802 48
1805 3750 1861 3803 et
1888 3741 2098 3803 crebro
2125 3742 2351 3804 vortice

128 3838 303 3897 tortus
326 3835 528 3924 Habys
543 3886 561 3917 ,
595 3843 663 3901 et
694 3836 779 3901 de
810 3849 966 3902 torta
989 3837 1276 3922 Apuliae
1305 3860 1419 3901 ora
1439 3837 1755 3900 Lucanus
1777 3859 1839 3910 v,
1859 3837 1981 3903 378
2009 3840 2353 3902 Ausoniam

131 3947 247 4008 qua
273 3943 553 4021 torquens
575 3935 858 4023 fruyifcr
887 3958 1062 3999 oram
1091 3972 1172 3982 —-
1201 3936 1446 4021 Apulus
1472 3933 1833 3998 Hadriacas
1862 3936 1985 3999 exit
2018 3935 2352 4021 Garyanus

130 4023 192 4086 in
216 4032 410 4096 wndas
428 4081 443 4097 .
475 4035 763 4098 convallis
792 4041 1017 4098 autem
1038 4033 1396 4098 Lucretius
1431 4033 1705 4119 scripsit
1732 4032 1801 4097 in
1832 4056 1893 4108 v,
1930 4033 2046 4097 137
2052 4034 2089 4098 5
2109 4083 2123 4108 ‚
2165 4035 2351 4098 valles

131 4139 453 4210 nusquam
485 4180 499 4206 ‚
544 4131 861 4217 idemque
899 4131 1217 4197 Manilius
1260 4139 1535 4196 secutus
1579 4138 1721 4205 est;
1767 4137 2007 4194 contra
2046 4131 2350 4195 Catullus

132 4213 449 4293 Horatius
483 4229 796 4295 Tibullus
829 4229 1114 4294 Ovidius
1159 4229 1435 4293 Gratius
1464 4228 1797 4293 Martialis
1838 4231 2024 4294 valles
2052 4235 2314 4292 tantum
2333 4276 2348 4302 ‚

132 4333 264 4381 non
292 4329 622 4410 convalle35
649 4327 1024 4414 Vergilius,
1069 4328 1387 4391 Lucanus
1405 4375 1420 4402 ‚
1452 4326 1769 4391 Valerius
1797 4326 2081 4390 Flaccus
2099 4324 2350 4400 „Iuve-

136 4415 297 4483 nalis
353 4433 756 4511 utrumque3
817 4434 1129 4491 neutrum
1174 4426 1457 4490 Plautus
1511 4424 1870 4490 Terentius
1918 4423 2351 4514 Propertiu8‚
