2840 5008
1140 383 1253 452 Vr
2174 386 2316 458 233

13 576 42 622 5
73 558 373 642 reliquias
403 558 584 621 vitae
613 557 931 620 membris·
952 576 1036 620 ex
1066 557 1373 621 omnibus
1399 557 1646 620 aufert.
1682 557 1687 562 ’

75 673 305 759 quippe
340 672 590 736 etenim
621 670 831 756 primo
864 671 1054 754 quasi
1084 670 1416 756 quendam
1447 671 1708 735 conciet
1738 674 2027 735 aestum:

72 787 399 874 posterius
430 786 508 848 fit
533 785 663 860 uti,
688 807 834 848 cum
861 784 993 847 iam
1022 785 1324 848 cecidere
1354 786 1595 848 veneni

70 901 126 962 iu
149 900 353 964 fontis
382 901 575 984 ipsos
594 948 609 975 ,
630 899 722 963 ibi
751 899 837 962 sit
866 920 1137 983 quoque
1166 899 1305 962 vita
1332 899 1665 963 vomenda

14 1068 15 1093 ἶ
70 1021 428 1100 propterea
459 1012 645 1098 quod
672 1033 911 1097 magna
939 1012 1092 1075 mali
1120 1011 1194 1074 fit
1224 1013 1417 1097 copia
1447 1014 1721 1077 circum.

13 1124 40 1235 fn
139 1126 244 1190 Fit
272 1147 557 1212 quoque
586 1133 660 1189 ut
685 1127 861 1190 inter
892 1125 1047 1189 dum
1075 1127 1179 1189 vis
1204 1124 1375 1190 haec
1406 1116 1609 1212 atque
1640 1135 1866 1190 aestus
1896 1129 2148 1193 Averni

69 1246 238 1317 aera,
268 1241 386 1326 qui
418 1241 598 1304 inter
626 1241 768 1304 avis
799 1246 1147 1325 cumquest
1177 1247 1556 1325 terramque
1585 1241 1880 1317 locatuS‚
1964 1277 1968 1281 ‡

69 1353 371 1419 discutiat
390 1402 406 1430 ,
430 1376 649 1440 prope
676 1355 774 1417 uti
801 1355 988 1418 locus
1016 1354 1126 1418 hic
1156 1355 1497 1439 linquatur
1522 1354 1766 1418 inanis,

69 1470 234 1532 cuius
262 1469 383 1533 ubi
417 1489 458 1530 e
485 1468 758 1552 regione
787 1469 918 1532 loci
944 1489 1189 1532 venere
1217 1469 1554 1543 volantes,
1650 1515 1658 1520 -

68 1582 386 1647 claudicat
419 1583 759 1667 extemplo
787 1581 1136 1668 pinnarum
1164 1583 1349 1646 nisus
1376 1582 1625 1658 inaniS‚

67 1705 121 1760 et
146 1718 480 1761 conamen
508 1696 842 1780 utrimque
872 1698 1123 1760 alarum
1151 1696 1464 1781 proditur
1493 1719 1712 1761 omne.

66 1810 157 1874 hic
183 1813 297 1877 ubi
324 1811 557 1875 nixari
586 1817 926 1895 nequeunt
953 1811 1391 1896 insistereque
1422 1812 1541 1875 alis
1558 1860 1573 1886 ,

67 1926 295 1990 scilicet
315 1975 330 1999 ‚
352 1927 432 1988 in
463 1931 713 1988 terram
743 1924 962 1990 delabi
988 1925 1291 2011 pondere
1322 1927 1504 2010 cogit

66 2048 285 2104 natura
303 2088 318 2114 ,
345 2047 417 2103 et
450 2060 732 2103 vacuum
760 2061 973 2126 prope
1002 2040 1130 2102 iam
1159 2062 1280 2125 per
1305 2041 1502 2103 inane
1531 2041 1826 2106 iacentes

67 2151 455 2240 dispergunt
484 2153 888 2239 animas-per
920 2153 1143 2216 caulas
1175 2154 1478 2237 corporis
1508 2155 1739 2218 omnis.

1084 2268 1121 2306 aa

65 2404 185 2444 non
210 2382 371 2446 mihi
402 2382 466 2445 si
496 2373 756 2467 linguae
789 2390 1055 2446 centum
1081 2382 1214 2446 sint
1243 2404 1498 2467 oraque
1530 2391 1825 2460 centum,
1895 2385 1900 2389 ’

68 2517 241 2561 aerea
267 2521 444 2578 vox,

1084 2614 1119 2652 ,ιε

1428 2727 1744 2792 mensibu'
1771 2728 1982 2813 frigus

1082 2842 1117 2880 ,ιε

1307 2977 1744 3041 cameraeque
1775 2960 2046 3023 caminis

1081 3070 1120 3108 ,Β
1394 3065 1398 3069 .

705 3204 789 3245 ne
820 3184 1094 3247 oblimet

1084 3300 1119 3337 ²1⁸

62 3409 348 3495 frigidior
377 3432 597 3499 porro
626 3411 695 3473 in
723 3413 943 3497 puteis
974 3413 1229 3478 aestate
1257 3416 1334 3478 fit
1362 3435 1586 3490 umor,

65 3529 325 3591 rarescit
355 3527 525 3613 quia
554 3533 736 3589 terra
766 3527 982 3591 calore
1002 3576 1017 3603 ,
1043 3536 1111 3593 et
1141 3530 1390 3593 semina
1418 3530 1474 3594 si
1507 3551 1678 3614 quae

14 3715 17 3726 J
65 3636 223 3703 forte
252 3641 537 3726 vaporis
568 3640 807 3717 habet,
829 3663 1118 3727 propere
1149 3641 1419 3708 dimittit
1446 3646 1513 3707 in
1545 3664 1771 3707 auraS.

14 3735 17 3822 ἱ
67 3773 184 3835 quo
212 3757 431 3841 magis
464 3762 571 3819 est
598 3755 799 3839 igitur
829 3756 1027 3820 tellus
1059 3757 1253 3822 effeta
1284 3755 1538 3848 calore,

14 3851 15 3862 ἵ
65 3866 129 3930 fit
155 3891 432 3955 quoquc
461 3867 768 3953 frigidior
800 3871 913 3955 qui
940 3871 1008 3933 in
1038 3879 1285 3936 terrast
1313 3872 1580 3938 abditus
1609 3892 1827 3934 umor.

64 3978 291 4066 frigore
323 4005 484 4048 cum
513 3984 839 4067 premitur
865 4007 1071 4071 porro
1105 3987 1316 4050 omnis
1345 3993 1528 4050 terra
1559 3986 1828 4070 coitque

70 4265 153 4310 825
190 4264 301 4315 vita
348 4265 370 4331 ΙΙ
418 4270 512 4315 831
569 4271 842 4333 teramquc
893 4263 913 4332 ΙΙ
960 4269 1056 4316 832
1106 4264 1226 4316 hinc
1270 4265 1523 4334 linquitur
1568 4265 1589 4333 ΙΙ
1642 4272 1738 4318 833
1779 4283 1809 4317 e
1844 4267 1948 4320 bis.
1996 4265 2015 4330 ΙΙ
2066 4270 2164 4316 840
2204 4238 2321 4324 Que

14 4373 15 4376 =
71 4340 302 4413 frigidior
338 4348 360 4416 ΙΙ
400 4352 501 4400 841
543 4346 762 4401 Arescit
797 4348 818 4415 ΙΙ
855 4348 985 4401 semi
1023 4349 1202 4418 siqua.
1232 4349 1253 4417 ΙΙ
1293 4354 1390 4399 842
1428 4349 1648 4418 proprie
