2840 5008
498 420 631 487 192
1586 422 1653 488 V

489 603 559 657 et
588 615 737 657 cum
767 593 1016 658 deserti
1044 595 1422 658 baubantur
1451 596 1521 659 in
1549 595 1827 661 aedibus
1848 646 1862 672 ,
1886 607 2001 662 aut
2031 621 2179 663 eum

486 709 815 796 plorantis
844 708 1106 793 fugiunt
1135 710 1483 774 summisso
1515 733 1801 796 corpore
1829 714 2095 799 plagaS.

488 824 776 909 denique
803 845 942 886 non
970 824 1266 888 hinnitus
1296 825 1455 888 item
1486 824 1752 890 differre
1780 827 2077 904 videtur,

484 941 659 1004 inter
688 960 894 1024 equas
925 937 1038 1002 ubi
1069 961 1282 1024 equus
1310 939 1576 1005 florenti
1605 949 1825 1006 aetate
1852 944 2169 1007 iuvencus

325 1073 451 1120 1075
484 1055 809 1141 pinnigeri
841 1054 1055 1118 saevit
1085 1055 1454 1119 calcaribus
1482 1056 1657 1120 ictus
1687 1058 1961 1132 amoriS‚

486 1181 554 1236 et
579 1169 912 1235 fremitum
942 1170 1185 1254 patulis
1213 1170 1326 1235 ubi
1354 1172 1627 1235 naribus
1660 1171 1799 1235 edit
1827 1171 1916 1236 ad
1943 1193 2155 1246 arma,

488 1296 556 1349 et
586 1307 733 1348 cum
767 1286 863 1348 sic
893 1285 1053 1348 alias
1087 1286 1432 1349 concussis
1462 1286 1713 1349 artibus
1743 1286 2006 1350 hinnit?

484 1408 827 1487 postremo
858 1420 1068 1485 genus
1098 1400 1370 1463 alituum
1398 1401 1756 1485 variaeque
1785 1401 2124 1475 volucres,

486 1515 840 1602 accipitres
869 1523 1071 1600 atque
1101 1513 1466 1600 ossifragae
1495 1516 1834 1601 mergique
1871 1516 2139 1580 marinis

324 1648 453 1695 1080
482 1630 794 1694 fluctibus
821 1630 891 1692 in
921 1630 1098 1693 salso
1129 1630 1378 1693 vietum
1407 1630 1745 1714 vitamque
1773 1638 2112 1715 petentes,
2141 1672 2169 1692 .

483 1747 682 1830 longe
712 1745 873 1808 alias
904 1746 1031 1809 alio
1060 1746 1311 1810 iaciunt
1339 1746 1404 1808 in
1440 1753 1739 1831 tempore
1769 1766 2002 1820 voceS‚

484 1868 552 1924 et
583 1881 784 1945 quom
815 1859 898 1923 de
930 1861 1112 1924 victu
1143 1868 1405 1924 certant
1435 1859 1858 1945 praedaeque
1888 1869 2292 1946 repugnant:

464 1985 550 2039 ·et
576 1975 818 2061 partim
846 1983 1105 2039 mutant
1134 1997 1280 2038 cum
1313 1976 1823 2060 tempestatibus
1852 1995 1987 2039 una

480 2091 871 2155 raucisonos
903 2098 1138 2153 cantus
1156 2138 1170 2164 ‚
1195 2090 1535 2153 cornicum
1562 2099 1640 2153 ut
1669 2091 1889 2154 saecla
1916 2100 2183 2155 vetusta

319 2221 445 2268 1085
477 2226 964 2290 corvorumque
993 2226 1233 2290 greges
1263 2206 1378 2269 ubi
1408 2226 1650 2290 aquam
1683 2205 1994 2269 dicuntur
2025 2214 2092 2268 et
2119 2206 2348 2269 imbris

478 2341 760 2408 poscere
792 2331 859 2383 et
887 2320 1059 2384 inter
1090 2318 1248 2382 dum
1277 2326 1520 2383 ventos
1550 2341 1881 2406 aurasque
1910 2341 2182 2390 vocare.

480 2458 640 2524 ergo
671 2437 727 2498 si
755 2435 918 2498 varii
949 2455 1188 2497 sensus
1219 2433 1521 2498 animalia
1551 2445 1832 2521 cogunt,

475 2562 659 2616 muta
685 2560 907 2631 tamen
938 2572 1086 2614 cum
1116 2551 1282 2626 sint,
1304 2550 1524 2622 varias
1556 2552 1856 2614 emittere
1885 2572 2117 2625 voeeS‚

476 2675 729 2754 quanto
761 2666 1060 2730 mortalis
1089 2666 1296 2751 magis
1327 2675 1624 2729 aecumst
1652 2675 1790 2729 tum
1821 2668 2119 2751 potuisse

311 2799 438 2846 1090
471 2782 799 2846 dissimilis
829 2782 957 2845 alia
986 2791 1187 2866 atque
1218 2781 1346 2844 alia
1372 2802 1483 2844 res
1513 2802 1679 2844 voce
1710 2783 1975 2844 notare!

559 2896 769 2983 [Illud
796 2897 864 2959 in
893 2896 996 2959 his
1026 2898 1227 2960 rebus
1259 2897 1503 2961 tacitus
1531 2917 1616 2958 ne
1645 2897 1820 2960 forte
1849 2897 2181 2981 requiraS‚

472 3014 718 3077 fulmen
751 3010 990 3075 detulit
1016 3012 1083 3074 in
1113 3021 1359 3075 terram
1388 3012 1780 3076 mortalibus
1810 3013 2028 3099 ignem

475 3129 776 3215 primitus
797 3176 811 3202 ‚
833 3125 993 3190 inde
1024 3126 1234 3190 omnis
1263 3126 1670 3190 flammarum
1703 3127 1957 3192 diditur
1987 3125 2229 3190 ardor:

470 3243 680 3307 multa
705 3241 1007 3306 videmus
1039 3242 1209 3305 enim
1234 3242 1638 3306 caelestibus
1667 3242 1854 3307 inlita
1880 3243 2154 3306 flammis

311 3375 437 3422 1095
469 3357 722 3442 fulgere
741 3405 756 3431 ‚
780 3378 926 3420 cum
960 3356 1123 3420 caeli
1154 3355 1433 3420 donavit
1459 3347 1661 3443 plaga
1689 3379 1976 3443 vapore.

472 3483 541 3538 et
568 3493 835 3536 ramosa
863 3479 1084 3535 tamen
1115 3493 1263 3534 cum
1292 3472 1509 3561 ventis
1540 3472 1732 3558 pulsa
1760 3473 2078 3537 vacillans

470 3596 734 3653 aestuat
760 3588 828 3651 in
856 3608 1080 3650 ramos
1109 3586 1499 3651 incumbens
1531 3589 1787 3652 arboris
1819 3589 2051 3661 arbor,

470 3704 856 3790 exprimitur
885 3701 1124 3766 validis
1156 3704 1437 3766 extritus
1466 3703 1718 3768 viribus
1747 3703 1916 3789 ignis

473 3829 541 3883 et
569 3820 767 3883 micat
793 3819 967 3883 inter
999 3818 1153 3882 dum
1183 3817 1468 3882 flammai
1495 3817 1796 3883 fervidus
1826 3818 2060 3894 ardor,
2334 3900 2339 3905 θ
2631 3827 2657 3849 ’

307 3951 434 3998 1100
463 3941 695 3997 mutua
724 3932 882 3996 dum
908 3934 1082 3997 inter
1113 3954 1184 3997 se
1214 3935 1378 4020 rami
1408 3934 1786 4018 stirpesque
1817 3943 2154 4000 teruntur.

475 4257 601 4304 1071
634 4249 933 4304 desertibus
959 4252 1218 4303 aubantur
1258 4250 1277 4315 ΙΙ
1317 4256 1447 4302 1072
1476 4249 1746 4304 Florantis
1785 4252 1804 4320 ΙΙ
1837 4258 1964 4304 1076
1993 4252 2091 4303 sub
2120 4249 2139 4319 ΙΙ
2173 4250 2298 4302 1082
2325 4252 2702 4324 praedataque
2730 4257 2746 4323 ΙΙ

478 4340 601 4387 1084
642 4342 695 4386 et
733 4334 752 4405 ΙΙ
796 4339 919 4385 1085
959 4334 1138 4404 gregis
1177 4333 1197 4402 ΙΙ
1239 4339 1365 4385 1087
1406 4333 1567 4385 variis
1605 4335 1625 4403 ΙΙ
1670 4341 1796 4387 1088
1835 4335 2009 4387 Multa
2047 4335 2066 4406 ss
2120 4338 2247 4386 1090
2285 4349 2346 4384 re
2401 4333 2421 4402 ΙΙ
2487 4342 2626 4388 1094
2669 4338 2744 4389 in-

470 4418 571 4469 sita
609 4419 628 4487 ΙΙ
672 4422 796 4470 1095
839 4418 1073 4486 vaporis,
1117 4416 1135 4485 ΙΙ
1177 4420 1305 4468 1096
1347 4415 1424 4467 Ut
1461 4416 1479 4485 ΙΙ
1523 4423 1650 4469 1097
1691 4420 1899 4472 Aestua
1936 4418 1955 4489 ΙΙ
1994 4417 2199 4471 ardoris
2240 4416 2259 4487 Η
2300 4422 2431 4469 1099
2473 4418 2692 4473 Emicat
