2840 5008
1173 422 1269 489 111
1471 510 1478 517 .
2192 423 2323 490 193
2364 503 2366 505 .

120 601 328 665 risium
360 621 420 684 p.
449 598 599 672 114,
639 598 796 661 item
826 598 894 659 in
923 596 1217 660 Hercule
1254 595 1410 660 1095
1444 594 1706 660 Senec‘zi
1728 643 1744 671 ‚
1788 607 2072 681 quattuor
2102 597 2330 662 littera

118 724 155 762 u
175 705 285 762 aut
307 696 783 783 praetermissa
807 703 925 759 aut
946 695 1013 758 in
1040 702 1525 759 consonantem
1550 694 1798 758 durata
1822 743 1833 756 .
1859 716 2079 778 neque
2103 700 2329 760 tamen

118 796 240 860 ullo
267 795 472 859 modo
505 792 826 858 credibile
858 800 964 856 est
995 790 1461 856 Germanicum
1495 790 1852 856 Caesarem
1881 793 1952 856 in
1979 794 2194 857 Arato
2227 794 2328 858 di-

117 897 281 958 xisse
319 893 589 958 Graecia
605 914 1023 977 praecurram
1038 892 1248 975 potius
1277 913 1465 977 quam
1493 891 1805 975 triauyula
1845 891 2047 954 dicam
2079 938 2097 969 ‚
2141 890 2328 974 quod

121 993 171 1056 ei
200 978 545 1076 adfingunt
576 989 847 1053 codices
871 988 1200 1052 Prisciani
1228 1011 1291 1072 p.
1313 988 1506 1067 1358:
1538 989 1957 1052 verissimum
1984 987 2187 1051 fuerit
2216 1012 2329 1052 eur

117 1092 278 1153 divite
318 1091 530 1173 linqua
567 1088 812 1181 Graeca
829 1111 1066 1172 parum
1109 1111 1314 1151 eurem
1336 1136 1353 1167 ,
1373 1090 1700 1174 potiusque
1742 1090 2052 1173 trianyula
2094 1089 2296 1152 dicam
2311 1136 2325 1150 .

118 1186 397 1273 Sulpicia
427 1206 699 1271 quoque
726 1185 1074 1272 indignum
1116 1195 1221 1249 est
1263 1185 1451 1271 quod
1491 1186 1738 1271 legitur
1778 1187 1850 1249 in
1891 1187 2103 1249 satira
2149 1187 2327 1261 eiuS‚

117 1286 241 1350 Nec
264 1287 529 1349 trimetro
556 1285 757 1349 iambo
785 1309 895 1349 nee
925 1287 1031 1372 qui
1047 1286 1208 1370 pede
1219 1285 1472 1372 fractus
1499 1287 1705 1350 eodem
1736 1311 1760 1367 ;
1805 1306 1980 1369 quae
2021 1285 2184 1349 mihi
2213 1285 2325 1349 'vi-

119 1383 299 1447 detur
329 1382 683 1468 scripsisse
713 1384 851 1447 Nec
879 1384 1148 1447 trimetro
1180 1431 1198 1462 ‚
1242 1407 1352 1447 uec
1381 1385 1489 1469 qui
1500 1383 1752 1470 fractus
1768 1385 1929 1468 pede
1958 1385 2195 1447 'iambus
2225 1408 2324 1448 eo·

117 1483 237 1544 dem
263 1480 527 1545 Fortiter
554 1482 744 1544 irasci
772 1482 985 1545 didicit
1011 1482 1165 1545 duce
1202 1482 1586 1546 Clazomenio
1619 1529 1632 1543 .
1678 1483 1989 1546 scaenica
2016 1483 2289 1546 licentia
2309 1530 2324 1556 ‚

119 1600 227 1663 per
255 1578 750 1664 diphthongum
772 1590 787 1652 '‚
818 1579 947 1642 nisi
969 1578 1170 1643 fallor
1191 1629 1207 1659 ,
1232 1580 1528 1644 Lucilius
1561 1579 1744 1666 apud
1766 1579 2060 1644 Nonium
2084 1606 2145 1668 p.
2171 1581 2265 1657 19,
2290 1583 2320 1645 1

117 1676 183 1739 In
209 1689 366 1742 terra
377 1678 514 1766 suit
542 1677 849 1764 lucificqus
875 1726 893 1757 ‚
938 1685 1005 1740 et
1033 1701 1096 1763 p.
1116 1677 1216 1753 26,
1235 1678 1272 1741 5
1312 1680 1684 1762 Conperuem
1731 1690 1839 1742 aut
1862 1702 2079 1742 varam
2090 1678 2292 1765 juisse
2308 1729 2326 1760 ‚

116 1774 275 1839 idem
302 1777 485 1861 apud
519 1775 911 1840 Ciceronem
940 1775 1026 1839 de
1057 1776 1300 1840 finibus
1331 1800 1373 1851 1,
1393 1777 1434 1840 9
1464 1777 1747 1840 Maluisci
1784 1777 1909 1841 dici
1952 1785 2019 1841 et
2061 1778 2141 1841 Id
2165 1780 2332 1864 quod

115 1875 387 1938 maluisti.
406 1874 514 1937 his
544 1873 749 1959 paulo
772 1872 1159 1938 laudatiora
1178 1882 1336 1938 sunt
1360 1895 1534 1959 quae
1557 1876 1626 1937 in
1647 1898 1709 1937 m
1730 1875 2024 1938 litteram
2050 1885 2325 1940 exeunt:

116 1993 313 2057 neque
345 1994 423 2037 ea
452 1971 546 2037 ad
575 1973 707 2036 hoc
735 1993 950 2059 genus
980 1974 1325 2058 pertinent
1360 2019 1375 2046 ‚
1422 1973 1479 2035 si
1509 1994 1744 2036 verum
1775 1979 1881 2036 est
1912 1973 2096 2057 quod
2129 1973 2220 2037 ad
2249 1975 2325 2037 li-

117 2071 291 2133 brum
318 2095 386 2145 11,
406 2072 528 2136 991
566 2070 704 2134 dixi
733 2118 748 2145 ‚
780 2072 848 2133 in
875 2071 985 2133 his
1018 2091 1167 2134 esse
1198 2070 1528 2156 syllabam
1556 2076 1802 2132 natura
1830 2069 2098 2155 longam
2139 2120 2152 2133 .
2196 2073 2324 2134 ita·

119 2189 232 2252 que
261 2171 461 2233 avium
493 2169 756 2233 duabus
789 2168 1008 2253 longis
1041 2168 1320 2255 syllabis
1350 2167 1611 2231 Ennius
1644 2167 1815 2231 dixit
1844 2215 1861 2242 ,
1890 2170 2117 2231 Avium
2132 2192 2325 2253 prae-

107 2268 323 2351 petibus
344 2317 360 2347 ‚
392 2267 579 2353 apud
606 2266 1002 2332 Ciceronem
1026 2266 1110 2330 de
1139 2265 1553 2329 divinatione
1585 2289 1626 2341 1,
1652 2264 1769 2330 108
1790 2317 1803 2343 ,
1835 2266 1996 2330 item
2022 2265 2325 2331 Catullus

119 2365 396 2429 similiter
427 2368 778 2431 Camerium
805 2366 956 2429 mihi
971 2367 1274 2450 pessimae
1292 2367 1544 2450 puellae
1559 2416 1575 2444 ,
1603 2373 1670 2428 et
1691 2364 2020 2428 Horatius
2059 2350 2174 2428 Vos
2195 2350 2325 2429 lime

118 2465 411 2539 consilium
440 2476 498 2529 et
527 2465 684 2529 datis
712 2475 771 2528 et
796 2463 935 2527 dato
968 2513 984 2543 ‚
1033 2463 1201 2528 Hinc
1246 2486 1419 2527 omne
1450 2464 1831 2549 principium
1858 2462 1977 2526 hue
2003 2461 2167 2549 refer
2197 2465 2325 2527 exi-

116 2571 226 2626 tum
252 2613 265 2626 .
292 2565 362 2628 in
387 2565 499 2627 his
529 2565 555 2626 i
582 2564 876 2626 litteram
906 2562 1348 2647 pinguescere
1380 2562 1813 2645 perspicuum
1844 2569 1949 2625 est
1973 2611 1986 2624 .
2018 2582 2228 2645 quare
2256 2563 2328 2627 in

120 2657 378 2726 Graecis
405 2662 612 2726 huius
642 2660 827 2725 modi
856 2660 1026 2723 nihil
1055 2660 1476 2724 admittitur:
1505 2663 1661 2723 nam
1691 2661 2087 2724 Pharsaliam
2117 2671 2332 2725 coeunt

119 2757 360 2825 Catullo
389 2760 704 2846 imperite
733 2780 872 2822 non
899 2758 1065 2822 nulli
1098 2757 1646 2842 adscripserunt:
1684 2758 1807 2822 sed
1835 2759 1905 2822 in
1934 2758 2195 2823 Latinis
2227 2784 2325 2824 eo-

115 2858 345 2922 uubium
384 2858 745 2924 Lucretius
788 2879 851 2931 v,
875 2857 1033 2921 1013
1083 2866 1151 2920 et
1184 2855 1486 2921 Catullus
1518 2857 1617 2933 62,
1637 2858 1716 2921 57
1748 2857 2068 2921 dixe-runt
2108 2861 2326 2924 tribus

117 2954 372 3039 syllabis
395 3006 411 3036 ‚
437 2955 729 3022 Ovidius
760 2966 816 3019 et
841 2957 1020 3041 spissi
1048 2956 1242 3019 litoris
1262 2957 1519 3019 Antium
1546 2956 2189 3040 metamorphoseon
2219 2981 2328 3030 xv,

115 3052 225 3117 718
252 3102 267 3129 ‚
293 3054 632 3120 Iuvenalis
664 3054 875 3117 satira
904 3075 996 3127 vi,
1015 3052 1096 3117 82
1128 3054 1408 3117 comitata
1439 3065 1523 3117 est
1552 3054 1765 3139 Eppia
1795 3056 2029 3119 ludium
2064 3083 2100 3129 ‚·
2128 3056 2327 3119 Luci-

114 3149 227 3215 lius
268 3154 417 3217 Iude
460 3153 945 3218 Dicaearchium
976 3154 1242 3237 populos
1285 3153 1629 3240 Delumque
1670 3154 1967 3216 minorem
2013 3203 2026 3216 .
2082 3153 2217 3217 hoc
2258 3155 2330 3217 in

115 3247 290 3314 Pauli
310 3252 660 3316 codicibus
683 3273 746 3335 p.
775 3249 889 3314 122
915 3251 1237 3335 scriptum
1257 3258 1362 3313 est
1380 3251 1822 3315 dioiarclzieum
1838 3277 1859 3314 .·
1875 3273 2103 3315 veram
2126 3272 2327 3338 gene-

113 3346 223 3411 tivi
248 3348 532 3414 formam
562 3350 971 3414 confirmabo
1005 3349 1094 3413 ad
1116 3349 1361 3413 librum
1383 3372 1445 3423 v,
1463 3349 1544 3412 85
1570 3398 1584 3412 .
1618 3351 1998 3415 Dicarcheos
2023 3351 2185 3415 Silio
2212 3364 2331 3415 aut

117 3442 319 3511 Statio
343 3449 612 3535 placere
634 3450 862 3532 potuit
880 3496 894 3525 ‚
918 3470 1058 3511 non
1077 3447 1372 3511 Lucilio:
1397 3449 1891 3512 Dicaeareheum
1908 3498 1925 3529 ,
1951 3449 2136 3535 quod
2154 3450 2329 3513 Miil-

116 3542 280 3610 lerus
306 3546 504 3623 fecit,
527 3547 839 3611 Latinum
869 3568 1018 3611 esse
1047 3566 1221 3632 nego
1245 3596 1262 3626 ,
1293 3546 1514 3631 neque
1545 3549 1724 3611 deum
1753 3547 2292 3633 monosyllabum
2312 3596 2327 3622 ‚

116 3644 290 3725 quod
314 3644 427 3710 ille
458 3667 499 3709 a
529 3668 601 3710 se
634 3645 1025 3730 saepissime
1056 3646 1494 3709 observatum
1525 3645 1762 3709 scribit
1805 3693 1820 3720 ‚
1865 3652 2060 3708 extra
2087 3666 2328 3708 versus

118 3744 447 3807 scaenicos
481 3744 835 3829 quisquam
867 3743 1042 3807 dixit
1071 3792 1085 3806 .
1130 3750 1509 3830 posuerunt
1553 3752 1779 3806 tamen
1822 3743 2083 3806 balteum
2126 3750 2193 3806 et
2238 3741 2330 3806 al-

117 3858 274 3902 veum
312 3862 436 3925 per
481 3841 955 3927 diphthongon
998 3841 1332 3928 disyllaba
1373 3841 1784 3926 epitomator
1810 3840 2065 3918 iliados
2109 3840 2229 3905 632
2264 3850 2332 3906 et

119 3932 361 4002 Statius
392 3939 788 4005 Thebaidos
817 3963 879 4014 v,
905 3941 931 4003 1
967 3988 982 4015 ‚
1020 3940 1144 4003 sed
1175 3941 1301 4004 soli
1335 3943 1361 4016 ,’
1393 3962 1616 4025 neque
1644 3940 1742 4003 ita
1774 3938 2130 4025 quisquam
2172 3941 2330 4004 The·

117 4054 271 4096 seum
297 4044 414 4101 aut
449 4037 758 4123 Orpheum
799 4038 970 4102 dixit
1012 4086 1030 4117 ‚
1075 4039 1143 4100 in
1176 4039 1420 4123 quibus
1452 4063 1484 4103 e
1512 4038 1767 4102 vocalis
1801 4036 2064 4102 Graeca
2106 4039 2329 4102 cum'u
2444 4098 2454 4106 ,

118 4128 351 4220 Latina
373 4155 509 4198 non
543 4136 679 4200 coit
698 4184 711 4199 .

271 4231 408 4296 919.
451 4255 874 4310 vaMQuE
932 4256 1342 4310 anoumnr
1398 4282 1413 4296 .
1484 4232 1698 4296 Recte
1741 4232 2124 4319 Naugerius
2185 4253 2327 4292 RE-

123 4347 429 4400 Qu1u1r.
836 4347 839 4354 ·

273 4427 410 4491 922.
440 4428 605 4493 Nnc
639 4439 2330 4495 nl-:smEmuMNosTmNosAD1G1TULLUM.

1858 4525 1931 4586 13
