2840 5008
455 403 597 472 206
1515 404 1613 472 ΙΠ

624 576 800 642 1032.
843 576 957 641 Er
989 600 1459 643 con-ramma:
1501 600 1742 656 notus
1787 601 2228 645 msam-Ans
2249 630 2265 645 .
2318 583 2679 646 Corrector

453 676 770 761 quadrati
798 684 868 740 et
898 676 1105 740 ceteri
1135 698 1215 740 m
1236 699 1600 741 suni-Ans
1621 725 1634 739 .

623 775 799 839 1033.
843 796 1315 838 Momnunno
1350 796 1716 838 conpone
1749 798 2009 839 ruorr.
2040 777 2376 841 Marullus
2409 800 2678 841 Fumr.

624 872 801 937 1034.
847 873 1335 947 SCIPIADAS‚
1363 896 1600 936 annm
1632 896 1980 937 FULMEN.
2029 873 2480 940 Correctores
2514 876 2679 938 anti-

432 972 752 1057 quissimi
811 978 878 1035 et
928 971 1340 1035 recentiores
1390 970 1725 1046 universi,
1767 972 1925 1035 item
1967 972 2362 1038 Macrobius
2410 973 2681 1037 Saturn.

452 1092 541 1147 v1‚
570 1071 598 1134 1
625 1118 642 1144 ‚
686 1064 1038 1155 Scipiades.
1084 1090 1247 1133 sane
1290 1069 1467 1133 hanc
1511 1070 1682 1134 recti
1725 1075 1921 1133 casus
1963 1069 2247 1134 formam
2290 1071 2681 1136 Priscianus

453 1169 691 1232 statuit
719 1191 783 1253 p.
807 1166 964 1244 7293
994 1173 1179 1231 recte
1203 1166 1506 1252 quidem:
1538 1168 1663 1231 sed
1685 1189 1767 1232 ea
1790 1168 1902 1253 qui
1924 1190 2085 1232 usus
2109 1169 2200 1232 sit
2226 1169 2488 1233 nullum
2518 1175 2682 1254 poe-

453 1274 590 1330 tam
627 1266 785 1329 novi
809 1313 823 1329 .
870 1272 938 1327 et
977 1265 1047 1327 in
1080 1265 1414 1329 vocabulo
1459 1264 1645 1350 quod
1676 1265 1974 1338 ,Ennium
2015 1267 2303 1352 primum
2338 1268 2681 1330 invenisse

450 1364 802 1451 probabile
854 1371 959 1427 est
988 1410 1004 1437 ‚
1054 1364 1198 1427 iure
1244 1363 1477 1447 quaeri
1517 1370 1750 1448 potest
1794 1385 2147 1448 quamnam
2190 1365 2301 1429 ille
2345 1363 2682 1428 Graecam

449 1463 730 1527 formam
761 1461 1135 1547 eligendam
1161 1463 1544 1546 putaverit3
1581 1483 1984 1547 quamquam
2017 1463 2302 1526 eundem
2329 1463 2529 1526 hiatu
2561 1463 2680 1526 ad-

449 1562 656 1626 misso
684 1608 699 1635 ‚
743 1560 930 1623 cuius
973 1580 1239 1622 causam
1284 1559 1373 1622 ad
1403 1561 1636 1624 librum
1668 1583 1755 1632 vi,
1774 1560 1895 1623 743
1928 1581 2261 1645 exponam
2281 1607 2299 1635 ‚
2339 1561 2560 1645 Scipio
2586 1563 2682 1624 in-

447 1661 595 1723 victe
635 1657 983 1741 scripsisse
1016 1656 1253 1741 Cicero
1293 1665 1588 1722 testatur
1626 1657 1695 1720 in
1726 1654 2018 1721 Oratore
2052 1658 2168 1722 152
2192 1707 2208 1719 .
2252 1658 2444 1743 quod
2473 1660 2568 1722 ab
2601 1680 2683 1723 eo

447 1759 516 1821 in
550 1756 945 1841 prohoemio
977 1755 1311 1819 annalium
1338 1756 1634 1841 positum
1661 1754 1869 1819 fuisse
1898 1756 2237 1840 suspicor,
2267 1757 2472 1841 paulo
2520 1769 2681 1820 ante

445 1855 578 1918 hos
605 1875 848 1918 versus
866 1902 883 1928 ‚
915 1855 1029 1940 qui
1059 1854 1245 1939 apud
1272 1853 1683 1917 Trebellium
1708 1852 2080 1917 Pollionem
2119 1854 2187 1916 in
2220 1853 2505 1918 Claudio
2540 1876 2681 1917 non

448 1954 616 2018 satis
656 1953 1010 2017 emendate
1050 1953 1282 2037 scripti
1325 1959 1560 2016 extant
1582 2000 1597 2028 ‚
1649 1952 1851 2031 Quam
1894 1963 2122 2016 tantam
2159 1964 2423 2016 statuam
2462 1965 2686 2016 statuet

432 2054 704 2139 populus
733 2053 1051 2116 Romanus
1072 2100 1087 2127 ‚
1130 2051 1398 2130 Quamve
1429 2052 1773 2114 columnam
1795 2099 1812 2129 ,
1852 2073 2009 2136 quae
2037 2062 2091 2114 te
2117 2075 2216 2115 res
2238 2063 2561 2137 qestasque
2590 2052 2679 2115 lo-

445 2148 716 2238 quatur?
759 2149 1083 2213 Lucilium
1127 2157 1310 2214 certe
1342 2150 1670 2235 Scipiadas
1712 2159 1880 2212 casu·
1903 2157 2091 2214 recto
2124 2149 2373 2214 dixisse
2403 2150 2678 2214 invenio

445 2252 515 2313 in
556 2249 664 2313 his
703 2249 1049 2322 versibuS‚
1096 2248 1210 2333 qui
1255 2247 1440 2333 apud
1478 2247 1751 2311 Festum
1793 2247 2107 2333 leguntur
2149 2270 2213 2333 p.
2242 2248 2384 2319 294,
2408 2247 2488 2310 27
2535 2257 2679 2311 tam

446 2347 647 2412 foede
678 2346 981 2430 corrupti
1009 2355 1087 2410 ut
1117 2345 1202 2409 de
1231 2345 1454 2409 verbis
1488 2344 1984 2429 desperandum
2013 2346 2134 2409 sit:
2169 2346 2580 2409 sententiam
2609 2355 2680 2409 et

448 2447 775 2512 orationis
796 2444 1081 2510 formam
1106 2445 1264 2509 mihi
1295 2453 1482 2509 recte
1514 2445 1767 2509 eruisse
1789 2445 2027 2510 videor
2046 2492 2060 2508 .
2109 2445 2409 2511 Corneliu'
2431 2445 2677 2511 Publiu'

442 2555 642 2610 noster
663 2546 1023 2630 Scipiadas,
1054 2546 1216 2609 dicta
1237 2544 1465 2630 Apulu’
1495 2545 1641 2608 dum
1669 2568 1856 2631 usque
1883 2547 2183 2631 intorquet
2206 2546 2272 2607 in
2298 2545 2500 2629 ipsum
2519 2593 2535 2618 ‚
2576 2546 2680 2610 Oti

443 2668 485 2706 a
527 2645 758 2706 deliciis
778 2692 795 2722 ‚
837 2644 1001 2707 Isuci
1018 2692 1035 2722 ,
1077 2644 1245 2732 effeto
1287 2655 1466 2730 atque
1508 2643 1761 2706 cinaedo
1802 2654 1857 2706 et
1884 2642 2181 2707 Sectatori
2220 2643 2371 2706 adeo
2407 2644 2540 2727 ipse
2574 2654 2677 2706 tuo

442 2765 601 2827 quae
627 2743 834 2805 rectiu'
863 2740 1429 2829 dica3,1batforte
1458 2743 1701 2806 domum
1723 2767 1743 2803 .·
1784 2743 2092 2828 sequimur
2117 2742 2293 2804 multi
2322 2751 2503 2826 atque
2527 2740 2672 2827 sai-e-

442 2850 721 2925 quentes.
767 2838 854 2900 de
896 2791 1103 2950 Apula
1141 2840 1210 2902 in
1249 2840 1356 2903 his
1385 2840 1695 2903 versibus
1735 2839 1902 2901 nihil
1943 2836 2240 2902 affirmo:
2283 2837 2455 2901 sed
2438 2859 2506 2899 m
2540 2838 2673 2901 alio

440 2935 678 2999 Lucilii
707 2957 946 3010 versu,
995 2937 1107 3020 qui
1148 2946 1253 3001 est
1294 2937 1480 3022 apud
1508 2938 1924 3024 Priscianum
1953 2959 2020 3021 p.
2043 2934 2203 3012 902,
2246 2935 2384 2999 hoc
2426 2958 2677 3000 nomen

441 3034 694 3100 librarii
717 3034 984 3120 penitus
1011 3035 1404 3099 oblitterare
1427 3057 1565 3098 non
1590 3043 1995 3120 potuerunt,
2026 3036 2201 3126 Num
2228 3045 2393 3098 vetus
2417 3019 2523 3099 ille
2556 3036 2674 3100 Ca-

441 3134 578 3197 toni'
620 3134 920 3196 lacessisse
961 3133 1204 3218 Apulus
1246 3134 1409 3197 iram
1450 3134 1720 3198 Consciu'
1760 3157 1881 3196 non
1925 3145 2058 3197 erat
2093 3135 2220 3219 ipse
2257 3134 2403 3196 sibi.
2389 3132 2419 3181 αἱ
2477 3135 2676 3219 Apuli

441 3236 600 3293 sunt
638 3230 796 3294 huic
835 3253 961 3315 pro
1003 3232 1401 3316 importunis
1450 3253 1528 3295 ac
1569 3232 2068 3316 petulantibuS‚
2107 3240 2184 3295 ut
2213 3231 2504 3295 Horatio
2538 3253 2674 3317 pro

441 3327 738 3411 simplice
769 3329 1084 3409 Sabellus,
1131 3351 1282 3395 cum
1327 3331 1492 3394 dicit
1529 3332 1728 3395 renuit
1753 3332 2089 3417 neyitatque
2118 3329 2402 3395 Sabellus
2418 3377 2434 3393 .
2467 3350 2674 3394 versu

438 3426 746 3510 proximo
775 3426 1070 3491 Lucretii
1101 3450 1186 3491 an
1213 3428 1414 3492 Ennii
1442 3429 1699 3492 Marius
1720 3428 2107 3492 Victorinus
2136 3428 2351 3490 utitur
2380 3450 2443 3512 p.
2469 3426 2674 3501 2499,

437 3526 566 3602 ita,
597 3550 672 3590 ac
701 3526 1124 3611 (Parisiensis
1152 3528 1323 3591 liber
1354 3528 1417 3612 a)
1430 3528 1651 3614 famul
1673 3529 1917 3617 infimus
1946 3517 2105 3590 essel.

608 3623 785 3690 1037.
847 3648 1174 3701 Quonam
1225 3648 1431 3689 Unus
1483 3647 1858 3689 nonanus
1904 3615 2298 3692 Somnum
2331 3644 2675 3686 pomus.

436 3723 639 3807 Apud
666 3724 960 3788 Nonium
986 3746 1050 3808 p.
1075 3724 1217 3799 481,
1234 3723 1314 3787 27
1340 3724 1640 3810 Eseeptra
1658 3724 1921 3809 potitur.
1953 3746 1991 3784 P
2008 3745 2046 3785 o
2063 3743 2301 3784 ‘merus
2329 3722 2679 3785 Antonius

437 3819 634 3882 Marii
680 3829 747 3883 et
785 3821 1154 3886 Brixiensis
1199 3822 1404 3886 editio
1432 3871 1446 3886 .
1490 3821 1676 3906 quod
1714 3821 1918 3906 paulo
1958 3827 2119 3905 post
2159 3819 2468 3904 sequitur
2508 3818 2675 3883 1041

438 3917 663 4001 Sponte
691 3916 804 3981 sua
833 3920 944 3983 leto
973 3919 1370 3985 Lactantius
1400 3920 1609 3985 habet
1636 3920 1703 3981 in
1736 3943 1811 3982 111
1843 3919 2339 3982 institutionum
2377 3918 2471 3993 18,
2490 3918 2530 3980 6
2552 3967 2568 3979 .

558 4053 561 4056 -
611 4014 1014 4081 1042.11›sn
1064 4041 1464 4085 Ericunus
1511 4042 1735 4082 OBIIT
1783 4039 2148 4082 nnounso
2194 4039 2507 4081 nummi:
2539 4038 2677 4079 VI-

436 4135 620 4177 TAE.
675 4114 1011 4180 Antonius
1039 4117 1239 4181 Marii
1271 4125 1339 4181 et
1367 4117 1695 4181 Marullus
1726 4118 1878 4196 obit,
1911 4115 2096 4201 quod
2127 4115 2335 4179 ceteri
2366 4115 2511 4178 sine
2543 4113 2679 4177 du-

431 4213 762 4277 bitatione
795 4223 1205 4299 acceperunt
1225 4266 1243 4296 ‚
1290 4238 1413 4302 ego
1445 4216 1498 4279 si
1530 4216 1772 4279 falsum
1804 4237 1952 4279 esse
1984 4214 2217 4277 dixero
2242 4260 2257 4287 ,
2298 4234 2437 4277 non
2468 4211 2681 4275 facile

431 4311 761 4373 inveniam
804 4314 917 4396 qui
959 4312 1116 4375 mihi
1163 4314 1434 4377 credat:
1477 4314 1649 4377 adeo
1684 4313 2096 4399 grammatici
2124 4312 2343 4375 nostri
2378 4333 2458 4373 ea
2491 4330 2679 4394 quac

435 4407 650 4488 quivis
691 4429 861 4490 puer
899 4410 1238 4474 Romanus
1281 4411 1539 4474 sciebat
1580 4412 1983 4495 neglegunt,
2029 4432 2152 4473 nos
2196 4416 2422 4473 autem
2466 4427 2676 4471 senes
