2840 5008
1192 365 1256 429 V
2217 363 2353 431 169

108 554 171 607 at
195 564 406 627 neque
427 590 443 615 ‚
465 541 566 604 uti
599 540 800 604 docui
819 588 834 614 ,
856 537 1074 602 solido
1106 542 1257 602 eu'm
1288 558 1575 623 corpore
1605 536 1834 601 mundi

46 679 68 722 5
104 665 427 732 naturast,
452 656 769 741 quoniam
800 653 1234 717 admixtumst
1258 653 1326 715 in
1354 653 1558 716 rebus
1587 654 1808 727 inane,

109 794 221 836 nec
248 780 470 835 tamen
503 779 608 834 est
636 781 714 833 ut
742 770 935 832 inane
957 818 971 845 ‚
994 790 1213 853 neque
1243 775 1462 832 autem
1494 789 1782 852 corpora
1811 766 2082 843 desunt,

110 910 184 951 ex
209 886 461 950 infinito
498 906 670 969 quae
700 883 965 969 possint
992 882 1168 945 forte
1201 890 1437 946 coorta

108 1020 405 1065 corruere
434 1000 612 1062 hanc
640 1019 861 1061 rerum
893 996 1187 1061 violento
1218 997 1484 1060 turbine
1516 1018 1832 1060 summam

108 1124 210 1179 aut
237 1116 426 1178 aliam
458 1114 762 1198 quamvis
792 1111 1047 1175 cladem
1076 1111 1420 1195 inportare
1451 1112 1706 1196 pendi,

53 1248 74 1292 ο
110 1251 221 1292 nec
249 1251 453 1315 porro
484 1236 729 1292 natura
755 1227 886 1290 loci
916 1226 1336 1310 spatiumque
1364 1225 1684 1311 profundi

110 1343 315 1407 deficit
332 1392 347 1420 ‚
371 1343 689 1428 exspargi
719 1363 853 1426 quo
883 1340 1148 1426 possint
1176 1341 1436 1404 moenia
1462 1339 1722 1412 mundi,

111 1468 215 1522 aut
241 1459 363 1522 alia
393 1457 632 1542 quavis
662 1464 949 1542 possunt
976 1456 1042 1518 vi
1073 1456 1266 1540 pulsa
1296 1455 1544 1539 perire.

112 1572 264 1634 haut
289 1571 492 1657 igitur
522 1570 637 1633 leti
668 1571 1019 1655 praeclusa
1049 1577 1153 1632 est
1179 1570 1377 1632 ianua
1405 1570 1591 1634 caelo

112 1707 224 1749 nec
253 1685 373 1749 soli
402 1693 760 1769 terraeque
790 1704 1009 1768 neque
1038 1684 1190 1747 altis
1220 1683 1533 1768 aequoris
1562 1684 1787 1761 undis,

14 1881 21 1890 Ι
58 1818 77 1861 5
112 1799 221 1863 sed
247 1807 436 1885 patet
462 1799 727 1862 immani
759 1807 827 1862 et
855 1809 1046 1863 vasto
1077 1806 1419 1883 respectat
1447 1798 1633 1863 hiatu
1652 1849 1665 1863 .

14 1897 19 1942 ᾗ
117 1936 305 1998 quare
338 1914 531 1977 etiam
561 1914 790 1978 nativa
827 1921 1241 1977 necessumst
1270 1912 1632 1977 confiteare

115 2028 265 2092 haec
295 2027 562 2092 eadem:
584 2050 804 2114 neque
837 2028 1007 2091 enim
1026 2077 1040 2103 ‚
1064 2027 1324 2091 mortali
1359 2050 1645 2113 corpore
1677 2051 1847 2114 quae
1879 2039 2064 2107 sunt,

120 2165 191 2206 ex
214 2144 464 2208 infinito
494 2143 624 2206 iam
653 2150 956 2227 tempore
986 2141 1209 2205 adhue
1236 2142 1618 2228 potuissent

117 2259 371 2321 inmensi
397 2256 658 2321 validas
689 2257 834 2320 aevi
863 2263 1286 2320 contemnere
1314 2258 1521 2321 vireS.

16 2383 83 2476 με)
188 2372 484 2458 Denique
512 2380 868 2459 tantopere
896 2372 1070 2445 inter
1099 2392 1171 2434 se
1204 2393 1349 2435 cum
1379 2373 1663 2436 maxima
1690 2374 1921 2438 mundi

16 2483 21 2565 ῗ
121 2495 397 2574 pugnent
423 2487 720 2552 membra
739 2536 753 2560 ‚
775 2487 886 2572 pio
919 2507 1341 2572 nequaquam
1372 2490 1637 2553 concita
1662 2489 1889 2565 bello„

18 2588 29 2677 l
121 2624 320 2666 nonne
349 2602 539 2666 vides
570 2603 857 2689 aliquam
887 2601 1069 2687 longi
1099 2603 1474 2666 certaminis
1504 2603 1651 2667 ollis

122 2740 304 2802 posse
335 2717 479 2781 dari
507 2718 703 2781 finem
723 2766 737 2791 ‚
761 2716 871 2780 vel
900 2738 1049 2779 cum
1078 2716 1180 2780 sol
1211 2726 1280 2781 et
1305 2739 1521 2803 vapor
1551 2719 1761 2782 omnis

18 2788 46 3002 L
125 2833 402 2896 omnibus
435 2832 653 2917 epotis
682 2832 1026 2895 umoribus
1058 2832 1567 2916 exsuperarint?

47 2958 88 3004 85
127 2946 291 3029 quod
316 2946 537 3011 facere
567 2944 929 3010 intendunt
948 2995 962 3021 ‚
983 2966 1202 3030 neque
1232 2945 1456 3010 adhuc
1488 2954 1730 3013 conata
1757 2956 2143 3033 patrantur:

125 3066 357 3124 tantum
388 3060 826 3149 suppeditant
855 3082 1082 3124 amnes
1110 3061 1422 3145 ultraque
1450 3063 1786 3127 minantur

127 3176 319 3238 omnia
348 3174 672 3239 diluviare
702 3197 785 3239 ex
815 3176 951 3239 alto
982 3175 1242 3260 gurgite
1273 3177 1493 3261 ponti,

127 3310 199 3352 ne
225 3291 533 3375 quiquam
552 3338 567 3364 ‚
593 3289 906 3375 quoniam
936 3297 1284 3354 verrentes
1316 3312 1613 3375 aequora
1639 3293 1822 3357 venti

134 3402 500 3469 deminuunt
526 3404 869 3491 radiisque
900 3412 1212 3468 retexens
1243 3406 1583 3469 aetherius
1614 3407 1751 3483 sol,

52 3530 93 3578 90
127 3526 183 3582 et
207 3520 450 3584 siccare
480 3520 669 3605 prius
700 3518 1045 3583 confidunt
1074 3520 1294 3583 omnia
1323 3542 1525 3604 posse

129 3653 304 3717 quam
332 3636 556 3721 liquor
585 3635 833 3721 incepti
861 3634 1080 3720 possit
1109 3634 1496 3720 contingere
1523 3636 1749 3700 finem.

128 3755 358 3819 tantum
387 3750 724 3837 spirantes
755 3770 971 3834 aequo
1006 3748 1361 3813 certamine
1390 3750 1634 3815 bellum

127 3866 357 3950 magnis
385 3866 564 3929 inter
597 3886 669 3927 se
699 3863 785 3927 de
813 3865 1015 3928 rebus
1047 3883 1320 3927 cernere
1353 3874 1642 3939 certant,

131 3998 256 4042 cum
283 3980 485 4044 semel
514 3979 772 4044 interea
799 3979 1002 4044 fuerit
1032 3980 1458 4065 superantior
1485 3981 1658 4067 ignis

135 4262 213 4311 367
248 4271 489 4332 coperta.
564 4262 583 4330 11
659 4268 756 4313 375
799 4279 825 4313 c
897 4262 916 4330 ΙΙ
989 4268 1086 4313 377
1133 4262 1371 4314 mortalis
1445 4262 1464 4332 ΙΙ
1540 4269 1636 4315 382
1687 4262 1816 4315 olis,
1889 4264 1907 4332 Η
1982 4269 2077 4315 393
2128 4264 2262 4315 inter
2312 4278 2372 4313 se

18 4338 27 4471 ,
134 4349 327 4398 omissa.
