2840 5008
406 414 499 480 16
1526 413 1556 478 I

410 606 556 649 esse
584 585 652 648 in
683 585 884 648 rebus
913 585 1109 651 inane
1141 592 1363 647 tamen
1391 584 1645 648 fateare
1674 595 2049 651 necessest.

263 719 361 764 400
405 699 744 782 multaque
774 706 1127 785 praeterea
1158 699 1278 763 tibi
1307 721 1586 783 possum
1616 701 2194 765 commemorando

265 807 269 811 ’
404 821 793 900 argumenta
818 813 1018 877 fidem
1050 812 1247 877 dictis
1279 813 1651 879 conradere
1679 816 1959 879 nostris.
2048 889 2052 893 ,

404 950 634 992 verum
665 930 879 992 animo
912 929 1074 992 satis
1103 928 1273 991 haec
1303 930 1587 1014 vestigia
1614 951 1824 1014 parva
1852 932 2076 1013 sagaci

408 1053 596 1118 sunt,
615 1065 738 1129 per
769 1063 939 1127 quae
968 1043 1190 1127 possis
1221 1064 1631 1129 cognoscere
1662 1050 1886 1107 cetera
1913 1051 2084 1108 tute:

405 1179 690 1243 namque
723 1179 921 1221 canes
950 1165 1027 1221 ut
1053 1158 1473 1243 montivagae
1503 1179 1827 1243 persaepe
1854 1158 2019 1221 ferai

263 1291 359 1336 405
404 1273 676 1337 naribus
704 1273 1052 1336 inveniunt
1077 1272 1362 1336 intectas
1390 1271 1634 1336 fronde
1666 1273 1953 1358 quietem

409 1410 556 1451 cum
587 1387 788 1451 semel
816 1387 1202 1451 institerunt
1228 1387 1513 1471 vestigia
1542 1394 1726 1451 certa
1751 1388 1914 1461 viai,

408 1503 503 1565 sic
533 1500 669 1564 alid
699 1522 782 1563 ex
810 1501 938 1564 alio
968 1523 1091 1586 per
1119 1509 1187 1565 te
1215 1508 1357 1564 tute
1384 1501 1533 1586 ipse
1559 1500 1790 1564 videre

407 1616 651 1679 talibus
678 1614 747 1676 in
775 1614 977 1678 rebus
1005 1617 1261 1701 poteris
1291 1636 1662 1699 caecasque
1691 1615 1984 1679 latebras

406 1730 742 1793 insinuare
773 1730 984 1793 omnis
1015 1737 1082 1792 et
1112 1752 1340 1794 verum
1372 1729 1983 1816 protrahereinde.

264 1862 361 1907 410
409 1843 595 1930 quod
625 1844 678 1909 si
708 1844 992 1929 pigraris
1022 1845 1377 1931 paulumve
1404 1846 1766 1909 recesseris
1796 1846 1880 1908 ab
1910 1866 2013 1920 re,

406 1959 539 2023 hoc
566 1958 686 2023 tibi
718 1957 802 2021 de
830 1959 1032 2043 plano
1062 1980 1338 2043 possum
1366 1961 1757 2045 promittere
1774 2009 1791 2035 ‚
1813 1959 2110 2053 Memmi:

405 2096 621 2158 usque
652 2072 824 2137 adeo
852 2073 1079 2159 largos
1107 2073 1391 2138 haustus
1425 2097 1460 2137 e
1489 2074 1766 2139 fontibu’
1790 2074 2046 2158 magnis

408 2189 634 2275 lingua
662 2209 810 2252 meo
843 2188 1065 2252 suavis
1101 2188 1220 2252 diti
1253 2188 1339 2252 de
1368 2196 1644 2275 pectore
1672 2188 1942 2263 fundet,

405 2311 482 2367 ut
511 2325 746 2397 uerear
776 2326 860 2367 ne
890 2301 1087 2367 tarda
1116 2304 1300 2388 prius
1329 2326 1453 2389 per
1480 2305 1773 2369 membra
1803 2312 2115 2367 senectus

261 2418 360 2481 '415
408 2425 639 2504 serpat
669 2426 737 2483 et
763 2419 832 2482 in
860 2417 1055 2482 nobis
1085 2417 1241 2481 vitai
1273 2419 1564 2483 claustra
1591 2418 1923 2494 resolvat,

410 2555 608 2619 quam
636 2535 755 2599 tibi
786 2534 870 2598 de
905 2533 1139 2619 quavis
1166 2554 1301 2596 una
1329 2555 1402 2597 re
1432 2534 1736 2598 versibus
1767 2534 1979 2597 omnis

408 2657 948 2735 argumentorum
979 2648 1064 2713 sit
1094 2649 1289 2734 copia
1316 2650 1519 2713 missa
1546 2669 1668 2734 per
1697 2648 1902 2713 auris.
1974 2694 1978 2697 >

493 2763 632 2826 Sed
660 2785 842 2826 nunc
870 2771 946 2827 ut
974 2739 1277 2848 repetam
1307 2773 1618 2849 coeptum
1648 2771 2002 2850 pertexere
2033 2762 2229 2827 dictis
2247 2811 2260 2836 ,

411 2877 623 2940 omnis
644 2926 658 2952 ,
681 2885 757 2940 ut
786 2884 890 2939 est
907 2923 922 2950 ,
943 2877 1294 2962 igiturlper
1325 2898 1397 2939 se
1414 2886 1669 2944 natura
1698 2877 1958 2941 duabus

264 3007 362 3054 420
408 2991 705 3056 constitit
732 2990 801 3054 in
829 2990 1065 3052 rebus:
1091 3009 1246 3052 nam
1276 3010 1564 3071 corpora
1594 2997 1787 3063 sunt,
1812 2998 1880 3052 et
1906 2990 2128 3060 inane,

408 3105 578 3170 haec
605 3105 674 3169 in
706 3125 838 3190 quo
872 3103 1000 3168 sita
1028 3109 1187 3166 sunt
1218 3109 1284 3166 et
1314 3123 1449 3187 qua
1479 3102 1745 3166 diversa
1772 3109 2154 3165 moventur.

412 3241 659 3306 corpus
681 3219 860 3281 enim
888 3239 1010 3303 per
1040 3238 1114 3281 se
1144 3216 1509 3281 communis
1540 3215 1812 3281 dedicat
1841 3236 1987 3279 esse

414 3354 690 3411 sensus3
716 3334 821 3396 cui
849 3333 975 3396 nisi
1003 3332 1216 3416 prima
1242 3331 1410 3396 fides
1440 3330 1722 3396 fundata
1747 3332 2023 3405 valebit,

410 3447 576 3511 haut
606 3448 730 3512 erit
759 3447 1037 3511 occultis
1069 3446 1153 3510 de
1185 3447 1383 3510 rebus
1416 3468 1550 3531 quo
1580 3447 1951 3522 referentes

269 3579 367 3626 425
416 3563 805 3630 confirmare
836 3562 1038 3625 animi
1062 3562 1415 3647 quicquam
1445 3563 1704 3627 ratione
1736 3583 2083 3647 queamus.

232 3720 248 3746 .
414 3687 555 3742 tum
585 3699 793 3764 porro
823 3678 1013 3743 locus
1043 3698 1122 3740 ac
1151 3678 1435 3761 spatium
1455 3727 1471 3754 ‚
1495 3676 1681 3762 quod
1706 3677 1903 3740 inane
1932 3697 2249 3740 vocamus
2269 3725 2283 3750 ‚

260 3785 267 3791 ’
415 3792 470 3854 si
501 3792 750 3855 nullum
777 3791 953 3856 foret
971 3841 985 3867 ‚
1007 3791 1174 3856 haut
1200 3814 1486 3878 usquam
1515 3793 1645 3857 sita
1675 3812 1961 3876 corpora
1987 3799 2270 3877 possent

418 3927 567 3970 esse
596 3926 816 3990 neque
848 3908 1114 3971 omnino
1146 3929 1484 3993 quoquam
1515 3907 1781 3972 diversa
1807 3927 2057 3982 meare3

415 4020 488 4083 id
519 4019 703 4105 quod
732 4021 862 4083 iam
891 4042 1136 4105 supera
1164 4023 1280 4086 tibi
1312 4024 1512 4109 paulo
1545 4021 1955 4086 ostendimus
1987 4027 2173 4084 ante.

275 4152 373 4198 430
418 4144 768 4221 praeterea
793 4136 886 4198 nil
917 4143 1022 4199 est
1053 4135 1237 4219 quod
1269 4138 1491 4221 possis
1524 4135 1745 4198 dicere
1776 4136 1858 4199 ab
1891 4135 2065 4198 omni

426 4387 523 4433 404
561 4381 762 4433 ferare.
800 4383 819 4449 ΙΙ
858 4388 951 4432 411
993 4388 1156 4449 ptano
1194 4379 1214 4446 ΙΙ
1256 4387 1352 4431 412
1393 4398 1638 4451 magnes.
1675 4381 1695 4448 ΙΙ
1735 4387 1832 4432 414
1872 4396 2025 4431 ure-ar
