2840 5008
464 346 555 412 24
1567 343 1598 410 Ι

465 528 532 582 et
561 530 774 601 tumst5
802 518 866 580 in
895 540 973 591 u,
992 516 1115 580 468
1144 540 1385 580 necessu
1403 566 1420 597 ,
1447 518 1632 581 cuius
1661 518 1968 582 vocabuli
1999 527 2262 604 partem
2290 520 2549 605 perisse
2581 545 2703 610 ap-

462 624 658 699 paret
695 665 708 678 .
749 614 867 679 sed
909 616 1022 678 ubi
1063 613 1365 679 additum
1412 623 1517 678 est
1544 639 1668 678 esse
1701 664 1716 691 ‚
1756 621 1984 702 potest
2029 618 2243 682 omitti
2268 618 2541 682 ‘finitum
2582 625 2699 684 estss

466 738 519 788 1,
538 713 658 776 627
705 713 826 776 Illa
869 737 1109 817 quoque
1151 739 1275 778 esse
1317 715 1425 778 tibi
1450 716 1647 778 solida
1678 727 1856 802 atque
1886 727 2130 781 aeterna
2157 718 2528 804 fatendum
2574 720 2712 789 963,

465 823 637 875 extra
678 813 975 874 suminam
1018 815 1308 897 quoniam
1349 814 1443 876 nil
1477 837 1597 876 esse
1623 813 1987 899 fatendum.
2012 838 2095 890 11,
2114 816 2195 879 39
2225 818 2433 880 animo
2461 841 2700 904 quoque

463 911 555 974 nil
578 912 867 996 prodesse
902 912 1242 995 putandum
1282 960 1295 973 .
1351 934 1458 985 111,
1478 911 1599 974 543
1645 912 1974 976 Mortalem
2017 924 2217 977 tamen
2259 938 2381 977 esse
2425 916 2698 979 animam

447 1010 697 1096 fateare
724 1031 1222 1094 necesse.qua1n
1255 1011 1341 1073 ob
1372 1031 1511 1072 rem
1545 1011 1738 1074 etiam
1769 1011 1836 1073 in
1869 1034 1977 1086 111,
1997 1011 2118 1074 796
2148 1010 2498 1075 ferendum
2531 1023 2694 1099 puto

463 1119 624 1171 tanto
663 1110 862 1193 ma9is
903 1108 1289 1197 infitiandum
1344 1111 1555 1172 Tot-am
1587 1132 1820 1194 posse:
1881 1130 2034 1172 nam
2064 1133 2243 1195 posse
2287 1118 2393 1174 est
2424 1123 2696 1203 potesse,-

467 1228 865 1291 quamquam
896 1206 1221 1270 Prisciani
1253 1206 1521 1271 codices
1552 1207 1807 1273 habent
1834 1209 2219 1297 infitiandum
2250 1218 2365 1271 est.

638 1305 770 1368 117.
826 1304 880 1366 Ε
900 1328 1148 1369 NNlus
1206 1328 1300 1369 UT
1362 1327 1567 1369 Nos'r
1586 1329 1680 1368 ER
1738 1328 2067 1369 camum:
2107 1353 2124 1380 ‚
2178 1308 2311 1380 Qul
2370 1328 2698 1370 munus.

467 1402 854 1482 Quadratus
887 1410 955 1466 et
985 1403 1277 1466 schedae
1307 1415 1374 1467 ut
1387 1405 1636 1490 primus
1666 1413 1734 1467 et
1762 1406 1871 1490 qai
1896 1414 2142 1468 noster.
2195 1425 2436 1467 versus
2466 1403 2699 1477 Ennii,

475 1506 607 1565 Ova
635 1504 857 1586 parire
889 1504 1038 1566 solet
1072 1500 1248 1585 qenu'
1282 1503 1501 1587 pennis
1504 1502 2054 1581 ⁹,cmidecoratum
2095 1502 2278 1565 Non
2285 1503 2611 1580 animam,
2650 1514 2703 1564 et

455 1610 598 1683 post
624 1601 763 1662 inde
803 1602 961 1662 zenit
999 1601 1266 1663 divinitu’
1283 1601 1482 1685 pallis
1513 1600 1662 1683 Ipsa
1692 1602 1946 1679 anima,
1982 1597 2165 1684 apud
2195 1599 2575 1662 Varronem
2616 1599 2699 1662 de

469 1697 692 1795 lingua
722 1696 961 1760 Latina
989 1719 1032 1760 v
1052 1719 1115 1781 p.
1136 1698 1250 1760 64.

642 1793 1015 1860 120.Ers1
1081 1818 1567 1859 PRAETEREA
1632 1818 1903 1859 ΤΑΜΕΝ
1976 1818 2162 1859 ΕεεΕ
2232 1816 2700 1858 ACHERU81A

467 1916 796 1977 [IEMPLA
822 1893 1136 1958 ENmus
1171 1916 1970 1958 AETERN1sssxroN1T
1996 1914 2391 1957 vssnslnus
2415 1915 2699 1966 EDENS,

471 1991 648 2070 Quo
695 2014 956 2067 NEQUE
1005 2015 1555 2056 PERMANEANT
1604 1994 1970 2055 ΑΝῙΜΑΕ.
2011 1992 2365 2055 Praetereat
2408 1989 2697 2076 quadra-

469 2100 578 2153 tus
599 2139 613 2165 ‚
639 2090 930 2154 schedae
962 2141 977 2166 ‚
1014 2100 1356 2155 corrector
1388 2089 1661 2174 oblongi
1691 2139 1704 2152 .
1743 2088 1987 2152 deinde
2019 2090 2196 2152 edens
2224 2098 2492 2165 omnes}
2520 2088 2697 2172 quod

469 2186 690 2252 tamen
732 2188 984 2252 nullum
1026 2189 1297 2274 pondus
1341 2187 1535 2252 addit
1579 2188 1950 2252 sententiae
1985 2211 1999 2250 ε
2049 2185 2171 2250 sed
2214 2186 2484 2250 vinculo
2519 2202 2700 2271 'opus

426 2316 435 2327 ’
473 2295 576 2351 est
601 2336 616 2361 ‚
658 2309 790 2371 quo
825 2289 1184 2373 iungantur
1212 2288 1381 2350 haec
1412 2308 1561 2349 cum
1591 2286 2051 2372 superioribus
2079 2334 2094 2359 ‚
2128 2285 2372 2355 Ennius
2411 2296 2484 2348 ut
2506 2297 2701 2349 noster

473 2387 687 2448 cecinit
910 2411 932 2464 ,-
963 2386 1102 2449 Etsi
1117 2396 1444 2469 praeterea
1476 2396 1673 2447 tamen
1892 2385 2133 2449 Ennius
2171 2385 2432 2447 aeternis
2455 2385 2704 2469 ‘exponit

470 2478 734 2547 uersibus
763 2504 898 2544 11)ss
916 2480 961 2543 ’Μ
994 2530 1006 2542 .
1045 2479 1577 2566 hocpronomen
1621 2484 1813 2547 eidem
1843 2483 2163 2569 scriptum
2196 2489 2300 2545 est
2327 2481 2397 2544 in
2427 2480 2699 2546 Floren-

472 2576 612 2644 tino
661 2578 894 2642 codice
942 2578 1268 2642 Varronis
1311 2579 1396 2642 de
1438 2580 1661 2663 lingua
1702 2580 1945 2644 Latina
1984 2603 2031 2643 x
2063 2602 2127 2664 p.
2150 2578 2391 2655 550‚2‚
2437 2581 2599 2644 item
2633 2580 2698 2666 in

475 2677 860 2741 Florentino
918 2675 1371 2761 epistularum'
1400 2675 1740 2740 Ciceronis
1795 2702 1953 2754 xm,
1979 2680 2044 2753 1,
2064 2678 2103 2741 3
2128 2726 2143 2749 ‚
2185 2678 2252 2739 in
2309 2676 2697 2746 Florentino

477 2775 907 2861 epistularum
939 2775 1026 2839 ad
1055 2776 1347 2839 Atticum
1391 2797 1443 2848 1,
1469 2775 1571 2848 11,
1598 2774 1627 2835 1
1664 2782 1731 2836 et
1764 2776 1912 2850 14‚1
1947 2777 1983 2839 5
2010 2825 2025 2852 ‚
2061 2797 2337 2859 eamque
2368 2776 2700 2864 scribendi

476 2871 800 2937 rationem
830 2874 1140 2936 Cornelio
1164 2873 1415 2959 Nepoti
1439 2892 1654 2957 nuper
1678 2870 2047 2937 vindicavit
2076 2873 2143 2937 C.
2161 2872 2617 2959 Nipperdeius
2637 2875 2700 2937 in
2776 2937 2784 2942 .

481 2972 836 3058 Spicilegio
877 2994 937 3055 p.
957 2972 1038 3033 49
1074 3021 1086 3033 .
1125 2993 1208 3033 ex
1231 2972 1364 3033 hoc
1397 2992 1521 3033 usu
1559 2976 1757 3033 natus
1798 2979 1987 3032 error
2013 2991 2144 3054 quo
2167 2972 2233 3033 in
2255 2971 2403 3057 lege
2429 2972 2516 3035 de
2539 2972 2698 3035 Ter—

476 3071 768 3134 mesibus
811 3069 992 3132 facta
1035 3068 1204 3143 2,20
1262 3069 1432 3131 haec
1490 3074 1646 3131 sunt
1677 3115 1692 3141 ‚
1735 3068 1979 3130 eaedem
2030 3069 2186 3152 leqes
2229 3071 2538 3156 eidemque
2578 3072 2703 3134 icus

480 3172 807 3255 eademque
849 3167 1208 3232 consuetudo
1231 3216 1244 3228 .
1275 3173 1620 3251 postremo
1675 3165 1809 3245 Quo
1850 3188 2041 3251 neque
2072 3180 2479 3251 permanea-nt
2502 3189 2700 3230 mem-

479 3270 730 3329 branae
761 3313 776 3340 ,
813 3265 1146 3328 Antonius
1176 3264 1402 3338 Marii,
1430 3262 1793 3326 Brixiensis
1827 3262 2030 3326 editio
2057 3286 2076 3326 :·
2099 3277 2464 3347 permanent
2486 3264 2698 3328 Vero-

479 3365 705 3427 nensis
737 3386 883 3427 cum
915 3362 1181 3426 Veneta
1202 3410 1216 3437 ‚
1248 3363 1573 3425 Marullus
1603 3410 1619 3436 ‚
1653 3362 1983 3444 Avantius
2019 3411 2031 3423 .
2073 3361 2203 3424 hoc
2232 3362 2435 3445 igitur
2467 3383 2701 3426 vereor

480 3485 564 3527 ne
597 3484 756 3526 casu
786 3471 1011 3525 natum
1045 3462 1132 3524 sit
1161 3469 1227 3524 et
1257 3459 1546 3547 quadam
1579 3459 1944 3544 elegantiae
1963 3460 2191 3542 'specie
2213 3459 2572 3522 Marullum
2602 3481 2702 3523 ce-

483 3574 800 3647 terosque
844 3560 1184 3624 induxerit
1223 3610 1237 3622 .
1299 3567 1366 3623 et
1409 3559 1572 3623 satis
1617 3566 1802 3622 recte
1838 3581 2205 3643 permanere
2243 3558 2350 3621 illo
2396 3555 2705 3621 dicuntur

484 3663 737 3725 animae
767 3711 782 3737 ,
817 3667 894 3722 ut
941 3659 1023 3723 de
1067 3660 1283 3722 animo
1318 3656 1601 3720 Ovidius
1639 3658 1708 3737 in
1738 3657 1898 3719 artis
1930 3679 2016 3731 11,
2042 3654 2158 3718 120
2190 3654 2373 3747 Solios
2403 3656 2490 3718 ad
2515 3667 2702 3720 extre-

481 3784 608 3823 mos
640 3772 957 3843 permanet
993 3761 1094 3823 ille
1133 3780 1354 3842 ooqos.
1396 3756 1461 3817 in
1505 3754 1775 3818 decreto
1808 3753 2359 3838 Tergestinorum
2392 3775 2478 3827 11,
2497 3752 2581 3815 26
2624 3754 2706 3816 uti

485 3858 568 3919 ad
594 3868 865 3939 posteros
891 3868 1120 3920 nostros
1148 3867 1273 3918 tam
1299 3856 1571 3918 voluntas
1601 3854 1958 3938 amplissimi
1984 3854 2102 3915 viri
2131 3874 2316 3936 quam
2342 3850 2530 3937 faeta
2562 3874 2706 3963 per-

484 3965 814 4015 maneant.
855 3954 1086 4015 Cicero
1133 3952 1217 4014 de
1262 3961 1501 4014 natura
1533 3946 1809 4014 deorum
1842 3949 2033 4024 1,105
2064 3950 2322 4033 speeiem
2350 3949 2451 4012 dei
2467 3951 2706 4035 percipi

487 4051 838 4136 eoyitatione
874 4099 892 4127 ,
934 4073 1055 4127 non
1093 4072 1317 4127 sensu,
1358 4074 1467 4113 nec
1503 4075 1623 4113 esse
1653 4052 1717 4111 in
1748 4074 1820 4112 ea
1848 4050 2041 4112 ullam
2067 4047 2425 4109 soliditatem
2459 4094 2477 4125 ,
2522 4071 2705 4133 neque

477 4172 623 4215 ,eam
653 4145 1080 4209 adnumerum
1109 4168 1479 4229 permanere
1518 4197 1531 4209 .
1577 4148 1732 4211 item
1775 4147 1842 4208 in
1873 4169 1953 4220 11,
1971 4145 2052 4209 85
2068 4145 2487 4229 perdiuturna
2517 4194 2535 4225 ,
2563 4169 2705 4230 per·

485 4270 734 4310 manens
764 4245 849 4308 ad
876 4245 1220 4328 lonyincam
1250 4255 1306 4306 et
1330 4245 1686 4309 immensum
1701 4269 1907 4332 paene
1935 4256 2164 4329 tempus
2187 4294 2200 4307 .
2231 4242 2457 4308 Varro
2489 4266 2705 4307 rerum

489 4345 882 4409 rusticarum
928 4341 1083 4416 11‚4‚
1103 4341 1142 4405 8
1186 4343 1374 4404 verris
1418 4356 1545 4407 octo
1574 4366 1845 4408 mensam
1872 4343 2085 4427 incipit
2108 4343 2326 4420 salire,
2353 4347 2703 4426 permanet,
