2840 5008
1182 340 1753 499 V1‘'q
2217 398 2355 464 211

105 564 168 629 id
194 566 347 628 licet
377 564 535 628 hinc
567 562 766 626 etiam
798 581 1205 645 cognoscere
1225 612 1239 625 .
1271 561 1553 626 caedere
1583 563 1637 626 si
1670 586 1866 649 quem

107 680 365 766 ancipiti
395 677 632 743 videas
660 676 840 740 ferro
872 676 1109 766 procul
1136 677 1394 741 arboris
1427 690 1722 753 auctum,

106 805 246 859 ante
273 795 352 858 fit
381 802 460 858 ut
489 813 728 857 cernas
756 791 958 855 ictum
989 811 1186 875 quam
1219 791 1417 876 plaga
1445 814 1567 877 per
1597 795 1776 858 auris

25 928 68 973 70
104 911 208 974 det
235 909 567 973 sonitum:
592 907 688 970 sic
715 905 1039 991 fulgorem
1071 902 1339 991 quoque
1371 890 1702 973 cernimus
1733 920 1889 974 ante

106 1047 290 1110 quam
318 1024 647 1088 tonitrum
677 1021 1035 1107 accipimus
1052 1068 1068 1094 ‚
1091 1022 1341 1106 pariter
1372 1023 1488 1106 qui
1514 1023 1796 1088 mittitur
1823 1027 1957 1111 igni

106 1161 136 1201 e
161 1139 348 1202 simili
380 1159 587 1202 causa
607 1185 623 1213 ‚
647 1144 1206 1201 concursunatus
1239 1135 1504 1203 eodem.

175 1254 326 1318 Hoc
360 1254 560 1317 etiam
589 1259 791 1337 pacto
821 1251 1077 1315 volucri
1103 1252 1256 1315 loca
1283 1252 1528 1315 lumine
1557 1252 1821 1337 tingunt

101 1369 300 1432 nubes
334 1376 407 1433 et
436 1366 720 1432 tremulo
752 1374 1116 1451 tempestas
1145 1367 1390 1452 impete
1418 1366 1640 1453 fulgit.
1722 1396 1736 1428 .·

26 1497 68 1544 75
104 1492 331 1548 ventus
361 1483 482 1547 ubi
507 1482 756 1546 invasit
783 1481 1029 1545 nubem
1060 1490 1130 1545 et
1155 1491 1466 1546 versatus
1495 1481 1743 1547 ibidem

105 1595 251 1661 fecit
275 1604 356 1660 ut
385 1604 544 1660 ante
575 1616 809 1660 cavam
839 1594 1038 1660 docui
1066 1597 1477 1682 spissescere
1507 1598 1779 1673 nubem,

108 1712 463 1777 mobilitate
494 1733 617 1775 sua
644 1710 990 1786 fervescit3
1014 1718 1091 1775 ut
1120 1712 1341 1775 omnia
1367 1720 1554 1776 motu

112 1827 547 1910 percalefacta
574 1824 767 1891 vides
797 1824 1152 1889 ardescere
1172 1875 1187 1901 ‚
1210 1827 1523 1911 plumbea
1549 1848 1712 1890 vero

110 1940 284 2024 glans
317 1944 519 2008 etiam
548 1942 750 2026 longo
783 1962 985 2005 cursu
1012 1940 1349 2005 volvenda
1378 1943 1680 2005 calescit.

25 2068 78 2115 180
114 2076 257 2141 ergo
286 2028 591 2122 ferxfidus
619 2055 730 2118 hic
748 2055 999 2119 'nubem
1032 2077 1177 2119 cum
1209 2056 1533 2141 perscidit
1561 2063 1800 2132 atram,

117 2168 382 2258 dissipat
413 2170 676 2235 ardoris
707 2170 899 2255 quasi
928 2190 1048 2254 per
1077 2171 1209 2234 vim
1240 2192 1559 2256 expressa
1587 2179 1892 2258 repente.

116 2287 346 2351 semina
367 2337 383 2362 ‚
409 2308 581 2372 quae
608 2286 862 2352 faciunt
889 2286 1208 2350 nictantia
1234 2285 1501 2372 fulgura
1527 2285 1860 2350 flammae:

117 2400 255 2465 inde
283 2425 493 2467 sonus
525 2401 828 2487 sequitur
846 2448 862 2476 ‚
888 2401 1001 2486 qui
1031 2400 1303 2487 tardius¹
1320 2400 1548 2465 adficit
1577 2402 1755 2465 auris

120 2537 296 2599 quam
327 2540 505 2605 quae
535 2517 933 2603 perveniunt
960 2517 1305 2589 oculorum
1335 2517 1423 2588 ad
1450 2518 1698 2582 lumina
1726 2526 1986 2583 nostra.

27 2639 84 2687 185
120 2632 353 2698 scilicet
371 2683 386 2709 ‚
409 2633 543 2696 hoc
575 2631 804 2695 densis
833 2631 907 2695 fit
933 2632 1220 2696 nubibus
1252 2641 1318 2696 et
1347 2633 1541 2697 simul
1570 2634 1702 2697 alte

121 2749 428 2813 extructis
459 2748 601 2811 aliis
631 2747 791 2811 alias
823 2767 1025 2832 super
1053 2747 1298 2831 impete
1328 2748 1495 2811 miro
1515 2797 1529 2811 .

29 2868 86 2915 189
123 2864 594 2948 contemplator
625 2862 794 2925 enim
812 2909 828 2937 ‚
853 2883 1002 2925 cum
1029 2862 1366 2926 montibus
1396 2861 1795 2926 adsimulata

124 2977 326 3041 nubila
357 2978 726 3063 portabunt
753 2977 937 3041 venti
967 2984 1356 3041 transversa
1383 2998 1506 3062 per
1536 2998 1733 3041 auras
1753 3028 1769 3052 ‚

123 3099 224 3155 aut
248 3094 362 3157 ubi
392 3087 513 3179 per
542 3113 819 3177 magnos
849 3092 1090 3155 montis
1118 3092 1458 3178 *cumulata
1483 3092 1742 3157 videbis

125 3202 379 3295 insuper
409 3228 558 3271 esse
587 3206 728 3271 aliis
759 3207 886 3282 alia
914 3216 1118 3292 atque
1145 3227 1430 3292 urguere
1459 3229 1748 3294 superne

126 3317 184 3380 in
208 3324 493 3388 statione
521 3322 744 3386 locata
773 3321 1051 3407 sepultis
1079 3321 1377 3407 undique
1405 3323 1656 3396 ventis;

35 3439 92 3487 187
127 3453 198 3496 ne
221 3437 336 3502 tibi
367 3439 453 3502 sit
481 3436 662 3501 frudi
692 3435 879 3521 quod
907 3458 1033 3501 nos
1062 3436 1317 3500 inferne
1346 3436 1649 3508 videmus

132 3567 304 3631 quam
334 3553 469 3617 sint
496 3553 633 3616 lata
659 3552 866 3637 magis
897 3574 1096 3637 quam
1126 3574 1389 3616 sursum
1419 3560 1727 3618 extructa
1758 3553 1920 3638 quid
1951 3561 2206 3617 extent.

38 3666 97 3717 ¹94
128 3668 249 3730 tum
272 3669 531 3757 poteris
559 3688 833 3752 magnas
862 3668 1073 3732 moles
1103 3688 1513 3753 cognoscere
1545 3689 1772 3732 eorum

136 3782 600 3869 speluncasque
628 3783 737 3849 vel
764 3790 838 3847 ut
867 3784 1048 3847 saxis
1078 3782 1509 3869 pendentibu’
1540 3791 1834 3848 structas

137 3889 385 3963 cernere
403 3948 419 3976 ‚
451 3920 619 3985 quas
648 3899 833 3963 venti
863 3921 1010 3961 cum
1039 3906 1434 3985 tempestate
1466 3909 1700 3962 coorta

145 4212 225 4262 168
257 4214 500 4287 Ungipiti
534 4215 712 4268 videat
747 4216 767 4282 ΙΙ
813 4221 907 4266 17Ο
944 4212 1205 4284 fulgurem
1245 4213 1265 4281 ΙΙ
1308 4219 1400 4264 178
1438 4217 1691 4265 adescere
1727 4214 1746 4280 ΙΙ
1790 4218 1884 4265 179
1921 4199 2165 4282 quiescit}
2215 4212 2235 4281 ΙΙ
2277 4216 2371 4262 180

142 4300 408 4359 perscindit
443 4300 464 4369 ΙΙ
507 4305 601 4353 183
640 4298 820 4352 adlicit
857 4300 876 4369 ΙΙ
919 4305 1010 4350 185
1051 4297 1168 4350 alti.
1207 4298 1228 4366 Η
1294 4302 1382 4347 191
1424 4296 1597 4348 culata
1658 4296 1677 4365 ΙΙ
1742 4302 1834 4348 192
1873 4311 2131 4366 superna.
2194 4295 2213 4361 Η
2277 4298 2369 4344 193

146 4380 324 4436 satione
360 4384 381 4452 ΙΙ
424 4389 519 4437 188
556 4383 629 4436 sit
664 4385 683 4453 ΙΙ
725 4383 949 4435 extricta

1843 4479 1971 4541 14·
