2840 5008
1203 370 1306 438 VI

113 546 457 610 constituit
484 552 731 609 natura
760 544 1026 608 minutis
1055 545 1542 630 mobilibusque

57 742 60 745 ,
113 661 547 746 corporibuS‚
575 660 680 722 cui
709 659 801 722 nil
830 659 1096 722 omnino
1130 661 1457 725 obsistere
1489 662 1736 745 possit.

26 795 76 839 ινδ
111 776 341 839 transit
374 775 556 838 enim
587 774 876 839 validum
906 775 1156 838 fulmen
1188 795 1307 859 per
1336 796 1501 839 saxa
1519 824 1533 851 ‚
1560 798 1683 860 per
1712 797 1898 851 aera,

26 908 72 953 30
110 900 169 954 et
195 889 529 975 liquidum
561 897 816 974 puncto
848 889 1009 952 facit
1038 909 1150 951 aes
1180 889 1246 951 in
1278 883 1580 976 tempore
1613 899 1677 954 ct
1707 913 1967 966 aurum,

110 1013 288 1069 curat
316 1005 466 1069 utei
494 1005 676 1068 vasis
704 1004 979 1089 integris
1009 1004 1163 1067 'vina
1193 1012 1474 1089 repente

111 1118 458 1205 diffugiant
476 1169 492 1196 ‚
518 1119 675 1204 quia
693 1168 708 1195 ‚
731 1119 800 1181 ni
827 1118 1057 1182 mirum
1077 1167 1092 1193 ,
1113 1118 1304 1183 facile
1335 1120 1553 1184 omnia
1583 1121 1827 1184 circum

110 1234 422 1299 conlaxat
451 1254 743 1318 rareque
772 1233 931 1330 facit
959 1234 1348 1298 lateramina
1378 1235 1560 1299 vasis

109 1348 477 1412 adveniens
511 1350 697 1412 calor
728 1348 865 1411 eius
886 1397 901 1424 ‚
927 1356 996 1413 et
1022 1350 1393 1413 insinuatus
1423 1351 1491 1413 in
1519 1350 1735 1435 ipsum

26 1480 70 1524 35
105 1464 433 1528 mobiliter
463 1464 738 1528 soluens
769 1461 990 1528 differt
1018 1464 1383 1550 primordia
1411 1466 1575 1530 vini.

111 1578 282 1663 quod
314 1578 483 1642 solis
512 1599 729 1663 vapor
759 1585 1045 1642 aetatem
1074 1600 1210 1641 non
1243 1600 1442 1664 posse
1471 1579 1739 1643 videtur

111 1692 365 1757 efficere
395 1714 618 1778 usque
651 1692 821 1757 adeo
853 1693 1113 1779 pollens
1143 1692 1409 1757 fervore
1442 1715 1754 1758 corusco.

108 1815 286 1871 tanto
316 1807 633 1872 mobilior
662 1808 762 1872 vis
795 1816 861 1872 et
890 1807 1336 1872 dominantior
1364 1808 1535 1872 haec
1567 1818 1696 1873 est.

179 1922 377 1987 Nunc
410 1945 493 1986 ea
525 1945 659 2008 quo
694 1930 889 2008 pacto
921 1924 1277 2008 gignantur
1309 1932 1376 1988 et
1405 1925 1651 2010 impete
1683 1931 1869 1988 tanto

25 2051 74 2097 ’40
110 2037 255 2101 fiant
285 2038 662 2129 utOpossint
690 2039 826 2101 ictu
859 2038 1236 2103 discludere
1265 2040 1500 2112 turris,

114 2150 484 2218 disturbare
517 2152 754 2217 domos
774 2203 789 2229 ‚
812 2154 1098 2217 avellere
1129 2155 1312 2239 tigna
1342 2154 1737 2237 trabesque,

112 2274 171 2330 et
194 2268 488 2333 lamenta
516 2268 728 2333 virum
759 2268 1119 2333 commoliri
1149 2276 1353 2353 atque
1384 2268 1587 2341 ciere,

114 2383 480 2447 exanimare
508 2384 812 2447 homines
831 2432 846 2459 ‚
870 2382 1163 2468 pecudes
1194 2391 1624 2468 prosternere
1656 2383 1899 2467 passim
1919 2431 1934 2455 ‚

115 2504 321 2562 cetera
351 2498 442 2563 de
473 2520 714 2585 genere
744 2498 875 2563 hoc
907 2520 1039 2583 qua
1067 2498 1133 2562 vi
1160 2496 1383 2562 facere
1414 2498 1634 2562 omnia
1664 2498 1954 2582 possint,

25 2621 78 2670 ηε»
114 2614 450 2697 expediam
470 2663 485 2690 ‚
515 2635 735 2699 neque
764 2621 832 2677 te
858 2614 927 2676 in
953 2612 1301 2700 promissis
1332 2612 1524 2698 plura
1552 2612 1900 2676 morabor.

184 2726 484 2793 Fuhnina
511 2728 768 2814 gignier
798 2749 834 2791 e
866 2728 1106 2792 crassis
1137 2728 1403 2811 alteque
1437 2725 1876 2812 putandumst

114 2841 380 2907 nubibus
417 2844 776 2907 extructis:
799 2864 952 2906 nam
985 2842 1169 2906 caelo
1200 2842 1381 2905 nulla
1410 2863 1649 2905 sereno

115 2976 224 3019 nec
250 2956 487 3021 leviter
521 2956 743 3020 densis
772 2957 1121 3021 mittuntur
1150 2957 1437 3021 nubibus
1465 2976 1775 3040 umquam
1792 3004 1805 3017 .

113 3091 248 3133 nam
279 3071 486 3136 dubio
519 3071 752 3157 procul
782 3071 915 3135 hoc
941 3071 1084 3136 fieri
1112 3071 1460 3135 manifesta
1490 3069 1692 3135 docet
1720 3090 1863 3145 res3

25 3193 81 3243 250
116 3185 281 3268 quod
308 3195 454 3251 tum
481 3207 604 3272 per
636 3193 848 3249 totum
878 3193 1322 3250 concrescunt
1351 3192 1508 3249 aera
1536 3186 1779 3259 nubes,

116 3300 390 3387 undique
422 3302 520 3366 uti
551 3301 862 3365 tenebras
894 3301 1103 3364 omnis
1136 3293 1526 3364 Acherunta
1552 3320 1816 3362 reamur

116 3411 367 3498 liquisse
399 3424 471 3481 et
498 3437 772 3501 magnas
804 3415 966 3479 caeli
997 3416 1364 3501 complesse
1395 3435 1748 3478 cavernas.

117 3548 307 3613 usque
335 3530 511 3596 adeo
543 3538 721 3595 tetra
749 3531 1121 3595 nimborum
1150 3535 1347 3594 nocte
1379 3537 1616 3594 coorta

116 3639 463 3727 inpendent
492 3653 678 3710 atrae
706 3645 1075 3710 formidinis
1106 3666 1225 3709 ora
1254 3665 1540 3731 superne
1560 3691 1575 3717 ‚

26 3762 86 3812 ²55
122 3775 248 3824 cum
275 3761 635 3828 commoliri
666 3768 1029 3848 tempestas
1057 3758 1330 3824 fulmina
1358 3764 1656 3844 coeptat.

450 3980 502 3987 ⁶—-

2240 373 2385 442 213

129 4107 210 4154 226
239 4109 633 4177 montibusque.
673 4106 694 4175 ΙΙ
731 4113 830 4159 228
867 4125 961 4177 per
998 4113 1153 4177 septa
1189 4104 1497 4158 domorum.
1540 4104 1561 4172 ΙΙ
1616 4106 1713 4154 229
1755 4099 1968 4153 Clamor
2002 4103 2063 4149 ut
2098 4113 2159 4148 ac
2195 4111 2356 4147 voces

127 4190 291 4243 transit
322 4209 420 4263 per
456 4209 610 4245 sasca
645 4208 741 4261 pcr
778 4208 926 4243 aera.
985 4191 1003 4260 ΙΙ
1057 4196 1153 4243 231
1179 4190 1318 4253 item
1372 4188 1392 4256 ΙΙ
1445 4192 1541 4238 234
1580 4192 1637 4238 ut
1674 4185 1695 4254 ΙΙ
1732 4189 1828 4236 237
1867 4180 2058 4235 tellens
2095 4178 2301 4232 fervere
2336 4176 2357 4243 Η

130 4270 210 4319 241
246 4273 363 4343 igna
400 4275 422 4343 ΙΙ
460 4279 557 4325 242
595 4274 919 4327 monimenta
953 4273 973 4341 ΙΙ
1009 4279 1105 4325 245
1144 4280 1199 4326 tc
1235 4277 1499 4325 omissum.
1539 4267 1559 4336 ΙΙ
1596 4272 1693 4320 246
1731 4265 1879 4337 gigni
1914 4281 1944 4315 e
1978 4260 2164 4322 elassis
2204 4259 2225 4327 ΙΙ
2261 4262 2358 4309 250
2411 4326 2419 4338 ,

134 4356 239 4405 tunc
