2840 5008
1178 428 1240 495 11
2182 425 2316 494 135

106 625 193 676 111,
211 601 342 672 863
367 650 381 664 .
416 599 718 664 similiter
745 600 822 662 in·
845 600 1175 664 Varronis
1205 609 1438 663 rerum·
1460 599 1864 664 rusticarum
1891 599 2064 664 libro
2097 600 2258 675 ι,41,
2276 600 2314 662 2

106 703 351 765 calescat
372 720 507 783 pro
526 700 833 762 ‘coalescat
847 701 1161 784 ‚seperire
1179 698 1451 762 codices
1465 695 1761 780 Noniip.
1779 696 1923 771 416,
1946 698 2023 761 14
2040 746 2053 760 .
2074 697 2145 761 in
2165 697 2312 784 lege

104 799 257 862 Iulia
283 796 674 880 municipali
707 797 825 859 106
854 797 1027 881 leqito
1044 844 1061 871 ‚
1080 798 1363 882 sabteyito
1381 845 1396 871 ‚
1423 803 1694 881 coptat05
1715 797 1830 860 ubi
1851 817 2053 860 versu
2070 795 2153 860 86
2172 818 2310 860 non

104 903 276 960 recte
316 896 645 977 scriptum
686 902 791 958 est
819 906 1093 979 coaptato
1125 942 1140 967 ‚
1189 893 1375 977 quod
1401 893 1516 957 illo
1548 901 1855 978 tempore
1882 915 1970 958 ne
1991 894 2311 958 Latinum
2351 975 2370 988 .

104 992 360 1079 quidem
389 992 796 1056 vocabulum
824 991 989 1055 fuit:
1020 994 1254 1076 coptari
1278 982 1717 1056 inssCiceronis
1748 992 2183 1076 epistularum
2213 1014 2312 1066 111,

108 1094 246 1167 10‚9
275 1140 289 1154 .
333 1092 406 1153 in
452 1088 689 1153 eadem
729 1089 878 1174 lege
905 1092 1152 1174 praev-it
1177 1090 1256 1153 37
1289 1090 1370 1154 39
1396 1091 1478 1153 47
1508 1088 1592 1153 48
1622 1098 1692 1153 et
1721 1101 2030 1174 praerunt
2068 1090 2149 1153 69
2179 1137 2193 1163 ,
2239 1090 2309 1156 in

105 1188 373 1254 Servilia
392 1211 460 1272 p.
481 1187 560 1251 52
567 1211 819 1271 praesse
839 1236 856 1266 ‚
885 1188 953 1249 in
976 1188 1234 1252 Rubria
1252 1210 1323 1261 11,
1339 1187 1425 1250 48
1440 1189 1480 1249 i.
1500 1188 1631 1271 dcp.
1639 1211 1892 1271 praesse
1914 1234 1930 1261 ‚
1960 1188 2078 1252 ubi-
2106 1186 2314 1250 debet

104 1310 238 1352 esse
263 1290 400 1350 iure
430 1286 693 1349 dicundo
725 1295 1031 1369 praesset,
1063 1288 1132 1347 in
1177 1283 1454 1348 decreto
1486 1284 1734 1347 Pisano
1765 1308 1807 1359 ι,
1826 1283 1908 1349 20
1938 1284 2018 1348 33
2048 1297 2338 1370 praerat·

104 1392 165 1449 et
180 1395 512 1471 praev-unt.
521 1394 799 1468 praesset
814 1383 884 1445 in
910 1382 1251 1447 Ciceronis
1278 1382 1717 1467 epistularum
1746 1406 1892 1456 xm,
1910 1383 1967 1458 6,
1986 1382 2024 1445 2
2045 1431 2058 1445 .
2093 1382 2179 1446 de
2201 1382 2309 1445 his

102 1484 390 1550 Marinus
409 1482 551 1567 egit
564 1482 635 1544 in
650 1480 1010 1544 Arvalibus
1026 1502 1093 1564 p.
1117 1480 1234 1544 106
1253 1503 1267 1543 :
1295 1481 1377 1544 iis
1401 1480 1801 1545 simillimum
1824 1489 1931 1544 est
1945 1482 2308 1566 praemium.

94 1601 458 1667 praeroqare
497 1600 626 1663 pro
655 1602 1072 1663 praeeroyare
1102 1580 1247 1644 iure
1291 1580 1654 1643 consultos.
1683 1578 1908 1642 dicere
1949 1579 2310 1646 Turnebus

106 1680 477 1744 observavit
509 1677 661 1741 adv.
690 1669 854 1753 xvix,
875 1678 952 1741 10
992 1728 1004 1741 .
1053 1701 1289 1742 sorsum
1318 1686 1515 1742 vetus
1545 1677 1771 1741 Plauti
1798 1677 2209 1754 infflAsinaria
2237 1699 2309 1748 11,

105 1778 241 1852 2‚95
272 1826 287 1853 ‚
329 1779 401 1840 in
428 1774 722 1860 Epidico
758 1798 855 1849 111,
875 1775 1024 1850 3‚21
1062 1825 1076 1839 .
1126 1776 1344 1861 Caper
1391 1775 1477 1839 de
1525 1774 2017 1861 orthographia
2064 1799 2123 1861 p.
2141 1773 2308 1837 2240

112 1877 345 1939 Coactus
362 1897 488 1938 non
512 1884 710 1937 coctus
729 1874 1049 1937 dicendum
1068 1923 1080 1936 .
1102 1876 1428 1960 conquinat
1448 1873 1721 1939 dicebat
1737 1920 1753 1947 ‚
1771 1894 1909 1935 non
1932 1875 2310 1961 coinquinat,

103 1972 339 2036 Marius
360 1971 761 2036 Victorinus
789 1992 854 2054 p.
872 1970 1035 2034 2467
1054 1994 1071 2034 2
1090 1972 1162 2034 in
1185 1971 1592 2037 Columellae
1612 1970 1791 2036 libro‘
1811 1993 1955 2045 vm,
1975 1974 2030 2050 5,
2054 1971 2131 2034 19
2158 1982 2306 2034 ster-

107 2093 227 2133 core
255 2073 658 2157 conquinatae
676 2118 694 2132 .
716 2070 787 2132 in
814 2063 1270 2133 Bacchidibus
1302 2069 1526 2132 Plauti
1556 2091 1643 2142 ιν,
1662 2069 1719 2142 9,
1740 2069 1819 2132 52
1849 2070 2309 2153 comptionalem

104 2190 281 2231 senem
312 2216 327 2242 ‚
362 2169 530 2231 item
566 2191 734 2230 senes
772 2169 1193 2252 comptionalis
1232 2166 1302 2231 in
1341 2166 1645 2251 epistulis
1689 2164 2030 2229 Ciceronis
2053 2164 2305 2240 v11‚29‚‚

107 2264 182 2328 de
210 2266 500 2350 quodam
531 2265 778 2351 genere
807 2285 1151 2332 servorum
1198 2314 1213 2329 .
1258 2286 1479 2348 neque
1505 2285 1670 2328 vero
1709 2265 2143 2348 =coemptt'mzem
2175 2261 2304 2326 dif-

106 2363 262 2428 ferre
289 2373 456 2449 puto
490 2385 533 2427 a
563 2375 800 2448 comptu
827 2410 843 2438 ‚
885 2370 960 2426 ut
991 2364 1156 2427 dicit
1183 2365 1253 2427 in
1281 2388 1378 2439 111,
1396 2363 1519 2428 845
1550 2362 1906 2427 Lucretius
1937 2408 1952 2436 ,
1996 2363 2304 2445 eoniuqio-

107 2483 205 2547 que
232 2513 244 2525 .
272 2485 406 2528 non
434 2469 623 2539 recte
655 2462 829 2526 enim-
849 2511 864 2537 ‚
903 2462 1031 2526 nisi
1059 2461 1258 2527 fallor
1282 2512 1296 2539 ‚
1343 2462 1620 2527 Servius
1653 2460 1742 2524 ad
1769 2460 2134 2546 georgicon
2164 2482 2207 2535 1,
2225 2460 2299 2524 31

105 2564 333 2625 maritus
361 2575 424 2627 et·
441 2583 607 2625 umor
633 2562 852 2644 inquit
877 2585 939 2624 se
966 2563 1216 2624 invicem
1249 2563 1520 2626 emebant
1534 2607 1549 2635 ‚
1570 2562 1726 2624 siout
1741 2560 2028 2623 habemus
2049 2560 2270 2623 inim-e
2286 2584 2306 2620 .·

104 2679 237 2720 nam
262 2662 595 2725 nubentes
617 2667 876 2722 tantum
898 2658 1124 2722 Varro
1149 2659 1332 2743 apud
1352 2659 1643 2723 Nonium
1666 2680 1728 2742 p.
1747 2657 1865 2722 531
1894 2678 2112 2720 assem
2135 2663 2304 2720 tam-

108 2776 284 2838 quam
312 2756 578 2822 emendi
608 2777 815 2821 causa
842 2758 1082 2820 marito
1116 2756 1389 2820 dedisse
1419 2756 1656 2822 scribit
1678 2804 1693 2831 ‚
1726 2762 1795 2818 et
1817 2777 2111 2839 ymerum
2131 2753 2305 2823 dote

106 2855 205 2915 emi
234 2853 569 2942 Vergilius
599 2853 800 2918 dicit:
829 2876 956 2918 nec
983 2855 1217 2919 mulier
1236 2903 1252 2929 ‚
1276 2877 1425 2919 cum
1456 2854 1956 2938 coemptionem
1974 2851 2270 2921 faciebat
2288 2901 2303 2925 ‚

106 2969 141 3010 a
158 2953 725 3036 coemptionatore
753 2954 1085 3037 mancipio
1117 2953 1576 3037 accipiebatur
1590 3000 1608 3031 ,
1633 2950 1759 3017 sed
1777 2951 1847 3015 in
1873 2952 2017 3015 eius
2039 2972 2304 3017 manum

105 3051 531 3114 conveniebat
559 3052 644 3115 ab
678 3072 892 3134 eoque
918 3052 990 3115 in
1027 3074 1291 3116 manum
1332 3051 1787 3135 recipiebatur
1831 3052 1966 3131 (ita
1993 3049 2205 3117 Gaius
2237 3052 2303 3115 in

106 3164 148 3203 11
166 3144 652 3210 institutionum
673 3147 830 3232 98),
854 3148 1065 3234 idque
1087 3149 1294 3215 fiebat
1327 3147 1598 3234 quidem
1627 3149 2121 3233 mancipatione
2138 3197 2154 3222 ,
2177 3148 2303 3211 sed

103 3243 496 3317 noniisdem
523 3247 754 3310 verbis
795 3295 811 3322 ‚
855 3255 934 3311 ut
962 3247 1173 3312 refert
1206 3246 1414 3312 Gaius
1443 3248 1513 3310 in
1543 3271 1587 3325 1,
1609 3247 1728 3311 123
1773 3278 1789 3322 3
1837 3248 2079 3331 quibus
2123 3247 2304 3311 servi

104 3341 407 3426 mancipio
438 3343 947 3429 accipiebantur
991 3396 1005 3421 ,
1050 3368 1268 3431 neque
1298 3353 1375 3408 ut
1405 3346 1684 3409 ancillae
1711 3346 1865 3409 loco
1898 3354 2079 3410 esset
2114 3394 2129 3420 ‚
2176 3345 2304 3410 sed

103 3441 169 3497 ut
192 3446 398 3504 mater
424 3441 709 3506 familias
730 3445 880 3507 viro
913 3452 1094 3508 esset
1124 3452 1192 3507 et
1210 3445 1360 3507 iura
1379 3443 1556 3507 filiae
1576 3443 2079 3509 nancisceretur
2120 3492 2134 3507 .
2173 3444 2302 3507 ita-

106 3551 217 3614 que
244 3551 506 3624 comptus
537 3548 606 3604 et
636 3544 925 3627 coemptio
955 3563 994 3604 a
1025 3541 1497 3627 coniungendo
1532 3541 1918 3616 dicuntur.-
1943 3541 2128 3625 quod
2154 3540 2301 3605 fere

106 3630 394 3699 scribitur
423 3660 660 3702 comere
690 3688 707 3718 ,
744 3638 929 3702 unde
957 3639 1312 3704 Lucretius
1344 3639 1509 3704 dicit
1534 3641 1727 3702 mixta
1757 3651 1812 3702 et
1839 3651 2076 3724 compta
2101 3640 2172 3702 in
2201 3662 2299 3714 111,

105 3722 210 3789 259
236 3776 251 3802 ‚
295 3738 361 3794 et
390 3757 529 3796 cum
559 3758 812 3820 corpore
843 3748 1080 3821 compta
1105 3737 1172 3799 in
1204 3760 1292 3812 ιν,
1310 3736 1389 3800 27
1422 3785 1437 3811 ,
1479 3737 1639 3800 item
1670 3736 1741 3799 in
1770 3760 1814 3812 1,
1832 3737 1953 3800 950
1983 3738 2301 3801 Naturam

104 3842 287 3888 reram
305 3877 322 3907 ,
352 3853 475 3915 qna
519 3844 738 3896 constet
778 3846 1011 3919 compta
1036 3837 1255 3924 fiyura
1277 3883 1292 3910 ,
1321 3835 1459 3899 hoc
1504 3842 1609 3897 est
1651 3846 1797 3919 apta
1837 3841 1918 3897 ut
1948 3835 2019 3897 in
2054 3836 2297 3911 ιι,814.

103 3914 253 3984 haec
269 3934 497 3992 autem.
505 3931 726 3993 omnia
741 3932 946 4017 longa
959 3932 1179 3997 vocali
1198 3932 1489 3996 dicenda
1508 3953 1657 3996 esse
1675 3982 1689 4008 ‚
1707 3933 2002 4017 itemque
2008 3946 2301 4019 prompta

108 4020 166 4076 et
183 4036 408 4106 sumpta
424 4074 439 4099 ,
467 4049 502 4090 e
523 4028 748 4091 Plauti
772 4028 1068 4112 quodam
1089 4030 1241 4092 ioco
1268 4036 1557 4114 apparet
1573 4077 1588 4105 ‚
1613 4030 1730 4113 qui
1752 4040 1856 4094 est
1875 4030 2074 4095 huius
2096 4033 2300 4109 modi,

114 4112 245 4221 qum
267 4124 349 4183 mi
375 4126 572 4208 ipsum
600 4150 816 4190 nomen
845 4128 978 4190 eius·
998 4129 1409 4191 Areidemidis
1440 4129 1744 4215 Clamaret
1769 4130 2151 4215 dmnpturwm
2180 4154 2301 4194 esse

104 4215 289 4294 Siquid
312 4222 613 4286 crederem
633 4273 650 4303 ,
686 4223 762 4286 in
791 4224 1244 4289 Bacchidibus
1275 4246 1345 4299 ιι,
1363 4225 1422 4300 3,
1441 4224 1521 4287 50
1552 4273 1565 4287 .
1606 4226 1678 4288 in
1706 4225 1841 4307 hoc
1870 4248 2116 4313 genere
2142 4248 2300 4311 per-

106 4301 267 4372 fecta
293 4326 447 4380 sunt
476 4324 662 4384 coemi
690 4324 949 4407 compsi,
973 4324 1192 4387 diremi
1219 4324 1455 4408 dempsi
1477 4370 1492 4397 ,
1520 4326 1748 4387 suremi
1776 4324 1996 4409 (apud
2025 4325 2300 4389 Festum

106 4402 358 4493 P·298‚9)
376 4421 617 4501 smnpsi,
636 4420 866 4484 redemi
868 4421 1166 4505 prompsi.
1189 4421 1468 4484 coemisse
1485 4420 1705 4485 vocali
1724 4421 1915 4485 brevi
1937 4443 2084 4485 cum
2101 4421 2303 4509 longa
