2840 5008
1183 414 1279 482 ΠΙ
2197 418 2328 486 197

111 593 429 672 correpta
456 586 804 651 efferemus
822 635 838 662 ,
864 588 1150 652 Pmtinus
1171 612 1353 674 aeyer
1372 610 1490 672 ayo
1507 612 1528 650 .·
1547 589 1707 653 ha'nc
1729 591 1912 653 etiam
1931 591 2035 654 vix
2050 639 2066 669 ,
2097 592 2299 678 Tityre
2315 640 2331 669 ‚

108 688 254 750 duco
269 710 294 767 ,-
315 685 453 749 nisi
481 683 659 750 forte
689 685 1120 751 scribendum
1153 694 1259 751 est
1289 709 1403 772 ayo
1419 733 1437 765 ,
1461 687 1664 749 etiam
1685 686 1844 751 hanc
1863 690 1967 751 vix
1987 737 2001 751 .
2027 686 2331 753 Catullus

105 784 168 847 in
197 785 497 848 carmine
519 784 616 859 61,
636 784 716 849 98
740 832 755 859 ,
785 785 902 849 ubi
929 785 998 847 in
1026 786 1215 851 libris
1248 792 1354 850 est
1379 786 1556 849 viden
1583 796 1653 848 ut
1660 785 1842 872 faces
1856 832 1874 863 ,
1898 805 2036 848 non
2059 787 2332 871 scripsit

105 882 231 944 vide
257 885 326 945 zzt
332 881 523 968 faces
544 879 912 965 Splendidas
940 884 1220 968 quatiunt
1247 905 1452 948 comas
1471 930 1489 961 ‚
1522 881 1645 946 sed
1670 881 1893 946 viden?
1908 882 2092 969 faces
2114 910 2134 946 .·
2175 905 2328 948 nam

104 989 166 1041 ut
188 1026 205 1058 ,
248 979 570 1063 quotiens
599 979 825 1043 valeat
852 978 924 1043 id
957 979 1145 1064 quod
1174 981 1469 1067 quomodo
1499 1026 1516 1058 ,
1557 986 1757 1044 acuto
1791 972 2086 1043 accentu
2107 981 2328 1045 efferri

106 1081 441 1140 testantur
473 1076 818 1165 Charisius
846 1099 910 1162 p.
930 1076 1052 1141 202
1072 1125 1087 1152 ,
1109 1077 1476 1142 Diomedes
1498 1099 1563 1161 p.
1582 1077 1740 1156 388,
1766 1077 2044 1142 Servius
2076 1078 2165 1143 ad
2194 1080 2326 1143 Ae-

104 1171 332 1237 neidos
364 1197 408 1253 1,
429 1174 553 1237 667
596 1224 609 1237 .
654 1196 876 1260 neque
906 1175 1234 1240 Horatius
1262 1177 1332 1240 in
1363 1176 1804 1260 epistularum
1832 1199 1903 1251 11,
1922 1175 2121 1251 2,163
2156 1175 2327 1240 dixit

103 1292 304 1355 nempe
330 1272 514 1335 modo
543 1273 655 1336 isto
677 1319 693 1347 ,
725 1272 849 1336 sed
878 1274 1056 1338 modo
1083 1285 1172 1338 sto
1203 1322 1214 1335 .
1249 1274 1346 1338 sic
1373 1274 1445 1337 in
1472 1273 1816 1337 Aeneidos
1846 1295 1936 1348 v1,
1955 1273 2077 1338 389
2106 1274 2326 1337 Medi-

105 1388 252 1432 ceus
270 1368 491 1452 prima
509 1389 711 1433 manu
731 1371 860 1434 iam
873 1372 1044 1450 stine,
1062 1371 1130 1433 in
1146 1371 1237 1433 M.
1258 1370 1464 1435 Tullii
1482 1371 1950 1435 Accusationis
1974 1371 2146 1437 libro
2167 1395 2210 1445 1,
2225 1371 2326 1450 47,

109 1463 215 1528 123
241 1464 624 1531 Vaticanus
666 1489 841 1552 quem
888 1469 1238 1532 ammodum
1277 1479 1361 1532 ste
1382 1516 1400 1547 ,
1431 1469 1500 1531 in
1541 1468 1841 1533 eiusdem
1885 1468 2325 1553 epistularum

102 1583 203 1637 xv,
224 1561 315 1636 19,
332 1563 375 1626 4
401 1562 677 1627 Cassius
704 1576 908 1628 utram
934 1576 1027 1628 sta
1047 1612 1064 1639 ,
1091 1566 1240 1650 ipse
1270 1565 1339 1628 in
1363 1589 1451 1641 1v‚
1468 1566 1525 1638 3,
1544 1565 1583 1629 2
1607 1566 1760 1652 quid
1782 1589 1879 1630 me
1906 1577 1999 1631 sta
2026 1591 2125 1630 res
2138 1615 2158 1647 ,
2179 1565 2324 1630 No-

102 1658 241 1722 nius
273 1684 334 1747 p.
352 1659 557 1736 428‚4
602 1682 688 1725 ex
717 1658 1060 1727 Ciceronis
1105 1663 1193 1728 de
1224 1670 1500 1728 oratore
1530 1688 1574 1739 1,
1590 1664 1671 1728 87
1714 1688 1872 1751 quae
1911 1666 1987 1729 sti
2026 1665 2325 1741 νΙιειονεε,

102 1756 404 1843 idemque
432 1780 502 1843 p.
520 1758 662 1834 448,
679 1759 761 1823 30
793 1766 861 1823 et
890 1761 1030 1837 536,
1046 1760 1127 1825 33
1159 1783 1195 1825 e
1218 1761 1552 1825 Varronis
1574 1761 1813 1825 Modio
1845 1785 2031 1849 quam
2058 1774 2325 1840 storum,

104 1856 219 1919 iam
253 1868 376 1921 stoc
419 1858 580 1921 dicto
611 1878 673 1941 p.
692 1857 834 1933 476,
852 1857 933 1921 20
965 1880 1001 1922 0
1029 1858 1256 1924 Plauti
1284 1859 1651 1924 Bacchisin
1680 1882 1768 1936 ιν,
1786 1860 1845 1936 4,
1865 1860 1947 1924 28
1966 1909 1986 1946 ,
2003 1862 2243 1945 inyem'o
2272 1861 2327 1923 si

103 1962 180 2016 sto
208 1974 243 2017 e
269 1954 562 2019 Caecilio
595 1955 851 2019 comico
882 1978 946 2041 p.
972 1956 1205 2031 127,16
1227 2004 1243 2031 ,
1275 1978 1311 2020 0
1333 1956 1590 2020 Patruo
1614 1957 1972 2041 Pomponii
2000 1980 2063 2042 p.
2082 1957 2224 2031 474,
2243 1956 2323 2019 25

105 2050 329 2115 Mirwm
338 2052 553 2140 facies
574 2101 588 2128 ,
602 2052 786 2139 fatue
820 2101 837 2133 ,
881 2056 936 2118 si
975 2056 1115 2119 stud
1151 2056 1409 2118 nimium
1438 2054 1632 2139 (libri
1658 2056 1713 2119 .ςὶ
1738 2056 2042 2139 Studiwn)
2071 2056 2325 2118 mirabis

105 2149 200 2213 diu
227 2198 244 2230 ,
280 2152 543 2215 nimium
568 2162 696 2216 stuc
743 2172 827 2215 ex
854 2152 1186 2237 Adelphis
1218 2153 1524 2217 Terentii
1553 2176 1624 2228 11,
1649 2154 1701 2228 1,
1726 2153 1799 2216 15
1839 2176 1905 2237 p.
1923 2152 2063 2227 367,
2082 2152 2163 2214 23
2195 2200 2211 2227 ,
2255 2152 2322 2215 in

105 2256 512 2314 consonante
540 2271 704 2313 vera
733 2261 799 2314 at
820 2262 949 2315 stuc
978 2273 1063 2315 ex
1083 2251 1345 2315 Andria
1372 2275 1471 2324 111,
1491 2251 1547 2325 3,
1567 2250 1651 2314 34
1677 2273 1742 2336 p.
1762 2250 1902 2324 219,
1922 2251 2004 2314 20
2036 2257 2105 2314 et
2135 2250 2322 2334 apud

106 2343 483 2411 Ciceronem
513 2369 642 2431 pro
668 2348 892 2413 Tullio
925 2369 1068 2434 cap.
1093 2350 1133 2414 8
1162 2350 1315 2435 quid
1338 2349 1501 2413 vobis
1523 2397 1540 2429 ,
1569 2350 1818 2435 inquid,
1846 2350 1956 2412 πίε
1981 2350 2179 2433 neyoti
2205 2349 2321 2411 im-

103 2464 220 2509 meo
261 2444 398 2511 est?
438 2447 625 2511 idem
667 2446 801 2512 hoc
829 2447 1122 2534 Priapeo
1154 2447 1236 2511 69
1278 2446 1775 2513 restituendum
1808 2453 1977 2532 puto
2006 2495 2021 2522 ,
2054 2446 2169 2512 ubi
2214 2453 2320 2510 est

103 2544 208 2606 nisi
232 2592 249 2624 ,
294 2548 390 2610 810
421 2592 437 2620 ,
470 2546 875 2610 Smerdaleon
905 2558 1061 2611 certe
1088 2549 1164 2611 sti
1191 2572 1290 2611 res
1317 2572 1437 2612 non
1469 2548 1703 2611 mwnda
1729 2557 1980 2610 vocatur
2001 2592 2018 2624 ,
2063 2544 2322 2609 scilicet

104 2640 385 2708 Homero
404 2691 420 2719 ,
447 2633 641 2708 cuius
672 2650 832 2708 sunt
854 2641 1206 2729 ΣΜεΡΔΔλὲ
1247 2643 1576 2728 εῩΡὼεΝτα
1610 2649 1680 2707 et
1709 2640 2124 2726 {nepsam-:oc
2156 2641 2319 2714 ΔάῨ-

105 2741 223 2826 nic·
255 2741 426 2818 φὰΝΗ
461 2741 923 2806 κεκακωΜὲΝοε
956 2742 1144 2830 ἅλμῃ.
1170 2751 1375 2827 atque
1400 2763 1481 2807 ea
1502 2741 1920 2828 pronominis
1942 2739 2162 2804 forma
2182 2761 2322 2803 non
2387 2806 2411 2818 ,

102 2837 355 2903 videtur
383 2846 531 2904 tam
558 2841 813 2904 rustica
834 2838 1043 2924 spisse
1076 2862 1275 2925 quam
1296 2841 1537 2926 putavi
1568 2862 1718 2904 cum
1742 2839 1828 2904 de
1853 2861 1932 2903 ea
1954 2838 2319 2904 scriberem

105 2933 183 2998 ad
208 2935 475 3021 Ulpiani
510 2938 902 3023 regularum
934 2939 1175 3004 librum
1206 2935 1262 3014 2,
1282 2940 1320 3002 7
1353 2947 1423 3003 et
1452 2938 1542 3003 ad
1574 2938 1812 3002 Gai'um
1844 2961 1908 3022 p.
1935 2937 2053 3003 128
2091 2986 2105 3000 .
2166 2958 2319 3000 nam

101 3032 198 3098 isto
226 3033 612 3122 disyllabon
637 3037 709 3100 in
736 3037 1008 3102 Horatii
1037 3060 1239 3103 versu
1268 3045 1492 3103 totum
1529 3038 1800 3124 gravari
1839 3037 2143 3120 potuisse
2176 3056 2319 3100 cre-

104 3128 291 3196 dibile
333 3155 475 3197 non
523 3141 666 3210 est3
710 3156 1112 3220 quamquam
1140 3137 1436 3201 Lucilius
1483 3144 1552 3200 et
1589 3135 1891 3200 Catullus
1934 3134 2069 3197 hoc
2110 3132 2317 3196 modo

101 3228 359 3295 minoris
389 3230 715 3318 ponderis
746 3234 1080 3300 vocabulo
1111 3236 1217 3298 usi
1248 3242 1407 3298 sunt
1437 3245 1615 3320 atque
1635 3232 1882 3313 ,Silius
1913 3229 2322 3315 quibusdam

103 3330 702 3413 praepositionibus
734 3381 746 3395 .
789 3331 1029 3396 Lucilii
1073 3339 1179 3397 est
1221 3343 1340 3396 tute
1380 3333 1516 3396 vide
1559 3343 1739 3418 atque
1768 3324 2107 3418 disyllabon
2137 3328 2321 3414 apud

104 3422 380 3492 Nonium'
406 3427 647 3514 p.26,7
679 3477 694 3503 ,
740 3428 1038 3493 eiusdem
1063 3430 1239 3517 fvmo
1279 3441 1459 3517 atque
1503 3430 1775 3494 sucdrdis
1814 3426 1999 3515 apud
2032 3425 2319 3491 eundem
2413 3439 2426 3448 ’

104 3524 309 3604 p.175,
333 3527 407 3590 13
432 3574 448 3601 ,
474 3526 719 3591 Catulli
740 3528 810 3589 in
832 3528 960 3591 io'co
984 3537 1162 3614 atque
1185 3529 1322 3592 vino
1350 3527 1446 3604 12,
1463 3527 1501 3590 2
1529 3535 1598 3591 et
1611 3527 1823 3614 frater
1843 3532 1952 3590 a've
1978 3536 2159 3612 atque
2180 3525 2316 3587 va'le

108 3619 230 3695 101,
251 3622 325 3686 10
357 3624 805 3709 (quamquam
831 3625 1284 3705 Quintilianus
1309 3650 1351 3701 1,
1369 3627 1428 3700 6,
1447 3626 1524 3690 21
1553 3647 1676 3695 8110
1703 3632 2006 3707 tempore
2029 3622 2182 3685 have
2213 3641 2317 3683 se·

106 3718 312 3783 cunda
353 3729 672 3808 correpta
716 3721 848 3786 dici
892 3729 1187 3787 testatur
1217 3772 1231 3798 ,
1264 3723 1453 3808 quod
1482 3730 1709 3785 tamen
1755 3726 2110 3805 poctarum
2153 3739 2317 3781 usus

105 3832 227 3877 non
256 3820 657 3905 confirmat),
679 3819 823 3885 Silii
849 3844 919 3899 11,
938 3820 1058 3884 227
1090 3820 1259 3885 Inter
1288 3821 1551 3906 dumque
1578 3824 1769 3883 ma'nu
1789 3866 1807 3897 ‚
1829 3819 1987 3880 inter
2016 3817 2160 3880 ἀήτη
2190 3818 2316 3880 cla-

104 3931 256 3975 more
280 3919 577 4005 minisque
604 3965 621 3997 ,
669 3942 812 3994 vm,
832 3919 910 3982 75
938 3921 1189 4006 mitique
1215 3925 1404 3984 mcinu
1433 3921 1601 3982 intra
1631 3918 1848 3981 limina
1876 3917 2079 3991 ducit,
2110 3939 2173 3990 x,
2192 3915 2315 3979 309

104 4009 361 4096 misitque
386 4016 507 4078 viri
533 4018 688 4080 inter
716 4017 923 4081 sidera
949 4041 1166 4081 nomen
1198 4067 1211 4080 .
1234 4016 1551 4102 praemisi
1580 4018 1842 4079 rariora
1873 4021 1942 4079 et
1969 4036 2188 4099 prope
2219 4015 2328 4076 vi·-

106 4102 304 4171 tiosa:
343 4112 553 4177 maior
596 4135 759 4197 pars
802 4121 1159 4199 poetarum
1205 4123 1365 4202 post
1410 4114 1744 4178 vocabula
1785 4114 2074 4178 ’iambica
2117 4110 2319 4173 nullis

105 4198 239 4266 aliis
282 4206 497 4272 locum
542 4213 878 4277 concessit
921 4214 1048 4277 nisi
1083 4234 1258 4299 quae
1302 4220 1422 4276 aut
1464 4211 1933 4299 monosyllaba
1976 4215 2205 4273 essent
2250 4215 2319 4271 et
2419 4255 2428 4266 .

105 4303 323 4379 gravia
376 4316 493 4372 aut
545 4310 1103 4398 hyperdisyllaba
1160 4317 1321 4397 post
1375 4311 1656 4395 primam
1704 4309 2030 4394 syllabam
2084 4309 2314 4369 acuta.

52 4395 55 4398 ’
106 4391 262 4463 haec
304 4425 440 4467 non
482 4409 684 4473 modo
717 4409 759 4473 ii
792 4431 963 4493 quos
1008 4409 1189 4473 ultra
1232 4429 1636 4494 progressos
1678 4427 1830 4471 esse
1863 4404 2002 4470 dixi
2032 4402 2315 4466 admise-
