2840 5008
568 380 657 447 76
827 463 837 470 .
1645 349 1760 449 11‘

563 560 762 617 vecta
788 552 1013 617 iudico
1033 599 1047 618 .
1071 545 1206 618 hoc
1234 574 1315 617 ea
1339 553 1494 639 ipsa
1517 575 1691 639 quae
1715 555 2006 641 aliquam
2028 557 2329 640 speciem
2347 556 2586 622 habent
2603 579 2731 643 pau-

565 653 767 716 citate
798 673 922 716 sua
948 650 1367 736 persuadent
1402 701 1416 714 .
1456 673 1630 716 unus
1662 660 1766 717 est
1807 653 2006 717 huius
2045 653 2237 718 modi
2278 675 2509 718 versus
2546 654 2730 728 Ennii,

565 773 762 838 quem
801 752 1088 835 protulit
1114 751 1382 816 Probus
1424 751 1515 814 ad
1546 750 1826 838 Vergilii
1872 754 2176 840 eclogam
2222 774 2296 815 v1
2323 775 2388 836 p.
2411 752 2586 827 19,11
2620 800 2636 827 ,
2672 754 2734 817 Ec

562 851 761 914 densi-9
789 852 1003 937 aquila
1018 852 1234 935 pinnis
1260 850 1485 913 obnixa
1510 852 1755 914 volabat
1786 853 2007 916 Vento:
2028 852 2169 915 (luo
2200 858 2365 914 sunt
2387 849 2730 935 Vergiliani,

561 969 848 1033 quorum
892 948 1173 1012 alterum
1216 954 1543 1012 notarunt
1583 950 2034 1034 grammatici,
2064 956 2144 1014 ut
2188 948 2468 1034 Sergius
2506 971 2566 1033 p.
2587 946 2730 1020 1830,

432 1100 455 1123 „
560 1047 749 1110 Dona
776 1048 990 1111 dehinc
1019 1070 1173 1111 auro
1196 1049 1419 1132 ,qv-avia
1447 1058 1717 1134 sectoque
1757 1049 2071 1134 elephanto
2091 1097 2108 1127 ,
2138 1049 2213 1111 in
2258 1047 2473 1112 altero
2509 1067 2587 1109 ne
2612 1037 2730 1108 Ser·

558 1146 709 1208 vius
741 1144 1009 1229 quidem
1038 1146 1232 1209 metri
1258 1145 1664 1210 mentionem
1692 1145 1854 1210 fecit
1875 1194 1892 1222 ‚
1923 1147 2156 1211 Sancta
2199 1148 2289 1210 ad
2323 1169 2424 1209 vos
2458 1145 2645 1209 anima
2665 1153 2727 1205 a!-

559 1266 676 1330 que
703 1245 875 1306 istius
899 1244 1096 1307 inscia
1123 1244 1339 1329 culpae
1362 1294 1375 1307 .
1406 1242 1539 1308 hos
1567 1244 1773 1330 igitur
1803 1246 1967 1309 satis
1996 1243 2448 1329 probabiliter
2474 1243 2565 1305 ita
2579 1240 2728 1304 resti-

558 1341 656 1404 tui
700 1362 905 1425 posse
949 1341 1256 1405 existimo
1281 1390 1296 1416 ,
1326 1348 1404 1404 ut
1447 1342 1782 1406 scribatur
1826 1344 2041 1429 aquila
2081 1343 2229 1407 hinc
2248 1392 2266 1421 ,
2298 1367 2339 1406 a
2366 1351 2617 1426 sectoque
2643 1338 2728 1400 ele-

550 1440 780 1525 phanto
807 1488 825 1519 ,
872 1439 1102 1509 Sancta
1143 1439 1229 1502 ad
1267 1461 1368 1502 vos
1410 1441 1620 1503 anima
1663 1450 1841 1526 atque
1885 1442 2095 1503 anima
2121 1442 2343 1520 istim,-
2374 1458 2541 1530 quae
2566 1433 2728 1518 siquis

554 1544 923 1622 propterea
942 1537 1350 1620 improbabit
1367 1585 1383 1613 ,
1408 1536 1595 1622 quod
1625 1537 1756 1601 alia
1778 1559 1952 1623 quae
1978 1537 2515 1602 emendationem
2534 1530 2727 1597 suade·

557 1644 675 1699 ant
704 1641 1096 1721 argumenta
1122 1642 1395 1717 praeter
1424 1636 1618 1700 metri
1646 1636 2069 1699 insolentiam
2092 1636 2282 1699 nulla
2306 1634 2439 1698 dici
2458 1635 2725 1717 possunt,

557 1740 743 1797 certe
771 1733 886 1796 illa
912 1731 1291 1797 rarissimae
1325 1740 1390 1795 et
1418 1733 1535 1796 vix
1562 1732 1961 1817 probandae
1993 1734 2306 1818 exempla
2351 1750 2495 1795 esse
2532 1745 2723 1813 agnos-

557 1839 666 1895 cet
706 1830 1028 1894 audaciae
1049 1877 1066 1906 ‚
1100 1851 1298 1916 quam
1340 1852 1478 1894 non
1520 1830 1840 1896 credibile
1884 1832 1972 1895 sit
2012 1831 2195 1896 ultra
2222 1829 2543 1895 tribrevia
2565 1842 2724 1888 voca-

557 1930 714 1994 bula
743 1950 1053 2016 umquam
1082 1930 1501 2014 processisse
1533 1977 1547 1993 .
1588 1950 1743 1993 nam
1768 1930 2041 1994 Horatii
2081 1917 2417 1993 editorum
2454 1918 2723 2008 supersti-

553 2028 803 2091 tionem
833 2049 1026 2091 nemo
1057 2028 1409 2112 probabit,
1433 2049 1636 2113 spero
1655 2075 1672 2103 ‚
1697 2028 1808 2113 qui
1839 2026 2138 2091 nondum
2169 2027 2320 2091 ausi
2349 2024 2567 2089 sintin
2591 2020 2721 2082 libro

557 2151 579 2190 1
606 2148 985 2191 sermonum
1008 2126 1065 2202 3,
1083 2127 1120 2189 7
1145 2125 1444 2190 scribere
1472 2128 1534 2189 io
1563 2125 1826 2189 bacchae
1843 2175 1860 2205 ,
1882 2131 2335 2189 monstratum
2365 2121 2514 2186 olim
2534 2139 2570 2182 a
2589 2115 2719 2179 Tur-

555 2226 734 2290 nebo
761 2225 831 2289 in
862 2224 1268 2289 adversariis
1298 2248 1445 2299 xm,
1469 2225 1536 2300 13
1566 2224 1710 2287 sive
1738 2230 1944 2308 poeta
1972 2223 2273 2287 bacchas
2305 2219 2579 2285 carmine
2603 2232 2718 2298 per-

554 2334 761 2410 petuo
793 2326 1006 2387 citatas
1036 2329 1105 2386 et
1135 2322 1572 2407 compellatas
1603 2322 1769 2386 dicit
1798 2344 1878 2385 eo
1902 2321 2104 2386 modo
2132 2343 2271 2407 quo
2294 2319 2386 2384 M.
2406 2315 2639 2382 Tullius
2656 2308 2718 2371 de

555 2425 799 2490 finibus
825 2423 996 2486 libro
1029 2444 1098 2496 11,
1122 2420 1199 2485 18
1238 2420 1507 2484 Graecos
1535 2431 1865 2507 anapaesto
1907 2422 2114 2484 citatos
2139 2468 2159 2499 ‚
2196 2420 2342 2484 sive
2381 2418 2586 2500 ipsum
2607 2426 2719 2471 car·

555 2545 705 2588 men
733 2524 831 2587 ita
859 2523 1121 2601 citatur,
1156 2520 1289 2584 hoc
1319 2526 1425 2584 est
1455 2519 1654 2583 celeri
1684 2519 1896 2607 ἂΓωῐ-ιῇ
1927 2519 2281 2606 peragitur
2314 2566 2332 2597 ,
2372 2524 2447 2579 ut
2474 2504 2719 2575 Catullus

555 2625 739 2687 citata
779 2621 1053 2706 mpndia
1092 2619 1264 2684 dixit
1293 2619 1391 2693 63,
1409 2617 1526 2699 26,
1548 2625 1626 2681 ut
1671 2619 1856 2682 citari
1883 2640 2191 2703 Paeanem
2230 2616 2462 2680 Cicero
2503 2609 2578 2672 de
2604 2622 2719 2711 or?-

553 2727 705 2782 tore
735 2742 777 2794 1,
795 2718 914 2782 251
949 2726 1018 2781 et
1042 2717 1440 2805 ithyphallica
1469 2716 1917 2780 Terentianus
1945 2715 2230 2779 Maurus
2262 2733 2460 2778 versu
2495 2703 2720 2771 1845·111

554 2816 891 2881 Iuvenalis
920 2817 1127 2880 satira
1154 2838 1217 2891 x,
1236 2812 1316 2880 54
1345 2815 1514 2879 nihil
1542 2814 1689 2879 sani
1717 2820 1821 2878 est
1851 2820 1969 2877 aut
1995 2814 2066 2876 in
2093 2813 2201 2876 his
2224 2860 2244 2887 ‚
2287 2811 2457 2895 Erqo
2480 2818 2716 2888 θυρεπα-

557 2938 676 2979 cua
706 2924 814 2977 aut
826 2914 1179 2997 perniciosa
1208 2923 1500 2996 petuntur
1521 2961 1536 2988 ‚
1569 2919 1686 2976 aut
1713 2912 1781 2975 in
1810 2911 2119 2995 proximo
2148 2931 2393 2974 versu:
2436 2900 2716 2969 sanabun-

555 3019 667 3077 tur
712 3011 934 3074 omnia
976 3010 1335 3074 scribendo
1380 3011 1552 3096 Erqo
1573 3059 1590 3091 ,
1619 3033 1998 3096 supervacua
2037 3020 2143 3074 aut
2172 3034 2252 3074 ne
2279 3004 2607 3095 perniciosa
2634 3014 2716 3098 1⁹⁶1

555 3122 762 3177 tantur
781 3158 800 3190 ,
830 3109 1093 3193 Propter
1120 3130 1277 3194 quae
1287 3108 1403 3196 fas
1444 3121 1527 3174 est
1556 3132 1760 3194 yenua
1785 3110 2067 3173 incerare
2094 3103 2398 3172 deorum?
2423 3103 2488 3167 in
2515 3086 2716 3197 Tibulll

556 3233 598 3288 1,
619 3210 677 3283 7,
696 3207 772 3270 61
806 3228 1001 3270 nemo
1030 3227 1208 3278 nunc
1235 3208 1485 3291 probat
1515 3207 1699 3292 quod
1730 3206 1883 3270 libri
1911 3205 2267 3280 exhibent,
2308 3206 2389 3269 Te
2416 3196 2563 3265 canit
2585 3208 2715 3273 ayn·

558 3307 728 3385 cola,
748 3327 976 3390 maqna
1002 3318 1139 3368 ‘cum
1168 3307 1395 3370 venerit
1418 3306 1600 3369 urhe.
1633 3325 1839 3388 porro
1873 3325 1910 3367 e
1934 3303 2462 3366 consonantibus
2489 3291 2716 3357 tlittera

555 3403 775 3468 Ennio
795 3451 811 3478 ‚
833 3410 910 3466 ut
939 3424 1146 3488 supra
1176 3402 1315 3466 dixi
1333 3453 1348 3479 ,
1367 3405 1437 3467 in
1467 3404 1599 3466 fine
1624 3401 2104 3467 vocabulorum
2130 3410 2267 3465 tam
2292 3410 2571 3464 crassum
2594 3378 2716 3489 1·θᾷ-

559 3504 721 3568 dere
749 3502 896 3566 visa
927 3509 1031 3566 est
1061 3523 1295 3566 sonum
1321 3550 1336 3576 ,
1366 3509 1445 3565 ut
1472 3507 1709 3586 posset
1739 3500 2068 3585 syllabam
2097 3499 2365 3585 longam
2393 3494 2632 3561 facere:
2663 3494 2715 3538 ¹11

555 3604 701 3668 aliis
731 3601 973 3666 litteris
1004 3602 1175 3666 haec
1203 3607 1466 3665 tantum
1495 3600 1718 3664 inveni
1744 3647 1757 3662 .
1791 3600 2042 3663 Postilla
2058 3646 2076 3677 ,
2093 3618 2392 3683 yermana
2416 3605 2572 3655 soror
2597 3626 2611 3657 7
2638 3595 2713 3637 2²⁴⁶

552 3726 697 3766 rare
725 3702 975 3765 videbar
1007 3726 1030 3783 ,·
1080 3700 1135 3764 O
1157 3711 1368 3786 pater,
1394 3723 1429 3762 o
1452 3700 1688 3784 qenitor
1718 3745 1734 3776 ‚
1772 3721 1806 3760 o
1834 3720 2105 3782 sanquen
2132 3697 2227 3759 dis
2256 3689 2561 3759 oriundum
2584 3702 2605 3758 ἰ
2630 3671 2712 3736 ffi'

553 3811 714 3862 terea
726 3798 899 3886 fuyit
927 3800 1085 3862 albu'
1113 3799 1294 3862 iubar
1324 3797 1678 3884 Hyperioni'
1709 3818 1952 3865 cursum
1980 3820 2003 3877 ,·
2035 3794 2381 3858 Imbricitor
2399 3836 2416 3868 ,
2443 3775 2714 3869 aquilOW

551 3919 658 3958 suo
700 3918 838 3958 cum
859 3895 1120 3981 flamine
1149 3908 1359 3960 contra
1389 3921 1412 3977 ,-
1446 3894 1554 3958 Sic
1597 3894 1950 3979 eoepectabat
1970 3892 2237 3976 populus
2268 3899 2564 3975 atquevra
2588 3881 2710 3970 W

552 3994 686 4055 bat.
717 3992 1014 4055 Lucretii
1057 4000 1126 4056 et
1152 3993 1407 4057 Lucani
1444 3992 1629 4055 nulla
1668 3992 1935 4054 omnino
1981 3996 2085 4054 est
2122 3990 2192 4052 in
2233 3989 2367 4052 hoc
2404 3987 2623 4067 genere
2655 3961 2712 4022 1¹·

553 4089 772 4154 centia
803 4137 815 4150 .
859 4089 1162 4174 plerique
1191 4112 1329 4153 non
1356 4091 1486 4153 nisi
1514 4091 1583 4153 in
1611 4089 1905 4174 legitima
1936 4108 2217 4151 caesura
2245 4084 2353 4149 vel
2380 4083 2521 4144 ante
2548 4078 2711 4130 voca-

551 4188 709 4253 bula
742 4186 1004 4251 Graeca
1030 4190 1275 4252 breves
1305 4190 1536 4253 finales
1565 4189 2039 4275 produxerunt
2069 4235 2083 4248 .
2123 4186 2219 4249 ita
2249 4177 2525 4248 Lucilius
2565 4150 2709 4264 apud

549 4286 841 4351 Nonium
896 4308 958 4369 p.
979 4285 1118 4361 362,
1136 4287 1174 4347 7
1225 4287 1436 4351 Cetera
1479 4289 1799 4352 contemnit
1840 4286 1850 4371 Ι
1897 4297 1950 4349 ec
1993 4287 2058 4347 in
2097 4306 2288 4346 sensura
2331 4271 2517 4343 omnia
2545 4259 2706 4363 Ρθῑξῑί·

550 4382 851 4446 Catullus
883 4395 1094 4447 (tuctus
1120 4384 1468 4472 Hymenaeo
1488 4436 1501 4462 ,
1524 4380 1650 4450 iam
1680 4387 1911 4449 dicetur
1933 4382 2347 4470 Hymenaeus.
2370 4362 2710 4449 Propertlus
