2840 5008
511 374 601 440 26
1054 361 1063 366 l
1605 377 1637 445 1

493 560 749 635 propter
763 551 1045 635 plurima
1072 559 1214 612 tunc
1241 559 1333 612 esc
1352 549 1594 613 Idcirco
1625 597 1643 628 ,
1675 549 1810 613 hoc
1840 557 1947 614 est
1974 563 2115 616 tunc
2142 564 2199 616 et
2223 555 2468 619 Idcirco
2491 603 2510 634 ,
2545 558 2729 640 quod

503 672 545 714 a
571 649 883 714 Iuvenale
913 647 1234 731 scriptum
1264 668 1413 710 esse
1445 668 1605 710 sane
1634 649 1985 731 probabile
2016 657 2157 713 est.
2205 703 2214 709 .
2271 717 2277 722 ,

675 747 810 811 134.
856 746 1244 810 Canu-nnn
1289 768 1425 808 UTI
1467 768 1898 810 vmnnmun
1942 796 1956 810 .
2023 747 2226 812 Hunc
2267 771 2539 814 versum
2585 774 2723 815 cum

501 846 808 931 proximo
838 843 1226 908 Macrobius
1257 842 1790 907 Saturnaliorum
1818 844 1992 908 libro
2022 868 2092 909 vl
2110 893 2126 922 ‚
2151 847 2179 910 1
2226 868 2262 910 e
2306 847 2482 911 libro
2513 850 2719 934 primo

501 944 792 1008 Lucretii
821 942 1099 1028 protulit
1129 962 1278 1004 cum
1311 939 1694 1026 Vergiliano
1727 942 2041 1006 collatum
2063 992 2077 1006 .

671 1042 811 1106 141.
854 1060 1211 1116 Qunmvm
1255 1036 1614 1102 nrrnn'nn
1668 1062 2058 1131 annoni-m
2091 1091 2106 1106 .
2160 1043 2405 1130 Efferre
2460 1045 2718 1108 laborem

500 1143 614 1228 qui
636 1140 882 1205 dixerit
903 1138 1227 1202 neminem
1251 1139 1410 1202 novi
1442 1187 1460 1214 ,
1495 1139 1622 1202 nisi
1659 1160 1856 1224 quem
1879 1140 2236 1205 Turnebus
2270 1142 2402 1204 iam
2433 1142 2717 1207 advoca-

497 1240 594 1303 vit
628 1289 643 1314 ‚
680 1238 751 1301 in
781 1236 1183 1301 adversariis
1211 1240 1361 1312 x1x',
1386 1236 1491 1312 15,
1513 1236 1767 1300 Attium
1790 1284 1807 1311 ,
1839 1238 2027 1301 cuius
2057 1260 2257 1303 versu
2291 1239 2528 1304 Cicero
2562 1263 2716 1305 usus

497 1347 602 1402 est
628 1338 697 1400 in
728 1336 1037 1400 Sestiana
1072 1334 1189 1398 102
1222 1380 1239 1409 ,
1274 1336 1329 1397 si
1368 1335 1638 1399 laborem
1678 1358 1918 1399 summa
1961 1359 2097 1400 cum
2129 1361 2281 1401 cura
2309 1339 2528 1426 efferas
2557 1341 2715 1403 Nul-

494 1440 623 1503 lufn
655 1485 668 1498 .
710 1435 1006 1500 similiter
1043 1440 1266 1496 tamen
1305 1433 1452 1517 ipse
1483 1431 1714 1497 Cicero
1758 1433 1827 1496 in
1857 1428 2388 1499 Tusculanarum
2420 1435 2715 1521 disputa-

493 1537 750 1599 tionum
788 1533 960 1596 libro
1003 1553 1105 1605 ιν,
1123 1529 1203 1593 62
1244 1552 1283 1593 e
1323 1526 1602 1594 Graecis
1641 1531 1985 1616 Euripidis
2017 1580 2034 1608 ‚
2073 1534 2212 1598 Nec
2237 1534 2386 1621 fors
2415 1583 2433 1614 ,
2470 1559 2582 1599 nec
2623 1537 2715 1598 ira

494 1635 774 1697 caelitum
814 1631 1110 1692 invectum
1151 1631 1382 1692 ‘malum
1409 1677 1429 1708 ,
1477 1630 1656 1708 Quod
1692 1654 1816 1694 non
1856 1643 2082 1695 natura
2123 1631 2397 1696 humana
2426 1634 2714 1719 patiendo

493 1731 724 1818 ecferat
750 1776 764 1790 .
800 1725 923 1790 sed
950 1726 1021 1789 hi
1049 1773 1066 1800 ,
1096 1727 1224 1790 nisi
1252 1726 1453 1791 fallor
1473 1775 1489 1802 ‚
1511 1726 1591 1790 ’ἰὰ
1618 1730 1825 1816 efferri
1854 1728 2088 1794 dicunt
2107 1731 2305 1815 quod
2332 1741 2713 1816 susceptum

493 1827 878 1893 amoliamur
896 1874 910 1888 .
934 1824 1120 1910 quod
1137 1825 1597 1890 Wakefieldus
1620 1849 1771 1889 cum
1794 1849 1933 1891 non
1953 1828 2373 1913 intellegeret
2390 1877 2406 1903 ‚
2426 1837 2711 1914 utroque

493 1934 769 1992 auctore
813 1924 955 1988 sine
996 1923 1241 1988 iudicio
1271 1946 1437 1988 usus
1465 1925 1869 2009 improbavit
1885 1926 2172 2013 perferre
2199 1976 2214 2001 ‚
2251 1926 2439 2011 quod
2483 1936 2563 1991 ut
2603 1949 2711 2011 ap-

490 2025 815 2090 tissimum
839 2021 1179 2087 dederunt
1197 2023 1537 2086 Antonius
1559 2022 1788 2097 Marii,
1806 2021 2114 2087 Venetus
2138 2023 2357 2087 editor
2380 2025 2711 2109 (Brixien-

490 2126 580 2190 sis
613 2123 785 2186 enim
816 2128 885 2185 et
911 2120 1327 2186 Veronensis
1356 2122 1574 2208 efferre
1601 2119 1928 2205 habent),
1951 2121 2277 2186 Marullus
2308 2169 2326 2186 .
2362 2122 2492 2186 sed
2514 2123 2710 2187 veris-

488 2224 650 2287 sime
694 2220 1029 2305 Tanaquil
1070 2218 1290 2282 Faber
1333 2219 1603 2303 quemvis
1644 2239 2046 2281 surm-:nan
2105 2220 2375 2295 laborm
2431 2243 2518 2284 ex
2561 2243 2710 2285 con-

488 2320 696 2386 stanti
735 2341 863 2383 usu
909 2317 1205 2381 Lucretii
1238 2364 1252 2379 .
1292 2316 1403 2379 hic
1445 2315 1650 2401 igitur
1687 2340 1720 2379 s
1759 2316 1984 2380 littera
2022 2340 2168 2382 cum
2212 2318 2315 2382 bis
2356 2319 2711 2384 scribenda

486 2425 670 2484 esset
689 2467 704 2492 ‚
735 2415 985 2481 librarii
1009 2420 1383 2500 peccarunt
1411 2437 1426 2477 ε
1460 2435 1495 2476 e
1528 2415 1868 2478 contrario
1899 2438 2057 2479 mox
2091 2416 2207 2479 147
2239 2416 2622 2501 quadratus
2649 2427 2710 2481 et

485 2520 553 2583 in
584 2516 819 2582 eodem
846 2536 1048 2579 versu
1084 2562 1100 2589 ‚
1135 2514 1251 2580 ubi
1282 2513 1484 2577 estin
1512 2535 1582 2576 V1
1599 2514 1749 2588 ‚40‚
1775 2514 2107 2600 oblongus
2137 2518 2286 2580 Non
2313 2509 2516 2581 radiis
2540 2518 2677 2581 solis
2687 2542 2708 2598 ,-

487 2639 682 2702 quem
723 2636 995 2678 versum
1024 2612 1356 2677 Maximus
1400 2610 1807 2702 Victorinus,
1834 2635 1902 2696 p.
1924 2613 2085 2678 1968
2125 2613 2392 2697 profert
2434 2624 2707 2700 propter

481 2716 701 2799 ipsum
726 2711 892 2776 illud
921 2714 946 2775 i
973 2712 1044 2774 in
1070 2712 1202 2775 fine
1230 2712 1542 2776 vocabuli
1572 2732 1710 2787 non
1741 2712 1970 2776 elisum
2004 2759 2021 2786 ,
2068 2712 2253 2797 quod
2303 2721 2551 2781 contra
2577 2714 2703 2778 fac-

484 2821 621 2877 tum
655 2812 743 2875 sit
770 2812 837 2874 in
867 2810 1145 2895 Vergilii
1178 2832 1377 2875 versu
1405 2831 1633 2895 georg.
1658 2833 1713 2885 1,
1732 2810 1855 2873 446
1884 2857 1900 2885 ,
1939 2811 2188 2875 Diversi
2227 2824 2515 2896 rumpent
2550 2813 2705 2876 radii

483 2921 593 2974 aut
616 2910 721 2972 ubi
735 2909 983 2993 pallida
1010 2920 1217 2992 suryet
1245 2957 1259 2970 .
1298 2906 1423 2971 sed
1464 2908 1554 2970 ibi
1583 2906 2082 2971 Lindemannus
2112 2909 2415 2994 Maronis
2445 2931 2702 2974 versum

484 3005 898 3072 dimidiatum
939 3005 1337 3089 apposuisse
1383 3006 1550 3069 satis
1598 3005 1838 3070 habuit
1869 3054 1885 3081 ‚
1931 3007 2341 3091 grammatici
2383 3010 2595 3073 verba
2635 3015 2703 3069 ut

480 3103 777 3190 intellegi
803 3109 1086 3188 possent
1114 3102 1289 3166 nihil·
1307 3126 1551 3167 curans
1570 3154 1583 3167 .
2102 3129 2113 3137 ·

652 3203 788 3267 149.
817 3201 1341 3265 Paxncu’xum
1365 3225 1603 3267 cums
1634 3225 1717 3265 111
1739 3226 1834 3266 nc
1865 3224 2144 3266 Noms.
2168 3202 2494 3268 Marullus
2518 3205 2698 3265 Prin-

480 3304 707 3387 cipium
742 3300 888 3363 hinc
930 3301 1104 3363 cuius
1135 3348 1153 3379 ,
1196 3300 1527 3364 Avantius
1578 3301 1763 3365 Gaius
1793 3302 2179 3386 principium
2232 3301 2375 3365 hinc
2405 3350 2424 3381 ,
2464 3308 2698 3364 neuter

478 3400 645 3465 satis
673 3397 890 3483 perite
923 3446 936 3459 .
974 3397 1268 3461 Lucilius
1298 3396 1483 3483 apud
1509 3396 1799 3462 Nonium
1827 3420 1892 3482 p.
1911 3398 2035 3462 320
2065 3396 2135 3461 et
2162 3398 2285 3462 366
2320 3400 2510 3465 Cuius
2543 3400 2698 3462 mdiu

478 3498 744 3586 acsacie
767 3544 786 3576 ,
820 3496 963 3560 ludo
992 3518 1068 3559 ac
1094 3496 1463 3559 sermonibu’
1492 3497 1710 3559 nostris
1736 3544 1755 3575 ,
1804 3496 2068 3579 Viryinis
2092 3495 2208 3559 hoc
2225 3498 2500 3581 pretium
2529 3506 2698 3581 atque

475 3599 634 3662 hunc
675 3594 1071 3659 reddebamus
1110 3594 1400 3658 honorem
1439 3642 1452 3655 .
1499 3592 1635 3656 hoc
1690 3593 1904 3678 ipsum
1958 3595 2129 3657 cuius
2171 3595 2696 3679 monosyllabum

475 3694 756 3761 reddam
775 3692 1095 3757 Lucretio
1118 3692 1188 3754 in
1208 3690 1379 3754 libro
1404 3712 1507 3766 lv,
1535 3691 1696 3755 1089
1729 3738 1743 3752 .
1782 3691 2017 3755 Cicero
2039 3690 2110 3753 in
2130 3690 2397 3754 Arateis
2426 3738 2443 3766 ,
2478 3691 2566 3754 de
2588 3711 2696 3754 na-

475 3802 631 3857 tura
658 3791 939 3856 deorum
969 3790 1196 3865 11,109
1230 3837 1246 3864 ,
1300 3790 1503 3876 Atque
1544 3790 1672 3853 eius
1713 3790 1840 3874 ipse
1878 3800 2084 3853 manet
2121 3791 2410 3875 reliyatm
2453 3812 2698 3875 corpore

473 3902 623 3954 torto
638 3915 662 3970 ‚-
692 3888 778 3952 de
810 3910 944 3973 quo
976 3891 1180 3951 versu
1210 3888 1344 3972 egit
1371 3887 1710 3972 Hauptius
1738 3887 1807 3949 in
1839 3888 2425 3953 observationibus
2457 3887 2697 3950 criticis

474 4010 538 4072 p.
563 3985 643 4048 46
687 4033 701 4048 .
758 3985 988 4048 eadem
1047 3985 1318 4048 licentia
1361 3992 1628 4049 veteres
1683 3984 1832 4048 Itali
1888 3985 2206 4050 dixerunt
2248 3985 2430 4050 Ecco
2466 3985 2583 4050 Cin
2622 3986 2698 4047 da

476 4084 707 4149 Pistoia
738 4131 756 4162 ,
803 4083 1051 4147 Gnidon
1105 4083 1384 4148 dArezzo
1415 4109 1440 4165 ,-
1494 4084 1731 4164 Quanto
1786 4085 1850 4146 di
1893 4107 2018 4170 qua
2047 4108 2170 4170 per
2210 4106 2296 4145 un
2335 4084 2610 4168 miqliaio
2647 4082 2699 4144 εἰ

474 4195 648 4249 conta
662 4207 685 4264 ,-
709 4201 880 4265 quae
911 4179 1066 4243 mihi
1097 4179 1411 4245 videntur
1439 4182 1536 4245 ita
1562 4180 1926 4266 protulisse
1944 4230 1960 4257 ‚
1982 4188 2061 4245 ut
2087 4184 2112 4244 i
2138 4181 2366 4244 littera
2389 4180 2567 4244 inter
2596 4201 2696 4243 ce-

473 4290 655 4346 teras
699 4278 909 4365 magis
950 4287 1270 4344 sonantes
1319 4278 1745 4344 delitesceret
1774 4303 1789 4342 z
1827 4302 1981 4343 nam
2004 4284 2164 4366 θυαμ·
2183 4283 2331 4342 cum
2360 4278 2696 4366 monosyl-

472 4380 694 4444 labum
721 4377 1061 4442 faciebant
1078 4426 1094 4454 ‚
1119 4377 1434 4443 dicebant
1464 4400 1501 4442 e
1531 4377 1794 4442 duabus
1823 4381 1848 4441 i
1875 4379 2106 4463 priore
2134 4377 2293 4442 elisa
2315 4379 2472 4463 quai
2486 4426 2506 4459 ,
2555 4377 2696 4442 Non
