2840 5008
1144 369 1207 438 11

63 554 270 637 sponte
301 569 427 611 sua
454 546 648 609 forte
681 542 1068 608 offensando
1097 551 1173 607 ut
1201 543 1454 606 semina
1479 563 1705 606 rerum

60 661 432 743 multimodis
462 668 726 725 temere
754 658 820 721 in
851 671 1111 722 cassum
1138 658 1523 742 frustraque
1554 664 1790 722 coacta

63 776 296 843 tandem
328 776 700 839 coluerunt
727 795 803 838 ea
832 795 1004 858 quae
1034 781 1363 837 convecta
1390 780 1668 856 repente

65 912 417 977 magnarum
448 911 684 953 rerum
709 888 945 952 fierent
975 887 1251 952 exordia
1279 908 1576 973 semper,

66 1007 237 1070 terrai
260 1005 469 1068 maris
504 1012 577 1067 et
608 1003 769 1066 caeli
795 1002 1191 1089 generisque
1223 1003 1657 1067 animantum.

68 1141 240 1205 quare
268 1120 476 1183 etiam
508 1125 716 1202 atque
748 1117 945 1181 etiam
972 1118 1122 1182 talis
1149 1117 1405 1181 fateare
1436 1137 1714 1181 neeesse
1746 1125 1850 1181 est

44 1256 185 1297 ¹esse
212 1235 373 1298 alios
406 1234 575 1297 alibi
605 1224 1007 1317 eongressus
1034 1232 1363 1305 materiai,

69 1348 246 1433 qualis
272 1348 385 1412 hie
419 1355 567 1423 est,
591 1346 790 1411 avido
823 1346 1175 1432 complexu
1205 1367 1403 1431 quem
1431 1352 1619 1409 tenet
1648 1346 1914 1410 aether.

128 1463 483 1526 Praeterea
515 1483 669 1525 eum
696 1461 1003 1524 materies
1034 1469 1136 1525 est
1163 1462 1372 1526 multa
1397 1469 1665 1545 parata,

70 1599 191 1639 cum
216 1577 401 1640 locus
435 1582 549 1639 est
578 1584 810 1663 presto
831 1625 846 1651 ‚
869 1597 994 1639 nee
1022 1597 1131 1639 res
1162 1597 1286 1640 nee
1318 1596 1521 1639 eausa
1549 1584 1846 1640 moratur

67 1691 205 1765 ulla,
224 1691 361 1777 geri
394 1690 659 1755 debent
676 1740 690 1766 ,
713 1692 779 1753 ni
814 1691 1050 1754 mirum
1068 1740 1083 1767 ,
1109 1698 1177 1755 et
1205 1691 1475 1755 confieri
1502 1711 1613 1755 res
1632 1739 1645 1753 .

41 1820 212 1868 >nunc
240 1828 322 1869 ex
351 1805 723 1869 seminibus
742 1853 756 1879 ‚
781 1805 837 1869 si
864 1813 1054 1869 tanta
1082 1814 1186 1870 est
1216 1807 1410 1891 eopia
1441 1812 1760 1890 quantam

74 1940 425 1983 enumerare
459 1927 656 1983 aetas
686 1921 1088 1985 animantum
1116 1942 1253 1984 non
1283 1929 1491 2006 queat
1520 1921 1734 1983 omnis
1752 1969 1766 1994 ‚

75 2033 195 2115 quis
223 2034 455 2098 eadem
485 2042 733 2098 natura
761 2043 1016 2109 manet,
1045 2056 1216 2120 quae
1248 2036 1498 2099 semina
1525 2056 1746 2098 rerum

76 2148 342 2212 conicere
373 2149 445 2211 in
475 2149 634 2212 loca
663 2171 968 2234 quaeque
998 2158 1200 2234 queat
1228 2150 1419 2214 simili
1446 2149 1704 2213 ratione

75 2268 242 2346 atque
268 2263 403 2327 huc
436 2271 603 2327 sunt
632 2249 963 2335 eonieeta‚
985 2286 1259 2328 neeesse
1289 2271 1393 2328 est
1424 2264 1783 2328 confiteare

39 2390 54 2435 ε
78 2396 196 2439 esse
222 2378 384 2443 alios
417 2379 569 2442 aliis
598 2385 925 2442 terrarum
953 2378 1021 2442 in
1049 2378 1356 2466 partibus
1386 2379 1569 2443 orbis

81 2496 132 2554 et
152 2492 360 2557 varias
387 2492 738 2558 hominum
764 2494 981 2580 gentis
1013 2501 1082 2558 et
1110 2493 1330 2558 saecla
1357 2490 1646 2557 ferarum
1664 2541 1678 2556 .

146 2606 282 2670 Huc
312 2607 588 2672 aceedit
615 2614 692 2670 ut
716 2610 784 2671 in
816 2630 1071 2671 summa
1095 2630 1207 2673 res
1234 2608 1417 2672 nulla
1446 2608 1535 2672 sit
1560 2629 1695 2671 una
1713 2657 1728 2683 ‚

82 2720 243 2783 unica
270 2743 443 2806 quae
474 2721 787 2807 gignatur
818 2731 887 2786 et
913 2723 1109 2786 unica
1136 2724 1413 2808 solaque
1445 2730 1732 2797 creseat,

84 2834 213 2915 quin
238 2836 550 2920 aliquoiu'
581 2835 708 2899 siet
736 2838 936 2901 saecli
963 2835 1426 2922 permultaque
1457 2835 1695 2901 eodem

37 2957 63 3005 to
86 2946 190 3010 sint
214 2970 457 3034 genere
479 2997 493 3012 .
516 2950 585 3012 in
614 2950 838 3034 primis
868 2952 1257 3015 animalibus
1277 3000 1291 3026 ‚
1312 2953 1562 3016 inclute
1592 2951 1883 3027 Memmi,

85 3059 341 3128 invenies
372 3065 473 3128 sic
503 3065 955 3150 montivagum
984 3088 1192 3152 genus
1225 3088 1372 3131 esse
1400 3067 1720 3141 ferarum,

90 3173 163 3236 sic
186 3175 522 3241 hominum
549 3178 836 3262 genitam
864 3181 1122 3264 prolem
1141 3229 1156 3256 ‚
1181 3181 1277 3245 sic
1308 3180 1596 3265 denique
1624 3191 1842 3247 mutas

92 3292 547 3377 squamigerum
575 3292 871 3376 pecudes
905 3303 971 3359 et
1001 3316 1290 3380 corpora
1321 3303 1562 3360 cuncta
1591 3297 1957 3361 volantum.

93 3420 198 3482 qua
223 3414 503 3493 propter
535 3406 787 3470 eaelum
815 3408 1006 3473 simili
1033 3409 1292 3472 ratione
1319 3395 1767 3488 fatendumst,

37 3521 70 3569 ³5
94 3519 433 3606 terramque
466 3528 538 3584 et
566 3521 773 3584 solem
791 3571 805 3597 ,
827 3523 1051 3586 lunam
1070 3572 1084 3599 ‚
1107 3545 1287 3588 mare
1310 3533 1565 3600 ‚cetera
1597 3547 1768 3610 quae
1799 3533 1982 3600 sunt,

92 3648 199 3692 non
227 3654 368 3697 esse
397 3634 631 3710 unica,
654 3635 777 3699 sed
804 3658 1079 3702 numero
1110 3639 1319 3724 magis
1347 3639 1771 3716 innumerali3

93 3744 605 3832 quandoquidem
634 3750 808 3814 vitae
840 3750 1165 3836 depactus
1195 3754 1514 3818 terminus
1546 3753 1677 3816 alte

2206 371 2295 435 75

101 4054 203 4103 1059
235 4063 290 4108 ut
322 4049 594 4113 omissum.
635 4060 655 4127 ΙΙ
697 4066 821 4112 1061
853 4062 1093 4116 colerunt
1129 4064 1150 4134 ΙΙ
1187 4066 1428 4117 coniecta
1464 4067 1483 4134 Η
1524 4071 1652 4117 1062
1682 4082 1747 4117 ex
1773 4066 1958 4118 ordine
1996 4065 2015 4133 ΙΙ
2057 4071 2185 4118 1070
2213 4072 2266 4117 et
2303 4069 2324 4136 ΙΙ

100 4136 204 4222 1072
238 4136 333 4190 Vis
379 4142 400 4211 ΙΙ
452 4146 588 4193 1073
628 4159 861 4212 quaeque
896 4152 949 4196 at
997 4146 1017 4215 ΙΙ
1065 4152 1195 4199 1078
1231 4149 1518 4217 gignantur
1569 4149 1589 4215 ΙΙ
1641 4154 1768 4201 1079
1805 4148 2082 4218 aliquoivis
2129 4149 2150 4216 ΙΙ
2193 4155 2322 4200 1080

99 4213 240 4270 mdiee
272 4231 470 4276 mente.
514 4223 535 4290 ΙΙ
581 4228 706 4275 1081
746 4223 1020 4280 Invenisse
1057 4227 1078 4297 ΙΙ
1116 4235 1243 4282 1082
1282 4231 1543 4299 geminam
