2840 5008
1063 382 1067 387 ’
1177 402 1274 469 1v
2198 399 2337 467 223
2451 474 2456 481 ,

65 582 425 646 Lucretius
501 579 753 643 Caelum
807 578 972 663 quod
1023 576 1248 640 dicitur
1292 584 1401 638 αὲν
1423 623 1440 654 ,
1496 582 1735 638 contra
1790 571 2341 637 consuetudinem

65 678 278 742 huius
309 682 625 760 poetae,
659 674 744 739 de
776 696 912 759 qua
943 674 1046 758 egi
1078 672 1168 736 ad
1198 672 1440 737 librum
1473 695 1568 745 111,
1588 672 1669 735 94
1689 720 1703 735 .

247 774 405 838 142.
471 773 594 837 ΕΤ
638 795 1041 849 cumsqun
1095 794 1302 836 MODI
1347 784 2214 834 FORMARUM‘VERTERB
2261 785 2341 833 IN'

70 896 112 935 n
131 896 173 936 o
192 893 355 936 ΕΑΒ
383 918 400 933 .
455 869 818 955 Oblongus
862 871 1131 932 cuiusce.
1179 868 1478 933 eiusdem
1527 874 1873 932 corrector
1917 887 2152 943 onAs3
2196 889 2341 931 rec·
2403 926 2410 933 .

69 972 345 1035 tissime
369 1017 386 1032 .
439 992 600 1032 orae
630 968 805 1032 enim
835 977 905 1030 et
930 966 1042 1030 hic
1073 973 1142 1031 et
1169 968 1240 1029 in
1269 988 1475 1030 versu
1508 965 1627 1029 166
1656 973 1813 1029 sunt
1844 965 2307 1029 extremitates
2324 1013 2341 1040 ‚

73 1090 256 1153 quae
288 1088 548 1131 rerum
590 1065 1010 1151 superficiem
1039 1086 1118 1128 ac
1148 1066 1443 1150 speciem
1486 1063 1814 1128 efficiunt.
1859 1063 1957 1126 ita
1981 1062 2241 1127 Ennius
2273 1072 2342 1127 et

75 1166 451 1253 Vergilius
484 1167 754 1249 inqentes
782 1165 924 1227 belli
945 1187 1089 1254 ora-s·
1120 1161 1440 1227 dixerunt
1462 1183 1719 1225 summa
1739 1161 1898 1225 belli
1922 1160 2338 1225 discrimina.

78 1285 308 1350 neque
337 1264 557 1327 aliter
574 1262 799 1326 Varro
826 1260 910 1332 de
932 1261 1164 1346 lingua
1176 1261 1423 1324 Latina
1444 1260 1617 1324 libro
1637 1282 1762 1324 vm
1786 1283 1848 1345 p.
1867 1257 1989 1323 392
2013 1260 2113 1323 ,De
2132 1259 2339 1323 huius-

82 1385 144 1425 ce
171 1362 533 1447 multiplici
559 1371 786 1424 natura
816 1360 1232 1423 discriminum
1254 1405 1272 1437 ,
1314 1357 1466 1421 hoc.
1482 1365 1587 1421 est
1625 1357 2080 1422 discriminum
2111 1378 2146 1419 e
2175 1358 2339 1421 mul-

82 1460 302 1544 tiplici
328 1458 879 1523 declinationum
900 1465 1145 1521 natura
1164 1457 1645 1542 prodeuntium
1662 1504 1678 1531 ‚
1708 1480 1855 1521 orae
1877 1468 2015 1520 sunt
2032 1456 2147 1521 hae
2164 1504 2180 1531 ‚
2211 1458 2340 1521 sci-
2394 1514 2400 1522 .

86 1558 243 1621 licet
291 1569 620 1621 extrema
660 1564 730 1621 et
770 1576 1026 1620 summa
1050 1605 1064 1630 ‚
1116 1556 1187 1620 in
1232 1576 1405 1641 quae
1437 1555 1659 1620 omnia
1696 1555 1874 1619 inter
1918 1575 1990 1617 se
2021 1553 2340 1620 diversis-

88 1656 257 1719 sima
288 1663 566 1720 exeunt
582 1702 598 1728 ‚
628 1677 739 1718 cur
762 1666 818 1718 et
845 1677 964 1740 quo
988 1665 1042 1717 et
1061 1676 1239 1740 quem
1272 1655 1599 1718 admodum
1620 1656 1685 1717 in
1722 1654 2018 1739 loquendo
2039 1653 2341 1717 declinata

88 1765 226 1816 sunt
248 1755 454 1817 verba
472 1803 488 1816 .
524 1773 652 1816 nos
683 1752 773 1816 ad
804 1773 954 1816 eum
976 1750 1250 1815 modum
1277 1751 1564 1837 figurate
1588 1750 1870 1815 dicimus
1901 1742 2230 1815 eine'sache
2250 1752 2345 1815 bei

92 1852 206 1914 den
230 1851 484 1938 zipj'eln
513 1851 734 1937 jassen
749 1897 767 1929 ,
804 1849 982 1913 idem
1008 1849 1234 1913 Varro
1268 1850 1354 1914 de
1387 1870 1463 1912 re
1487 1849 1742 1913 rustica
1770 1872 1812 1924 1,
1825 1848 1883 1927 6,
1906 1847 1945 1912 2
1969 1849 2006 1911 5
2031 1848 2070 1911 6
2094 1856 2164 1913 et
2184 1848 2285 1928 20,
2302 1850 2341 1912 5

96 1950 215 2011 tria
227 1948 508 2034 formae
519 1948 786 2034 fastiyia
811 1966 939 2031 pro
963 1946 1182 2011 tribus
1211 1947 1575 2031 generibus
1598 1946 1889 2010 definitis
1909 1992 1925 2009 .
1955 1945 2044 2009 ad
2073 1954 2341 2010 nostra-

98 2046 262 2108 tium
289 2044 475 2109 illud
509 2046 816 2129 proxime
848 2043 1176 2107 Caecilius
1207 2043 1469 2108 Statius
1499 2044 1683 2129 apud
1712 2042 1988 2107 Festum
2017 2065 2081 2143 p.
2111 2040 2342 2119 182,22

108 2143 301 2207 Oram
323 2145 616 2229 reperire
634 2143 867 2206 nullam
886 2190 902 2219 ,
932 2164 1118 2227 quam
1147 2142 1466 2226 eapediam
1480 2190 1498 2220 ‚
1529 2163 1680 2227 queo
1695 2167 1719 2222 ,-
1750 2162 1923 2226 quae
1955 2140 2140 2204 docti
2168 2143 2341 2206 male

105 2248 538 2326 temptarunt
561 2289 576 2316 ‚
634 2262 783 2303 cum
837 2239 1094 2304 Ennius
1153 2261 1428 2325 quoque
1486 2247 1554 2303 et
1595 2238 1937 2323 Vergilius
1977 2236 2134 2302 belli
2184 2261 2343 2304 oras
2439 2232 2442 2235 ¹

107 2340 288 2402 evolvi
318 2338 632 2402 dixerint
650 2386 663 2401 .

272 2437 413 2501 133.
447 2461 491 2501 F
508 2458 553 2499 A
571 2458 605 2499 c
623 2459 696 2499 IL
713 2459 750 2498 E
771 2484 786 2501 .
816 2436 1162 2500 Librarius
1189 2435 1510 2522 quadrati
1535 2435 1819 2522 primum
1850 2436 2216 2524 scripserat
2226 2436 2342 2524 fa-

110 2557 236 2598 cere
253 2584 271 2614 ‚
310 2558 486 2599 mox
521 2556 750 2598 errore
792 2534 1260 2598 animadverso
1291 2535 1442 2618 ipse
1471 2534 1799 2598 correxit.
1839 2533 1974 2597 hoc
2004 2533 2061 2597 si
2092 2541 2209 2597 aut
2237 2542 2341 2598 ta-

111 2633 357 2698 cuisset
389 2641 520 2698 aut
548 2634 646 2697 ita
673 2641 752 2696 ut
793 2640 900 2696 est
926 2632 1305 2696 rettulisset
1333 2630 1844 2717 Havercampus
1888 2632 2087 2714 (dixit
2117 2640 2340 2697 autem

106 2724 324 2815 ‘facere
352 2732 406 2795 Z
428 2782 442 2796 .
498 2731 622 2796 sed
651 2731 1054 2816 superscrib.
1082 2730 1323 2817 facile’)
1342 2779 1358 2805 ‚
1390 2729 1885 2795 Wakefieldum
1916 2730 2192 2814 eiusque
2221 2753 2341 2817 pe-

116 2827 438 2913 disequos
469 2832 544 2894 in
572 2850 845 2916 gravem
877 2848 1174 2892 errorem
1203 2849 1342 2891 non
1367 2828 1749 2892 induxisset
1767 2875 1782 2892 .

279 2928 421 2991 143.
457 2948 680 3004 QUAM
709 2947 989 2990 FAclLl
1018 2949 1114 2989 ET
1146 2948 1441 2990 cumn
1472 2948 1837 2991 RATmNE
1872 2948 2344 2992 GERANTUR.

118 3019 473 3111 Oblongus
506 3048 691 3111 quam
715 3025 915 3111 facile
930 3073 948 3105 ‚
980 3024 1354 3108 quadratus
1384 3046 1542 3110 quae
1553 3025 1747 3112 facili
1764 3073 1779 3088 .
1808 3031 1948 3088 tum
1977 3025 2345 3090 Lambinus

121 3140 600 3197 ennxrzrmz,
653 3131 733 3186 ut
773 3143 980 3186 sanae
1022 3121 1265 3186 mentis
1308 3121 1645 3186 hominem
1690 3122 1954 3197 decuit,
2012 3121 2345 3207 quidquid

121 3214 586 3290 Wakefieldus
629 3228 697 3285 et
734 3221 1061 3306 Forbiger
1104 3220 1479 3286 blaterant:
1522 3220 1635 3284 hic
1679 3222 1852 3284 enim
1895 3227 2098 3305 poeta
2141 3220 2344 3285 docet

124 3332 316 3395 quam
334 3315 541 3382 facile
567 3326 635 3382 et
658 3318 965 3382 celeriter
982 3320 1317 3403 qiqnantur
1332 3367 1349 3396 ,
1381 3339 1542 3384 mox
1571 3318 1684 3382 176
1710 3340 1910 3403 quam
1933 3319 2135 3382 celeri
2154 3327 2346 3383 motu

109 3409 399 3491 ferantur
416 3464 431 3478 .

288 3510 426 3575 144.
476 3535 890 3591 LAPsAQuE
938 3537 1079 3577 can
1097 3537 1200 3578 AN
1218 3539 1258 3578 :r
1284 3563 1298 3578 .
1331 3515 1515 3578 ‘Post
1541 3514 1714 3578 haec
1746 3515 1955 3579 verba
1984 3514 2180 3579 deest
2206 3515 2379 3597 pri--

128 3621 295 3669 mum
324 3609 587 3696 Per-cipe
612 3612 721 3675 vel
750 3611 1103 3699 Espediam
1117 3662 1135 3692 ‚
1168 3621 1310 3677 tum
1340 3613 1628 3697 paucula
1658 3634 1698 3675 a
1729 3613 1970 3696 quibus
1997 3611 2164 3675 illud
2186 3613 2344 3675 enim

134 3703 311 3782 quod
347 3708 679 3771 subicitur
726 3708 1056 3795 pendeat.
1097 3731 1316 3794 neque
1355 3718 1581 3774 tamen
1619 3709 1825 3772 ullum
1861 3709 1973 3773 hic
2010 3709 2076 3773 in
2108 3706 2344 3772 codice

134 3799 501 3890 archetypo
524 3803 833 3871 defectus
855 3805 1173 3871 indicium
1188 3805 1399 3870 fuisse
1420 3804 1935 3870 existimandum
1954 3813 2059 3869 est
2075 3853 2091 3880 ‚
2115 3827 2346 3891 quam-

134 3894 230 3959 vis
254 3918 293 3959 a
311 3921 515 3967 versu
545 3903 661 3966 127
685 3926 901 3989 usque
927 3903 1015 3969 ad
1033 3905 1158 3969 298
1182 3905 1317 3968 sint
1339 3925 1579 3968 versus
1602 3911 1866 3968 tantum
1887 3904 2091 3968 modo
2118 3928 2347 3971 onxxn

139 3998 203 4052 et
223 3995 403 4062 tituli·
417 4008 557 4065 tres
577 4049 593 4076 ‚
617 4024 767 4066 cum
784 4010 1044 4087 septem
1066 4004 1351 4088 paginae
1369 4003 1678 4068 versibus
1700 4010 2014 4070 constent
2037 4025 2347 4067 chxxn:

141 4099 388 4171 septem
418 4106 643 4162 autem
680 4101 969 4185 paginae
1015 4121 1164 4164 esse
1197 4099 1451 4165 debent
1473 4147 1487 4175 ‚
1535 4091 1692 4186 quia
1720 4102 2064 4185 proximos
2109 4123 2349 4165 versus

140 4203 227 4247 Lu
255 4186 579 4259 299-347
624 4197 693 4259 in
723 4198 917 4261 unius
950 4196 1384 4282 eiusdemque
1429 4198 1724 4262 schedae
1760 4200 2023 4285 paginis
2055 4199 2348 4281 scriptos

140 4276 336 4350 fuisse
378 4312 499 4356 suo
544 4293 696 4357 loco
740 4292 829 4357 ad
868 4316 1137 4358 versum
1178 4294 1300 4357 323
1350 4294 1714 4361 declarabo
1736 4335 1753 4358 ·.
1799 4317 1952 4359 nam
1994 4296 2063 4358 in
2100 4294 2349 4384 pagina

146 4393 371 4446 aversa
410 4390 701 4455 schedae
742 4389 944 4454 huius
984 4391 1133 4455 libri
1181 4398 1464 4474 quartae
1506 4390 1782 4456 fuerunt
1824 4413 2063 4458 versus
2103 4398 2347 4474 poZitae
