2840 5008
508 381 648 450 286
1584 381 1649 447 V

671 555 811 618 251.
858 576 1059 618 rsus
1103 577 1362 618 ‘rx-:nna
1408 578 1569 618 uon
1612 577 1856 619 uLLA.
1902 556 2326 622 Veronensis
2370 560 2571 625 editio
2603 576 2711 626 ter-

505 657 604 718 rai
631 678 752 718 uon
782 675 825 716 n
839 675 882 717 u
898 676 934 716 L
957 675 993 715 L
1010 675 1052 716 Α
1080 702 1092 715 .

666 753 807 817 255.
838 775 938 815 An
982 775 1025 814 n
1047 773 1271 814 11,uv1
1289 774 1327 814 Β
1345 774 1391 814 u
1416 800 1431 813 .
1461 749 1663 816 Nonii
1693 750 1963 815 codices
1992 774 2055 836 p.
2077 753 2222 829 203,
2241 755 2323 818 27
2355 765 2597 820 contra
2621 759 2710 842 ip-

502 854 641 918 sius
669 860 958 916 mentem
988 853 1280 915 diludunt
1300 900 1314 913 .

665 952 809 1016 257.
852 973 999 1014 ruo
1055 970 1318 1012 PARTE
1374 970 1523 1012 suo
1580 971 1791 1026 ouon
1836 971 2162 1026 cunoni-2
2207 973 2414 1014 AL1'r
2460 974 2708 1016 Auem

501 1051 611 1115 Re
626 1074 723 1114 nn
740 1074 760 1113 1
776 1073 816 1112 r
833 1072 928 1113 nn
948 1098 961 1111 .
987 1047 1347 1112 Lambinus
1371 1056 1560 1112 reete
1577 1095 1593 1122 ‚
1617 1049 1923 1132 quamvis
1944 1048 2091 1132 ipse
2114 1058 2366 1132 postea
2381 1052 2710 1124 reiecerit‚

499 1173 691 1213 Amo
718 1198 730 1211 .
773 1149 871 1212 ita
899 1156 1184 1231 uterque
1212 1145 1587 1210 Vossianus
1617 1147 1729 1208 alic
1754 1147 1823 1209 in
1853 1170 1894 1221 1,
1912 1145 2035 1209 263
2076 1169 2175 1221 111,
2194 1147 2353 1222 970,
2387 1149 2712 1233 oblongus

499 1249 610 1311 alii
635 1248 703 1311 in
733 1269 793 1320 v,
818 1245 973 1309 1305
1001 1245 1114 1309 ubi
1148 1241 1523 1328 quadratus
1553 1244 1734 1317 calit,
1775 1244 1937 1306 item
1978 1244 2362 1328 quadratus
2395 1249 2517 1311 alit
2544 1272 2588 1322 1,
2604 1247 2711 1309 407

497 1369 558 1418 v,
589 1344 745 1409 1456
769 1394 784 1408 .
826 1365 951 1428 pro
998 1343 1300 1407 Redditur
1340 1341 1669 1406 Marullus
1716 1343 1980 1406 Raditur
2004 1391 2023 1422 ,
2071 1342 2261 1426 quod
2306 1344 2715 1410 diminuendi

497 1442 1046 1529 significationem
1087 1461 1224 1504 non
1269 1439 1499 1524 explet
1520 1489 1535 1503 .
1578 1448 1765 1505 reete
1807 1448 2169 1504 servarunt
2199 1443 2517 1507 Redditur
2543 1444 2713 1507 Nau·

495 1542 720 1627 gerius
764 1548 833 1604 et
855 1537 1315 1602 Wakefieldus
1346 1585 1361 1612 ‚
1402 1537 1476 1602 id
1521 1548 1628 1602 est
1667 1538 2084 1613 restituitur,
2126 1540 2540 1605 retribuitur
2562 1590 2581 1615 ‚
2623 1563 2712 1604 re-

496 1646 765 1703 creatur
783 1684 797 1698 .

657 1735 796 1798 264.
827 1755 1140 1797 nmmum
1185 1755 1588 1810 Qumqmn
1617 1783 1631 1797 .
1675 1734 1791 1800 Sic
1816 1735 2057 1798 iterum
2086 1756 2291 1799 versu
2320 1736 2490 1801 304:
2533 1744 2714 1800 utro·

491 1837 696 1921 bique
720 1841 1066 1898 corrector
1089 1833 1362 1919 oblongi
1369 1835 1650 1918 primum
1674 1855 1808 1910 Qm
1823 1855 1859 1897 c
1877 1855 1917 1908 Q
1933 1855 2013 1896 σι
2028 1856 2069 1895 n
2092 1886 2104 1898 .
2134 1833 2523 1917 quadratus
2549 1836 2711 1899 male

491 1937 580 1998 uti
606 1933 907 2020 quidquid
929 1932 997 1994 in
1028 1954 1071 2005 1,
1093 1930 1214 1994 215
1237 1978 1254 2004 ‚
1296 1931 1458 1995 item
1500 1931 1671 1994 male
1714 1931 2045 2016 oblongus
2091 1951 2131 1992 a
2161 1940 2565 1999 correctore
2596 1958 2711 2020 qua

490 2034 753 2120 quidque
782 2055 851 2105 11,
876 2029 1024 2104 166,
1057 2040 1124 2093 et
1153 2030 1364 2113 prima
1393 2050 1595 2092 manu
1626 2029 1974 2116 Quidquam
2001 2051 2045 2100 1,
2064 2027 2184 2093 535
2214 2030 2549 2114 scalpello
2580 2032 2711 2095 fac-

490 2142 629 2195 tum
662 2131 1002 2216 Quicquam
1018 2177 1033 2191 .
1057 2128 1165 2192 his
1190 2128 1493 2212 exceptis
1522 2128 1947 2191 membranae
1968 2147 2105 2189 non
2126 2135 2421 2210 peccant
2441 2178 2456 2191 .
2479 2130 2550 2193 in
2572 2130 2711 2215 lege

490 2230 751 2295 Thoria
777 2226 858 2290 32
897 2229 984 2290 ita
1022 2229 1145 2289 utei
1184 2226 1478 2312 quicq-uid
1513 2227 1830 2311 quoieique
1866 2236 2003 2288 ante
2029 2224 2188 2288 hanc
2214 2227 2408 2310 que‘m
2435 2240 2710 2312 roqatam

488 2331 687 2393 licuit.
717 2327 784 2390 in
801 2324 1100 2388 Terentii
1123 2322 1454 2407 Adelphis
1479 2345 1568 2397 ιν,
1587 2321 1644 2397 2,
1668 2323 1744 2386 51
1772 2331 1955 2387 recte
1978 2322 2298 2387 scribitur
2318 2335 2508 2412 atque
2526 2349 2707 2388 unum

488 2426 781 2514 quicquid
798 2472 814 2499 ‚
858 2423 1023 2510 quod
1061 2422 1300 2509 quidem
1343 2423 1459 2485 erit
1498 2410 1888 2484 bellissimum
1914 2468 1932 2499 ,
1981 2422 2250 2507 Carpum
2281 2469 2295 2483 .
2341 2443 2484 2485 non
2527 2433 2705 2487 recte

487 2527 555 2589 in
581 2524 922 2589 Ciceronis
955 2522 1040 2587 de
1069 2530 1311 2585 natura
1341 2519 1622 2584 deorum
1643 2542 1686 2593 1,
1705 2519 1783 2582 77
1809 2520 2100 2606 optimus
2129 2520 2354 2584 codex
2371 2569 2387 2595 ‚
2410 2523 2542 2586 nisi
2562 2523 2706 2587 Mo-

489 2645 680 2687 serus
724 2621 897 2686 fallit
918 2669 934 2696 ‚
966 2622 1244 2707 primum
1271 2618 1606 2705 quidquid.
1652 2638 1873 2702 neque
1902 2625 2087 2682 recte
2116 2618 2300 2702 apud
2327 2618 2703 2684 Varronem

487 2724 555 2784 in
593 2741 818 2783 rerum
848 2720 1252 2783 rusticarum
1282 2740 1323 2791 1,
1343 2717 1457 2791 5‚3
1497 2739 1615 2803 quo
1654 2717 1955 2802 quidquid
1994 2727 2256 2801 tempore
2294 2718 2363 2781 in
2407 2742 2478 2782 eo
2502 2720 2702 2806 fundo

469 2820 623 2910 fleri
662 2820 974 2909 conveniat
994 2865 1008 2880 .
1053 2817 1211 2880 item
1251 2816 1425 2878 male
1454 2815 1522 2877 in
1552 2815 1942 2878 Trinummo
1971 2814 2194 2878 Plauti
2222 2837 2311 2890 xv,
2329 2815 2390 2891 2,
2407 2816 2495 2880 39
2522 2841 2700 2881 unum

486 2916 819 3004 quidquid,
865 2914 1051 2999 quod
1089 2913 1500 2978 Ritschelius
1542 2913 1874 2991 correxit„
1920 2921 2159 2976 contra
2195 2914 2266 2976 in
2314 2912 2700 2993 Quintiliani

486 3039 548 3090 x,
572 3016 625 3095 1,
645 3013 685 3076 3
715 3020 785 3077 et
814 3013 870 3087 5,
889 3012 969 3076 23
992 3059 1007 3086 ,
1052 3012 1168 3076 ubi
1208 3012 1273 3074 in
1314 3010 1499 3074 libris
1531 3020 1636 3074 est
1662 3022 1732 3074 ut
1756 3012 2048 3097 quicquid
2060 3014 2406 3098 praecipue
2432 3038 2695 3078 necessa·
2779 3009 2786 3032 ⁸

484 3117 648 3178 rium
676 3126 763 3177 est
791 3120 859 3176 et
887 3122 953 3174 ut
977 3134 1089 3174 nec
1114 3133 1223 3174 suo
1253 3111 1383 3174 loco
1411 3110 1704 3196 quicquid
1717 3121 1991 3195 ponatur
2010 3158 2027 3188 ,
2071 3110 2531 3176 Frotseherus
2573 3134 2698 3175 non

484 3221 670 3276 reete
697 3212 862 3274 fecit
890 3211 1222 3297 quidquid.
1253 3209 1557 3273 similiter
1588 3209 1839 3272 erravit
1866 3208 1935 3270 in
1968 3208 2311 3272 Ciceronis
2342 3209 2432 3273 de
2459 3209 2698 3274 finibus

484 3332 545 3382 v,
563 3308 644 3371 24
673 3309 1029 3371 Madvicus
1048 3356 1062 3369 .
1095 3307 1279 3390 apud
1304 3307 1625 3370 Catonem
1654 3307 1712 3381 7,
1737 3307 1767 3369 1
1800 3304 1955 3371 libri
1974 3354 1990 3380 ‚
2020 3314 2099 3369 ut
2127 3312 2422 3369 testatur
2443 3307 2533 3371 H.
2552 3308 2696 3370 Kei-

482 3406 609 3471 lius
653 3407 724 3469 in
765 3405 1353 3469 observationibus
1383 3406 1547 3490 p.48
1569 3453 1584 3480 ,
1628 3405 1704 3470 In
1745 3406 1952 3469 eodem
1974 3405 2181 3492 fundo
2208 3428 2387 3468 cuum
2416 3407 2697 3492 quicquid

483 3507 716 3570 conseri
744 3515 1004 3591 oportet.
1049 3523 1313 3586 semper
1340 3505 1669 3589 quicquam
1698 3502 2127 3596 scribendum
2157 3524 2305 3566 esse
2323 3551 2338 3578 ‚
2370 3504 2498 3567 sed
2528 3505 2688 3591 quid-

480 3606 631 3693 quid
645 3654 659 3681 ,
690 3625 839 3669 cum
861 3602 1253 3667 relationem
1275 3608 1470 3664 notet
1485 3650 1501 3676 ‚
1528 3601 1696 3665 dixit
1712 3601 2096 3687 Wagnerus
2119 3602 2189 3663 in
2211 3601 2691 3686 orthographia

479 3702 872 3789 Vergiliana
896 3727 960 3789 p.
978 3702 1101 3765 459
1119 3706 1189 3765 et
1204 3699 1344 3775 467,
1365 3699 1679 3785 idemque
1703 3721 1827 3786 ego
1852 3698 1993 3762 dixi
2013 3699 2103 3763 ad
2123 3699 2363 3763 Gai’um
2383 3721 2452 3783 p.
2468 3722 2688 3763 xxx1x.

478 3801 586 3864 his
629 3808 1018 3884 poteramus
1063 3799 1318 3863 addere
1362 3799 1628 3884 quidque
1650 3846 1668 3877 ,
1712 3798 1844 3861 hoe
1876 3804 1981 3860 est
2011 3805 2079 3862 et
2109 3797 2274 3882 quid
2298 3845 2315 3871 ‚
2363 3796 2628 3861 differre
2655 3818 2690 3860 a

479 3900 736 3984 quicque
755 3945 771 3971 ‚
802 3919 928 3981 pro
961 3919 1094 3982 quo
1125 3897 1323 3981 pauci
1356 3895 1595 3960 eodem
1625 3917 1827 3960 sensu
1859 3894 2155 3958 dixerint
2183 3896 2478 3981 quicquid
2497 3945 2510 3957 .
2543 3895 2690 3958 huic

478 3995 609 4081 ipsi
639 3993 825 4078 quod
855 3992 1007 4057 dico
1038 3996 1339 4082 quicquid
1364 3993 1574 4056 simile
1606 3999 1711 4057 est
1735 3993 1807 4062 in
1835 3993 1982 4077 lege
2010 3992 2178 4056 Iulia
2206 3992 2588 4077 municipali
2619 3991 2689 4054 13

479 4114 834 4180 quemquem
875 4111 1002 4174 pro
1046 4114 1341 4178 quemque
1368 4139 1386 4171 ,
1451 4091 1631 4170 Quod
1670 4113 2026 4176 quemquem
2067 4090 2185 4154 hac
2226 4092 2353 4175 Ze9e
2389 4089 2690 4178 profiterei

478 4192 803 4277 oportebit:
847 4189 971 4253 sed
1010 4189 1080 4252 in
1123 4189 1357 4253 eadem
1397 4212 1693 4276 quemque
1721 4187 1801 4252 22
1826 4236 1841 4263 ,
1885 4211 2187 4276 quamque
2226 4190 2388 4251 viam
2428 4189 2545 4252 hac
2573 4189 2689 4271 que

347 4316 354 4329 ²
477 4312 769 4376 quemque
810 4288 969 4352 meri
1010 4287 1335 4371 oportebit.
1380 4288 1476 4350 sie
1512 4288 1655 4350 iure
1701 4286 1990 4351 consulti
2018 4308 2257 4372 quoquo
2303 4292 2372 4348 et
2413 4307 2685 4371 quaqua,

475 4388 680 4470 siquid
704 4412 744 4450 a
773 4407 1011 4473 quoquo
1039 4407 1248 4448 eorum
1258 4383 1505 4470 factum
1534 4407 1656 4448 esse
1685 4385 1918 4449 dicetur
1933 4432 1947 4461 ,
1978 4393 2271 4469 quantum
2298 4405 2539 4469 quoq-uo
2565 4405 2685 4445 mo·
