2840 5008
462 361 598 428 140
1518 361 1646 429 IIII

448 533 585 597 hoc
613 531 766 595 ideo
796 532 938 595 fieri
969 532 1150 615 cogit
1180 540 1417 596 natura
1436 583 1451 608 ‚
1480 532 1664 618 quod
1701 554 1929 596 omnes

455 647 756 731 corporis
789 645 1009 708 offecti
1038 667 1272 709 sensus
1302 668 1425 730 per
1454 649 1750 711 membra
1781 648 2134 731 quiescunt

449 783 576 825 nec
605 767 891 844 possunt
917 759 1156 823 falsum
1185 760 1359 823 veris
1392 762 1787 824 convincere
1815 762 2045 824 rebus,

309 893 407 938 765
451 863 801 962 praeterea
829 873 1199 937 meminisse
1227 874 1401 937 iacet
1430 874 1836 958 languetque
1866 896 2145 959 sopore,

450 1011 575 1053 nec
606 987 914 1051 dissentit
946 1008 1090 1050 eum
1122 988 1353 1051 mortis
1382 988 1633 1077 letique
1661 988 1946 1072 potitum

450 1105 580 1167 iam
609 1101 866 1187 pridem
884 1151 899 1177 ‚
922 1123 1119 1186 quem
1146 1123 1330 1164 mens
1361 1102 1586 1165 vivom
1616 1123 1688 1164 se
1720 1122 1991 1165 cernere
2023 1102 2264 1166 credit.

415 1203 419 1208 ¹
456 1217 640 1310 quod
671 1237 872 1301 super
903 1223 1037 1289 est,
1061 1237 1195 1279 non
1229 1224 1329 1278 est
1356 1215 1591 1277 mirum
1620 1216 1970 1280 simulacra
1998 1218 2248 1280 moveri

448 1329 897 1415 bracchiaque
926 1330 995 1392 in
1021 1351 1364 1392 numerum
1392 1330 1646 1392 iactare
1676 1338 1745 1393 et
1775 1339 1999 1394 cetera
2026 1332 2346 1395 membra.

309 1462 406 1507 770
449 1467 600 1509 nam
627 1445 702 1508 fit
730 1451 806 1507 ut
832 1445 900 1506 in
929 1446 1174 1508 somnis
1202 1444 1425 1506 facere
1454 1443 1586 1506 hoc
1615 1442 1925 1507 videatur
1952 1445 2199 1529 imago:

454 1560 699 1645 quippe
720 1606 734 1632 ‚
757 1559 870 1622 ubi
899 1559 1110 1643 prima
1139 1559 1312 1643 perit
1341 1558 1605 1641 alioque
1637 1565 1739 1620 est
1769 1557 1980 1622 altera
2008 1566 2163 1621 nata

448 1673 605 1751 inde
636 1680 816 1736 statu
834 1722 848 1747 ‚
871 1672 1056 1759 prior
1083 1672 1192 1735 hic
1223 1679 1484 1757 gestum
1511 1678 1806 1734 mutasse
1834 1670 2103 1736 videtur
2121 1719 2134 1734 .

449 1789 702 1854 scilicet
720 1835 734 1862 ,
756 1785 826 1849 id
854 1786 999 1849 fieri
1029 1786 1225 1849 celeri
1252 1786 1513 1848 ratione
1541 1784 2008 1870 putandumst:

299 1982 306 1990 ³
449 1909 639 1967 tanta
668 1908 772 1965 est
797 1900 1127 1964 mobilitas
1160 1908 1226 1963 et
1253 1921 1477 1963 rerum
1508 1900 1701 1985 copia
1729 1907 1949 1974 tanta,

303 2035 399 2081 775
444 2024 764 2099 tantaque
794 2015 1088 2079 sensibili
1117 2015 1357 2099 quovis
1388 2021 1493 2077 est
1522 2021 1821 2098 tempore
1851 2014 1918 2075 in
1947 2035 2083 2077 uno

448 2131 643 2219 copia
670 2129 1142 2215 particularum
1163 2179 1176 2204 ,
1198 2135 1276 2191 ut
1304 2127 1521 2213 possit
1550 2126 1981 2213 suppeditare
1998 2177 2011 2190 .

533 2245 914 2330 [Multaque
940 2244 1009 2305 in
1037 2243 1142 2306 his
1170 2244 1371 2306 rebus
1404 2250 1814 2326 quaeruntur
1834 2290 1850 2317 ‚
1869 2242 2209 2326 multaque
2236 2245 2433 2307 nobis

449 2356 900 2424 clarandumst
917 2406 931 2431 ‚
955 2357 1151 2444 plane
1180 2356 1238 2418 si
1266 2376 1372 2418 res
1405 2375 1740 2440 exponere
1772 2377 2067 2419 avemus,

448 2473 790 2560 quaeritur
818 2472 885 2536 in
916 2471 1140 2557 primis
1172 2490 1378 2555 quare
1399 2519 1413 2546 ,
1438 2468 1623 2555 quod
1654 2471 1891 2556 cuique
1919 2470 2127 2535 libido

301 2607 399 2654 780
441 2589 703 2654 venerit
721 2638 735 2664 ‚
761 2588 1092 2672 extemplo
1121 2607 1305 2650 mens
1338 2585 1587 2669 cogitet
1619 2585 1758 2649 eius
1786 2586 1858 2649 id
1886 2587 2131 2673 ipsum.

445 2724 616 2768 anne
643 2704 1056 2766 voluntatem
1084 2708 1384 2765 nostram
1415 2698 1768 2762 simulacra
1794 2707 2065 2764 tuentur
2083 2749 2097 2771 ‚

448 2825 515 2881 et
543 2817 735 2880 simul
763 2838 842 2879 ac
870 2816 1173 2895 volumus
1204 2815 1397 2878 nobis
1430 2815 1724 2877 occurrit
1751 2814 2012 2899 imago?

304 2948 401 2994 795
447 2930 633 3017 quod
663 2930 981 2993 sentimus
1009 2929 1082 2992 id
1115 2937 1221 2992 est
1239 2977 1253 3004 ,
1272 2936 1426 2991 ‘cum
1453 2950 1590 2990 vox
1622 2928 1938 2991 emittitur
1967 2951 2132 3004 una,

303 3062 399 3108 783
442 3046 502 3108 'si
529 3065 708 3108 mare
728 3092 742 3119 ‚
765 3045 820 3106 si
849 3053 1097 3107 terram
1127 3041 1381 3106 cordist
1401 3090 1415 3116 ‚
1439 3042 1495 3104 si
1527 3040 1814 3126 denique
1846 3043 2144 3107 caelum?

449 3165 817 3223 conventus
846 3158 1184 3222 hominum
1201 3205 1216 3231 ‚
1239 3176 1552 3242 pompam
1573 3204 1587 3231 ,
1613 3157 1919 3220 convivia
1936 3205 1951 3232 ‚
1973 3177 2234 3244 pugnas
2250 3207 2263 3232 ‚

299 3291 397 3339 785
444 3273 660 3338 omnia
687 3273 811 3335 sub
840 3275 1137 3338 verbone
1167 3279 1352 3335 creat
1380 3278 1621 3334 natura
1650 3279 1979 3357 paratque
1997 3272 2030 3332 ⁴?

446 3410 595 3453 cum
623 3387 1016 3472 praesertim
1046 3387 1186 3449 aliis
1219 3385 1451 3449 eadem
1480 3387 1548 3448 in
1576 3385 1847 3470 regione
1876 3386 2161 3471 locoque

442 3504 644 3588 longe
678 3501 1007 3564 dissimilis
1039 3500 1293 3563 animus
1323 3521 1434 3563 res
1465 3501 1717 3585 cogitet
1750 3500 1990 3563 omnis.

449 3615 611 3702 quid
638 3638 846 3704 porro
865 3663 880 3691 ,
901 3616 971 3679 in
997 3637 1339 3679 numerum
1371 3613 1743 3700 procedere
1774 3636 1920 3678 cum
1951 3616 2298 3679 simulacra

449 3733 775 3796 cernimus
803 3732 873 3795 in
904 3732 1149 3795 somnis
1182 3739 1249 3795 et
1276 3730 1500 3793 mollia
1528 3730 1819 3793 membra
1850 3751 2145 3799 movere.

303 3864 402 3911 790
447 3847 702 3923 mollia,
724 3847 1052 3911 mobiliter
1083 3869 1230 3910 cum
1262 3844 1535 3909 alternis
1568 3843 1880 3907 bracchia
1905 3845 2177 3911 mittunt

452 3950 520 4024 et
548 3950 847 4025 referunt
878 3961 1085 4024 oculis
1116 3968 1378 4046 gestum
1409 3956 1583 4044 pede
1616 3958 2075 4021 convenienti?

447 4076 732 4152 scilicet,
755 4084 899 4140 arte
930 4074 1203 4138 madent
1232 4073 1582 4137 simulacra
1613 4080 1680 4135 et
1710 4071 1912 4136 docta
1940 4080 2270 4158 vagantur
2292 4122 2305 4147 ,

453 4327 548 4373 766
586 4322 794 4391 litique.
835 4323 855 4388 ΙΙ
895 4328 989 4374 795
1032 4321 1405 4375 Consentimus
1445 4321 1464 4389 ΙΙ
1505 4327 1597 4373 791
1638 4329 1882 4391 repetunt
