2840 5008
487 412 622 479 140
1557 415 1619 483 II

652 585 825 650 1130.
856 586 1136 649 Donec
1183 608 1641 652 Ansscnnm
1693 639 1705 652 .
1750 588 2010 653 Nonius
2039 613 2102 676 p.
2121 592 2242 655 247
2274 600 2347 657 et
2375 593 2504 660 248
2532 598 2696 660 Ado-

451 686 602 748 ·lere
630 697 716 749 est
738 708 952 748 urere.
1169 686 1412 749 adolere
1428 734 1446 765 ,
1483 710 1707 772 anyere
1721 736 1739 766 ‚
1769 687 2070 751 honorare
2084 737 2102 767 ‚
2122 692 2477 774 propitiare
2494 741 2508 754 .

479 787 815 849 adolescere
831 832 849 862 ‚
874 808 1183 866 crescere‚·
1211 786 1372 848 unde
1400 786 1840 850 adulescentem
1867 788 2016 849 dicit
2040 788 2064 870 (
2078 786 2441 873 legendum
2473 798 2581 854 est
2608 794 2696 854 di-

478 884 705 966 cimus)
738 930 751 944 .
798 883 1123 945 Lucretius
1164 883 1263 946 lib.
1304 905 1354 945 11
1388 884 1673 970 Denique
1711 886 2094 948 adulescendi
2125 909 2432 950 summum
2461 891 2699 973 tetiyere

477 1005 802 1046 cacumen.
834 982 1138 1044 Laberius
1175 983 1240 1044 in
1282 981 1612 1045 ‘Sororibus
1641 982 1818 1045 Laus
1858 984 2096 1046 nomine
2127 986 2334 1068 qloria
2373 987 2693 1050 adolescit.

474 1079 656 1143 hunc
698 1078 970 1143 dedisse
1012 1079 1319 1142 existimo
1351 1080 1639 1165 Donique
1681 1082 2029 1194 alescendi,
2075 1090 2144 1144 et
2172 1082 2403 1161 Laus,
2445 1106 2695 1161 nomen,

468 1180 706 1262 gloria,
730 1179 968 1242 alescit.

646 1276 824 1340 1131.
854 1298 947 1338 ET
978 1297 1240 1339 soson
1268 1298 1684 1340 ADULTUM.
1703 1277 1780 1340 In
1805 1278 1977 1342 libro
2003 1300 2097 1354 111,
2119 1278 2274 1341 1017
2299 1231 2525 1342 robur.
2551 1279 2698 1342 Me-

476 1374 752 1440 diceus
735 1395 806 1436 m
835 1373 1172 1437 Aeneidos
1201 1396 1292 1446 xl,
1310 1373 1435 1437 368
1462 1374 1699 1453 rubor,
1735 1376 1917 1439 robor
1944 1375 2286 1439 Romanus
2325 1378 2392 1440 in
2425 1378 2699 1463 georgi-

475 1494 605 1536 con
635 1495 733 1546 111,
750 1471 872 1534 235
904 1520 917 1534 .
964 1471 1308 1534 Charisius
1345 1492 1413 1555 p.
1436 1472 1517 1534 66
1548 1472 1633 1536 (16
1666 1473 2047 1537 nominibus
2094 1495 2265 1559 quae
2310 1498 2382 1538 or
2425 1474 2701 1559 syllaba

472 1572 919 1636 terminantur
955 1571 1284 1634 Praeterea
1324 1584 1381 1635 et
1418 1573 1725 1635 neutralia
1764 1575 1945 1657 siqua
1983 1583 2124 1635 sunt
2146 1620 2164 1651 ,
2207 1585 2263 1636 et
2299 1572 2453 1635 haec
2494 1575 2701 1637 corri-

460 1672 720 1755 piwntur
735 1718 752 1748 ,
774 1671 931 1732 velut
953 1691 1182 1754 aequor
1203 1673 1485 1754 aequoris
1504 1719 1521 1749 ,
1552 1693 1825 1734 marmor
1843 1672 2170 1733 marmoris
2187 1718 2202 1745 ,
2223 1670 2406 1736 robor
2422 1672 2665 1735 roboris
2684 1720 2702 1746 ‚

474 1770 629 1832 ador
658 1769 900 1830 adoris.
934 1764 1168 1829 eadem
1195 1766 1436 1829 iterum
1468 1788 1529 1850 p.
1550 1766 1665 1830 95:
1688 1768 1785 1831 sic
1813 1766 1991 1830 idem
2023 1789 2087 1851 p.
2112 1768 2184 1829 17
2218 1775 2287 1829 et
2315 1766 2397 1831 29
2420 1815 2434 1830 .
2466 1789 2702 1852 gram·

472 1868 755 1930 maticus
776 1862 1219 1953 Eichenfeldii
1241 1886 1306 1948 p.
1326 1863 1419 1928 91’
1437 1864 1514 1928 Ιη
1542 1889 1615 1929 or
1641 1868 1984 1930 masculina
2011 1868 2216 1929 omnia
2235 1877 2404 1944 sunt,
2428 1870 2706 1952 exceptis

470 1965 563 2028 his
592 1965 778 2028 tribus
788 1963 1111 2051 femininis
1128 2011 1143 2037 ‚
1165 1986 1323 2026 uxor
1349 1986 1525 2026 soror
1554 1965 1739 2028 arbor
1760 2012 1778 2043 ,
1802 1966 2001 2051 adque
2020 1988 2127 2028 sex
2152 1965 2525 2028 neutralibus
2543 2012 2561 2041 ‚
2589 1990 2706 2029 cor

469 2087 701 2151 aequor
726 2085 1003 2126 marmor
1030 2063 1186 2126 ador
1205 2063 1387 2126 robor
1410 2063 1551 2126 ebor
1587 2111 1599 2125 .
1637 2062 1908 2126 Phocas
1930 2064 1999 2124 in
2023 2070 2169 2126 arte
2191 2086 2253 2148 p.
2280 2061 2436 2125 1695
2458 2075 2516 2126 et
2536 2088 2701 2127 neu-

466 2165 575 2228 tris
596 2163 688 2225 his
702 2210 719 2240 ,
737 2160 849 2224 hoc
869 2161 1026 2224 ador
1043 2208 1061 2239 ‚
1084 2160 1195 2224 hoc
1214 2183 1489 2224 marmor
1503 2209 1521 2240 ,
1546 2160 1658 2225 hoc
1678 2183 1937 2246 aequor,
1951 2161 2062 2224 hoc
2081 2162 2292 2224 robor.
2313 2161 2703 2246 Agroecius

466 2285 532 2346 p.
549 2259 714 2324 2269
745 2259 960 2322 Rubor
990 2260 1208 2322 coloris
1236 2269 1351 2336 est,
1373 2259 1562 2321 robur
1587 2261 1821 2322 virtutis
1842 2306 1857 2333 ‚
1902 2259 2084 2322 robor
2113 2260 2350 2322 arboris
2377 2306 2393 2322 .
2441 2268 2704 2325 contra

467 2357 916 2440 Quintilianus
953 2357 1024 2419 in
1063 2356 1236 2419 libro
1279 2379 1323 2430 1,
1341 2355 1397 2429 6,
1416 2354 1498 2418 22
1529 2358 1676 2419 ebur
1705 2368 1761 2420 et
1784 2357 1971 2419 robur
2009 2357 2097 2420 ita
2137 2358 2298 2421 dicta
2339 2381 2413 2421 ac
2451 2361 2704 2444 scripta

464 2459 713 2523 summis
741 2454 1084 2521 auctoribus
1111 2452 1325 2517 tradit
1342 2501 1358 2518 .

636 2557 814 2622 1135.
859 2555 1134 2618 PLmzA
1189 2575 1409 2618 mono
1456 2576 1896 2619 n1srAne1r
1947 2578 2042 2618 ET
2084 2576 2130 2616 A
2174 2576 2260 2616 sn
2305 2575 2702 2618 conronA

465 2678 758 2722 utrm-r
783 2704 797 2718 .
842 2654 1170 2738 Disparqit
1210 2653 1542 2737 oblongus
1573 2700 1588 2728 ,
1617 2653 1794 2717 idem
1842 2675 1882 2716 a
1925 2658 2313 2716 correctore
2357 2652 2698 2737 disperqit,

467 2753 844 2839 quadratus
869 2752 1174 2837 ambigue
1199 2751 1464 2838 syllaba
1480 2773 1661 2836 perp
1679 2752 1966 2825 litteram
1991 2748 2386 2837 perductam
2405 2756 2668 2815 notata
2684 2800 2697 2814 .

467 2849 714 2916 deinde
746 2848 1118 2932 quadratus
1148 2860 1206 2912 et
1230 2873 1270 2911 a
1296 2872 1360 2912 se
1390 2897 1409 2928 ,
1456 2849 1788 2935 oblongus
1829 2860 1993 2912 aetas
2021 2871 2091 2929 ε,-
2132 2845 2317 2932 quod
2351 2869 2471 2910 cur
2496 2859 2560 2911 et
2587 2871 2694 2912 An

464 2973 527 3012 se
549 2944 976 3011 scribendum
1001 2946 1090 3008 sit
1113 2946 1204 3008 ad
1223 2944 1466 3008 librum
1488 2945 1700 3020 v1‚925
1726 2966 2055 3029 exponam
2077 2994 2090 3008 .
2116 2943 2241 3008 sed
2260 2946 2433 3009 modo
2450 2993 2466 3019 ‚
2492 2946 2697 3029 quod

467 3044 793 3109 Lambino
820 3041 1162 3125 displicuit
1184 3089 1199 3115 ‚
1224 3044 1597 3106 sententiae
1621 3044 1872 3129 optime
1895 3044 2243 3123 convenit:
2268 3050 2373 3106 est
2394 3042 2572 3105 enim
2600 3044 2695 3108 ad

461 3144 576 3207 illa
605 3139 1035 3206 referendum
1065 3160 1234 3223 quae
1266 3150 1784 3223 praecesserunt
1806 3190 1821 3217 ,
1851 3143 2133 3226 auymine
2161 3141 2468 3226 adempto,
2492 3138 2710 3224 quod*

469 3246 816 3304 corrector
846 3237 1119 3322 oblongi
1147 3258 1284 3300 non
1313 3245 1500 3302 recte
1530 3237 1692 3302 fecit
1722 3240 1936 3323 adepto
1970 3286 1984 3301 .
2026 3246 2094 3301 et
2123 3238 2392 3301 Reizius
2421 3237 2511 3300 ad
2541 3237 2690 3301 Ru-

468 3338 737 3401 dentem
768 3336 1157 3401 observavit
1184 3336 1497 3399 Plautum
1528 3335 1932 3420 aliquotiens
1958 3336 2138 3399 modo
2164 3334 2504 3419 producta
2540 3336 2689 3421 syl-

465 3437 621 3501 laba
643 3433 1024 3520 posteriore
1048 3433 1297 3498 dixisse
1321 3433 1502 3518 (vide
1518 3434 1868 3498 Asinariae
1889 3433 2058 3518 prol.
2078 3432 2115 3497 5
2134 3479 2150 3507 ‚
2168 3433 2383 3496 Aulul.
2403 3456 2470 3507 11,
2486 3431 2544 3506 2,
2566 3434 2655 3496 62
2674 3482 2689 3506 ,

465 3532 710 3599 Pseud.
742 3556 811 3608 11,
828 3532 885 3607 3,
904 3531 985 3595 23
1007 3580 1022 3603 ,
1058 3530 1263 3596 Poen.
1294 3557 1336 3607 1,
1355 3532 1413 3607 2,
1432 3533 1534 3616 7),
1566 3538 1772 3616 atque
1802 3531 1935 3594 hoc
1963 3530 2143 3595 idem
2170 3536 2442 3614 poetam
2470 3528 2689 3593 Octa-

460 3636 610 3699 viae
638 3651 873 3695 ausum
903 3651 1053 3695 esse
1073 3651 1278 3693 versu
1299 3629 1422 3693 273
1446 3679 1459 3693 .
1482 3631 1552 3693 in
1576 3649 1709 3714 qua
1729 3650 1804 3693 re
1829 3648 2229 3714 quamquam
2253 3627 2690 3692 memorabile

466 3742 571 3799 est
609 3753 697 3796 ne
728 3732 1052 3796 Senecam
1095 3727 1368 3813 quidem
1410 3736 1527 3791 aut
1570 3728 1768 3792 alium
1807 3726 2072 3790 illorum
2111 3734 2487 3811 temponum
2516 3733 2687 3812 poe-

462 3839 600 3893 tam
632 3877 647 3904 ,
693 3849 840 3890 cum
869 3827 1099 3890 veram
1129 3849 1163 3889 o
1192 3825 1460 3889 litterae
1491 3825 1933 3911 quantitatem
1965 3844 2169 3908 saepe
2209 3822 2688 3908 neglegerent,

463 3945 783 4012 peccasse
813 3971 828 3998 ,
871 3933 1031 3988 sunt
1071 3931 1297 3988 tamen
1322 3924 1498 3987 inter
1527 3928 1794 3988 veteres
1823 3928 1984 4006 post
2012 3919 2323 3984 Plautum
2346 3968 2361 3996 ‚
2394 3942 2689 4006 quorum

464 4023 868 4088 auctoritate
888 4020 1164 4085 credere
1182 4021 1517 4106 possimus
1535 4021 1919 4085 Lucretium
1940 4027 2008 4082 et
2029 4019 2139 4082 hic
2163 4027 2232 4083 et
2254 4041 2462 4104 supra
2475 4041 2689 4083 versu

463 4123 580 4186 941
619 4128 688 4185 et
714 4118 1009 4183 fortasse
1030 4120 1097 4182 in
1123 4142 1208 4192 ιν,
1233 4116 1386 4182 1181
1412 4120 1590 4183 modo
1613 4116 2016 4202 produxisse
2034 4165 2047 4178 .
2071 4115 2433 4180 Terentius
2451 4117 2523 4179 in
2538 4116 2687 4180 He-

464 4243 626 4308 cyra
655 4243 718 4293 ν,
736 4217 792 4292 3,
811 4216 890 4280 32
921 4218 1085 4280 Eum
1113 4216 1262 4280 haec
1292 4219 1562 4302 coynovit
1584 4216 1915 4301 Myrrhina
1934 4217 1999 4277 in
2028 4214 2211 4298 diyito
2240 4215 2417 4278 modo
2443 4237 2540 4276 me
2568 4214 2686 4278 lia-

463 4321 628 4382 bente
652 4344 671 4379 .·
715 4323 901 4380 recte
947 4314 1116 4377 enim
1160 4314 1506 4377 Bentleius
1549 4313 1844 4376 editione
1890 4311 2188 4377 secunda
2231 4312 2481 4375 habente
2503 4358 2518 4386 ,
2557 4312 2688 4376 sed

462 4417 611 4478 haec
640 4433 1012 4498 pronomen
1041 4411 1108 4474 in
1141 4411 1336 4475 alium
1366 4412 1587 4475 locum
1617 4412 1901 4477 traicere
1931 4410 2095 4474 nihil
2123 4431 2294 4494 opus
2335 4417 2443 4473 est
2469 4456 2486 4484 ,
2532 4431 2687 4473 cum
