2840 5008
506 351 540 415 1
553 350 642 417 02
1579 352 1675 419 III

356 539 452 584 695
497 544 622 587 nec
641 572 655 598 ‚
680 531 815 616 tam
846 530 1201 586 contextae
1233 525 1581 599 cumsint,
1606 525 1786 587 exire
1817 524 2132 589 videntur

500 638 865 701 incolumes
895 659 1098 722 posse
1130 646 1198 701 et
1226 639 1449 701 salvas
1483 638 1833 701 exsolvere
1862 661 2011 703 sese

503 752 808 817 omnibus
838 773 875 815 0
903 754 1125 818 nervis
1157 761 1358 837 atque
1388 753 1652 817 ossibus
1681 753 2143 839 articulisque.

505 867 690 951 quod
720 868 775 930 si
803 867 979 931 forte
1008 875 1208 952 putas
1241 868 1657 932 extrinsecus
1685 868 2088 933 insinuatam

502 1003 893 1069 permanare
924 984 1206 1046 animam
1235 984 1428 1048 nobis
1459 1000 1586 1068 per‘
1608 984 1905 1046 membra
1932 985 2149 1047 solere
2168 1035 2184 1059 ‚

359 1113 461 1159 700
505 1095 696 1161 tanto
730 1097 976 1182 quique
1004 1098 1213 1184 magis
1244 1120 1393 1162 cum
1426 1118 1710 1184 corpore
1738 1096 1889 1161 fusa
1917 1100 2192 1182 peribit:

507 1210 694 1297 quod
721 1221 1070 1297 permanat
1101 1214 1269 1278 enim
1302 1212 1690 1277 dissolvitur
1709 1262 1724 1288 ‚
1745 1213 1975 1276 interit
2004 1234 2167 1298 ergo
2185 1262 2199 1275 .

506 1326 895 1412 dispertitus
927 1329 1097 1391 enim
1124 1350 1247 1412 per
1278 1329 1504 1391 caulas
1536 1329 1838 1415 corporis
1871 1328 2083 1391 omnis

506 1448 585 1504 ut
616 1442 801 1504 cibus
820 1491 835 1517 ‚
857 1443 926 1505 in
952 1444 1249 1508 membra
1276 1450 1479 1526 atque
1511 1450 1695 1506 artus
1726 1440 2154 1506 cum‘diditur
2185 1446 2396 1507 omnis
2416 1492 2432 1516 ‚

510 1554 790 1639 disperit
818 1565 1020 1641 atque
1051 1558 1243 1621 aliam
1271 1566 1581 1622 naturam
1609 1557 1853 1621 sufficit
1881 1579 1966 1619 ex
1995 1579 2067 1622 se
2086 1607 2101 1632 ‚

363 1686 461 1732 705
506 1669 601 1731 sic
631 1671 845 1732 anima
872 1680 1073 1755 atque
1105 1676 1357 1736 animus
1382 1655 1689 1757 ‘quamvis
1717 1672 1976 1756 integra
2003 1693 2237 1735 recens
2266 1673 2333 1734 in

512 1804 760 1867 corpus
791 1792 951 1846 eunt
968 1832 983 1858 ‚
1005 1793 1225 1848 tamen
1252 1788 1322 1848 in
1349 1786 1684 1850 manando
1717 1785 2175 1849 dissoluuntur
2190 1797 2212 1858 ,“

513 1895 670 1959 dum
701 1898 889 1981 quasi
923 1919 1040 1982 per
1072 1899 1295 1961 caulas
1320 1901 1532 1962 omnis
1564 1901 1884 1965 diduntur
1912 1901 1981 1964 in
2011 1909 2197 1964 artus

513 2012 875 2096 particulae
907 2012 1146 2096 quibus
1175 2013 1342 2075 haec
1374 1991 1571 2074 animi
1597 2021 1837 2076 natura
1865 2027 2161 2086 creatur,

515 2147 687 2210 quae
716 2149 894 2190 nunc
921 2127 990 2189 in
1019 2135 1254 2191 nostro
1286 2125 1668 2190 dominatur
1699 2147 1983 2209 corpore
2014 2139 2170 2193 nata
2243 2205 2248 2209 ᾗ
2335 2151 2336 2154 ’

371 2257 467 2302 710
513 2262 597 2303 ex
623 2240 734 2305 illa
763 2262 933 2325 quae
961 2249 1102 2304 tum
1129 2242 1326 2326 periit
1355 2241 1606 2326 partita
1634 2235 1754 2324 per
1783 2247 2001 2303 artus.

515 2352 648 2439 qua
678 2365 953 2441 propter
982 2378 1200 2441 neque
1231 2357 1433 2419 natali
1463 2359 1725 2440 privata
1752 2352 2021 2417 videtur

519 2491 663 2534 esse
695 2469 799 2534 die
831 2478 1071 2536 natura
1100 2472 1353 2540 animae
1383 2492 1506 2534 nec
1535 2469 1785 2534 funeris
1818 2490 2084 2556 expers,

596 2586 860 2650 Semina
887 2596 1237 2673 praeterea
1264 2588 1655 2671 linquontur
1679 2634 1693 2660 ‚
1710 2606 1921 2650 necne
1939 2633 1954 2660 ,
1978 2585 2214 2648 animai

517 2722 800 2786 corpore
829 2702 895 2764 in
925 2703 1229 2766 exanimo
1247 2702 1279 2764 Ρ
1303 2700 1491 2786 quod
1520 2701 1576 2764 si
1605 2700 1942 2763 lincuntur
1976 2707 2042 2763 et
2069 2699 2327 2775 insunt,
2370 2773 2385 2788 ,

374 2831 470 2877 715
514 2815 682 2878 haut
711 2816 836 2879 erit
862 2824 939 2879 ut
965 2818 1200 2880 merito
1229 2815 1599 2879 inmortalis
1628 2815 1846 2899 possit
1873 2814 2140 2887 haberi,

518 2930 822 3014 partibus
852 2931 1106 2993 amissis
1138 2930 1454 3014 quoniam
1480 2929 1686 2991 libata
1714 2929 2020 2992 recessit:

518 3046 621 3108 sin
648 3045 743 3108 ita
770 3044 1043 3107 sinceris
1072 3043 1382 3106 membris
1412 3042 1634 3105 ablata
1662 3042 1986 3127 profugit,

518 3166 595 3223 ut
621 3159 835 3222 nullas
865 3157 1078 3244 partis
1104 3158 1173 3220 in
1205 3178 1490 3244 corpore
1519 3156 1785 3240 liquerit
1816 3178 1900 3219 ex
1932 3179 2032 3233 se,

519 3271 698 3336 unde
729 3270 1060 3335 cadavera
1084 3273 1383 3337 rancenti
1411 3271 1541 3334 iam
1571 3270 1826 3334 viscere
1855 3292 2114 3336 vermes

377 3403 475 3449 720
522 3387 828 3471 expirant
846 3434 860 3460 ‚
885 3393 1086 3470 atque
1114 3385 1294 3449 unde
1325 3387 1732 3449 animantum
1763 3386 1956 3471 copia
1984 3393 2173 3450 tanta

525 3521 689 3564 exos
720 3507 787 3563 et
817 3500 1136 3585 exanguis
1166 3500 1457 3564 tumidos
1489 3500 1888 3584 perfluctuat
1917 3501 2150 3564 artus?

523 3612 709 3699 quod
738 3614 795 3677 si
822 3613 1001 3679 forte
1032 3616 1282 3679 animas
1314 3616 1733 3680 extrinsecus
1761 3615 2080 3679 insinuari

520 3729 855 3792 vermibus
888 3738 954 3794 et
981 3731 1206 3815 privas
1235 3731 1303 3793 in
1334 3749 1624 3814 corpora
1650 3751 1854 3814 posse
1881 3730 2110 3793 venire

525 3841 742 3906 credis
761 3892 775 3918 ‚
798 3865 923 3908 nec
950 3853 1224 3931 reputas
1255 3867 1373 3909 cur
1401 3844 1577 3907 milia
1604 3844 1813 3907 multa
1841 3844 2204 3908 animarum

380 3973 477 4018 725
524 3958 924 4022 conveniant
951 3957 1131 4021 unde
1161 3982 1294 4023 una
1319 3959 1708 4031 recesserit,
1729 3959 1862 4022 hoc
1891 3966 2111 4021 tamen
2144 3969 2246 4023 est
2273 3971 2350 4022 ut

1388 4092 1413 4107 0

530 4241 626 4288 702
666 4235 991 4304 Dispertitur
1029 4252 1155 4304 ergo
1225 4236 1244 4304 ΙΙ
1318 4244 1411 4289 705
1454 4238 1688 4305 quamvis
1728 4247 1807 4290 est
1869 4238 1888 4305 Η
1948 4239 2000 4289 in
2038 4245 2301 4292 omissam.
2362 4238 2381 4304 Η
2444 4243 2539 4289 710
2576 4246 2686 4290 tuuc
2733 4236 2749 4301 ΙΙ

529 4322 626 4369 718
664 4317 736 4372 Et
771 4318 792 4386 ΙΙ
831 4323 928 4370 719
967 4317 1141 4370 vicere
1179 4320 1197 4388 ΙΙ
1236 4325 1331 4370 723
1370 4321 1520 4388 priva
1556 4321 1599 4372 si
