2840 5008
1181 439 1211 504 Ι
2220 442 2301 506 31

70 591 336 699 ossaque
368 622 441 676 et
473 612 746 676 omnino
775 632 979 675 venas
1011 611 1353 695 partisque
1382 612 1673 685 cruoriS‚

67 732 163 793 fiet
187 729 281 792 uti
313 729 512 792 cibus
548 726 758 789 omnis
778 774 792 800 ‚
817 733 882 790 et
911 724 1137 790 aridus
1168 731 1236 788 et
1263 724 1483 809 liquor
1509 726 1684 811 ipse,

34 878 37 897 ›
69 865 135 906 ex
162 830 555 927 alienigenis
585 840 785 903 rebus
817 846 1125 904 constare
1154 846 1458 925 putetur,

68 958 305 1020 ossibus
338 963 409 1019 et
440 955 673 1018 nervis
701 954 1019 1039 venisque
1053 961 1120 1017 et
1149 954 1471 1039 sanguine
1499 954 1708 1018 mixto
1727 983 1767 1017 .-

68 1080 393 1155 praeterea
427 1090 608 1154 quae
639 1090 916 1153 cumque
948 1089 983 1131 e
1015 1055 1194 1132 terra
1223 1089 1512 1154 corpora
1542 1077 1853 1134 crescunt

69 1186 115 1247 si
140 1193 281 1271 sunt
307 1185 380 1247 in
410 1183 620 1247 terris
641 1232 655 1258 ‚
680 1191 920 1246 terram
951 1189 1261 1245 constare
1289 1191 1638 1247 necessest

68 1321 138 1361 ex
160 1298 546 1384 alienigenis
566 1327 591 1372 ‚0
607 1318 776 1382 quae
807 1297 1000 1360 terris
1032 1297 1453 1362 exoriuntur.

34 1440 37 1465 ν
65 1412 327 1476 transfer
354 1413 520 1475 item
541 1460 556 1487 ‚
579 1410 855 1475 totidem
884 1411 1109 1475 verbis
1138 1418 1329 1474 utare
1358 1412 1617 1476 licebit.

66 1526 120 1586 in
142 1526 327 1611 lignis
359 1527 420 1589 si
451 1525 715 1589 flamma
742 1526 907 1589 latet
934 1525 1288 1610 fumusque
1319 1527 1649 1611 cinisque,

68 1662 135 1702 ex
158 1640 540 1725 alienigenis
573 1626 942 1704 consistant
969 1640 1149 1725 ligna
1175 1649 1520 1705 necessest
1539 1689 1552 1703 .

67 1761 389 1836 praeterea
418 1754 624 1817 tellus
657 1776 828 1838 quae
858 1776 1147 1840 corpora
1177 1777 1458 1840 cumque
1488 1756 1636 1832 alit,
1661 1766 1861 1842 auget

65 1888 135 1929 ex
159 1868 539 1952 alienigenis
559 1917 574 1943 ‚
597 1889 769 1953 quae
799 1869 1180 1954 alienigenis
1210 1870 1513 1934 oriuntur
1530 1919 1543 1932 .

126 1981 475 2068 Linquitur
501 1981 614 2045 hic
646 1981 970 2076 quaedam
997 1984 1302 2048 latitandi
1331 1985 1527 2070 copia
1554 1986 1802 2062 tenviS,

61 2093 118 2157 id
144 2096 319 2178 quod
346 2097 796 2182 Anaxagoras
826 2098 949 2161 sibi
980 2100 1180 2163 sumit
1198 2147 1212 2173 ‚
1234 2105 1308 2162 ut
1339 2099 1657 2164 omnibus·
1674 2101 1883 2165 omnis

62 2230 151 2272 res
174 2218 365 2296 putet
394 2211 713 2274 inmixtas
740 2213 942 2275 rebus
970 2213 1231 2277 latitare
1249 2262 1265 2288 ‚
1288 2213 1412 2277 sed
1440 2213 1605 2276 illud

62 2343 360 2407 apparere
389 2347 600 2388 unum
620 2373 635 2399 ‚
660 2326 845 2390 cuius
878 2328 1011 2391 sint
1038 2328 1320 2411 plurima
1348 2327 1555 2390 mixta

62 2446 115 2500 et
137 2440 334 2525 magis
363 2440 438 2502 in
468 2446 789 2526 promptu
816 2442 1161 2527 primaque
1188 2442 1256 2504 in
1285 2440 1509 2506 fronte
1536 2443 1787 2508 locata.

34 2583 35 2588 ¹
62 2552 222 2636 quod
246 2561 474 2618 tamen
505 2576 546 2617 a
571 2576 736 2618 vera
761 2556 957 2641 longe
986 2557 1244 2620 ratione
1274 2557 1708 2642 repulsumst.

63 2670 482 2734 conveniebat
513 2670 686 2733 enim
714 2670 942 2756 fruges
975 2692 1244 2756 quoque
1275 2693 1477 2757 saepe
1496 2720 1511 2747 ,
1532 2673 1773 2762 minaci

62 2782 273 2847 robore
303 2805 460 2847 cum
494 2783 640 2847 saxi
668 2784 1099 2870 franguntur,
1121 2785 1382 2849 mittere
1411 2786 1669 2871 signum

62 2898 369 2981 sanguinis
402 2905 525 2962 aut
553 2897 837 2981 aliquid,
858 2906 1095 2963 nostro
1128 2921 1301 2984 quae
1331 2922 1616 2985 corpore
1647 2902 1940 2978 aluntur;

64 3029 185 3073 eum
208 3011 418 3097 lapidi
446 3011 740 3098 lapidem
768 3014 1042 3076 terimus
1061 3062 1077 3087 ,
1099 3035 1367 3077 manare
1398 3036 1700 3079 cruorem
1718 3066 1731 3079 .

61 3127 345 3204 consimili
375 3126 642 3190 ratione
669 3126 916 3217 herbas
946 3149 1215 3212 quoque
1245 3149 1449 3213 saepe
1480 3128 1765 3194 decebat

64 3246 118 3300 et
137 3238 337 3303 laticis
371 3240 595 3304 dulcis
622 3249 848 3326 guttas
877 3242 1199 3326 similique
1231 3263 1475 3328 sapore

63 3351 288 3417 mittere
307 3402 322 3429 ‚
344 3354 688 3439 lanigerae
720 3356 897 3440 quali
926 3362 1084 3419 sunt
1110 3356 1317 3419 ubere
1346 3356 1577 3432 lactis,

63 3465 279 3532 scilicet
299 3516 314 3543 ,
340 3475 412 3531 et
441 3468 656 3553 glebis
685 3477 1010 3533 terrarum
1042 3491 1244 3555 saepe
1273 3469 1486 3534 friatis

59 3575 385 3646 herbarum
415 3604 669 3669 genera
698 3591 764 3647 et
792 3583 1017 3669 fruges
1045 3583 1461 3669 frondesque
1492 3584 1700 3649 videri

61 3688 380 3777 dispertita
407 3698 590 3760 inter
617 3704 861 3760 terram
890 3698 1153 3761 latitare
1182 3698 1463 3775 minute,

59 3814 367 3886 postremo
396 3810 467 3873 in
494 3810 692 3894 lignis
723 3812 1005 3874 cinerem
1033 3797 1427 3896 fumumque*
1446 3811 1690 3900 videri,

63 3937 181 3983 eum
205 3924 591 4009 praefracta
615 3925 840 3989 forent
856 3975 871 4001 ‚
893 3926 1198 4011 ignisque
1225 3926 1436 3989 latere
1465 3926 1755 3991 minutos
1771 3977 1784 3990 .

65 4051 309 4113 quorum
338 4038 435 4101 nil
462 4038 607 4102 fieri
639 4040 947 4123 quoniam
978 4040 1329 4108 manifesta
1359 4040 1561 4104 docet
1589 4063 1730 4117 ωε,

64 4314 142 4361 866
173 4319 418 4389 sanieque
452 4320 472 4389 Η
512 4318 708 4370 mixta.
747 4317 767 4386 ΙΙ
803 4323 898 4370 874
937 4335 1070 4387 quae
1104 4318 1262 4389 lignis
1309 4318 1329 4389 ΙΙ
1377 4326 1474 4372 882
1512 4309 1629 4373 cum
1667 4322 1721 4374 in
1773 4322 1792 4392 ΙΙ
1837 4326 1933 4373 884
1973 4322 2024 4374 in
2060 4321 2286 4392 lapidem

65 4400 272 4451 tenemus
308 4400 329 4469 ΙΙ
369 4407 464 4454 885
503 4401 691 4453 herbis
730 4400 751 4469 ΙΙ
788 4406 884 4453 886
919 4401 1104 4455 latices
1141 4402 1160 4471 11
1199 4408 1296 4455 890
1333 4403 1385 4454 in
1420 4403 1441 4471 Η
1482 4408 1579 4455 893
1616 4422 1705 4457 res
1741 4412 2007 4458 omissum.
