2840 5008
1228 419 1314 486 ἸΙ

90 617 218 659 ηθθ
251 595 510 658 refert
545 615 626 656 ea
658 614 825 677 quae
855 602 1094 676 tangas
1127 615 1258 676 quo
1288 593 1463 655 forte
1495 594 1718 657 colore

92 710 448 795 praedita
482 708 626 770 sint
643 756 658 783 ‚
683 729 908 770 verum
940 707 1120 791 quali
1147 708 1354 791 magis
1384 716 1543 793 apta
1571 708 1782 793 figura
1803 760 1816 783 ‚

31 843 51 885 5
91 826 268 888 scire
305 824 497 886 licet
528 821 625 883 nil
652 822 991 907 principiis
1025 844 1194 906 opus
1225 843 1371 884 esse
1405 823 1696 895 coloreS‚

98 938 222 1001 sed
250 918 497 1001 variis
529 935 763 1000 formis
792 937 1127 999 variantes
1161 935 1362 1000 edere
1392 945 1640 1000 tactus,

183 1053 601 1116 Praeterea
631 1051 941 1134 quoniam
971 1072 1109 1113 non
1140 1052 1336 1114 certis
1369 1062 1552 1115 certa
1580 1052 1807 1137 figuris

100 1177 203 1231 est
231 1175 521 1231 natura
552 1165 799 1228 coloris
831 1174 896 1227 et
925 1166 1143 1228 omnia
1172 1166 1646 1252 principiorum

100 1283 595 1346 formamenta
624 1287 878 1364 queunt
904 1280 972 1341 in
1004 1280 1240 1363 quovis
1272 1301 1418 1343 esse
1448 1280 1694 1355 nitore,

35 1414 59 1456 0
101 1418 222 1460 cur
259 1418 363 1459 ea
395 1414 584 1480 quae
617 1400 926 1457 constant
956 1415 1041 1456 ex
1069 1394 1193 1456 illis
1224 1416 1361 1457 non
1389 1394 1644 1480 pariter
1674 1405 1840 1465 sunt

105 1532 319 1574 omne
358 1530 590 1594 genus
620 1508 891 1592 perfusa
919 1508 1255 1571 coloribus
1283 1510 1352 1604 in
1382 1530 1624 1594 genere
1658 1512 1835 1573 omni
1853 1512 1885 1572 Ρ

107 1623 600 1688 conveniebat
629 1623 798 1685 enim
829 1644 1072 1687 corvos
1105 1644 1376 1707 quoque
1406 1644 1609 1709 saepe
1641 1626 1927 1688 volantis

107 1761 191 1802 ex
224 1739 419 1803 albis
455 1736 685 1800 album
713 1738 928 1823 pinnis
956 1738 1205 1801 iactare
1237 1738 1560 1812 colorem,

107 1861 173 1916 et
202 1854 468 1938 nigros
500 1850 647 1913 fieri
677 1851 864 1936 nigro
897 1850 983 1914 de
1014 1854 1261 1915 semine
1294 1873 1546 1938 cycnos

42 1985 66 2027 5
109 1976 230 2031 aut
265 1966 417 2029 alio
454 1965 701 2048 quovis
729 1987 862 2027 uno
892 1965 1214 2051 varioque
1247 1967 1506 2030 colore.

196 2080 401 2160 Quin
435 2078 643 2141 etiam
673 2087 923 2163 quanto
954 2052 1023 2142 in
1052 2088 1283 2165 partes
1313 2103 1424 2144 res
1459 2102 1764 2165 quaeque
1794 2082 2081 2145 minutas

111 2193 547 2259 distrahitur
578 2193 784 2277 magis
805 2241 820 2267 ‚
842 2193 974 2257 hoc
1002 2196 1213 2279 magis
1247 2204 1350 2259 est
1378 2203 1455 2258 ut
1485 2216 1755 2259 cernere
1785 2197 2004 2283 possis

110 2328 548 2373 evanescere
579 2307 897 2392 paulatim
926 2310 1304 2395 stinguique
1334 2310 1659 2384 colorem3

109 2433 188 2489 ut
218 2425 303 2488 fit
334 2422 462 2486 ubi
491 2421 564 2483 in
594 2442 837 2507 parvas
866 2424 1077 2509 partis
1111 2425 1514 2511 discerpitur
1543 2444 1745 2488 aurea

43 2557 69 2600 ο
113 2560 476 2627 purpura,
501 2536 996 2623 poeniceusque
1029 2539 1214 2602 color
1245 2535 1628 2603 clarissimu’
1656 2539 1863 2601 multo
1883 2587 1897 2612 ‚

111 2655 363 2718 filatim
396 2674 552 2716 cum
585 2650 906 2718 distracta
934 2662 1036 2716 est
1055 2702 1069 2728 ,
1093 2652 1501 2738 dispergitur
1532 2652 1776 2726 omnis3

114 2789 421 2831 noscere
451 2775 530 2830 ut
559 2766 718 2829 hinc
746 2767 965 2850 possis
996 2767 1180 2851 prius
1213 2787 1474 2829 omnem
1505 2764 1729 2827 efflare
1762 2765 2052 2828 colorem

115 2881 503 2968 particulas
524 2930 539 2956 ‚
567 2902 764 2964 quam
793 2878 1146 2943 discedant
1174 2879 1261 2941 ad
1292 2880 1544 2942 semina
1572 2900 1823 2942 rerum.

203 2996 577 3059 Postremo
612 2994 923 3077 quoniam
952 3015 1089 3057 non
1120 2995 1339 3057 omnia
1371 3014 1658 3077 corpora
1687 3015 1920 3057 vocem

48 3111 398 3174 5·mittere
431 3106 751 3172 concedis
779 3129 997 3192 neque
1022 3106 1307 3171 'odorem
1330 3157 1343 3182 ‚
1364 3116 1727 3194 propterea
1755 3109 1829 3171 fit

119 3233 202 3289 ut
229 3246 376 3288 non
407 3197 720 3287 omnibus
750 3221 1095 3285 adtribuas
1126 3222 1385 3285 sonitus
1418 3231 1485 3285 et
1515 3222 1798 3285 odores:

124 3340 225 3401 sic
258 3338 475 3402 oculis
508 3336 823 3421 quoniam
851 3358 986 3399 non
1017 3338 1236 3400 omnia
1267 3357 1543 3399 cernere
1575 3337 1863 3420 quimuS‚

122 3453 304 3516 scire
333 3452 495 3515 licet
525 3450 855 3535 quaedam
882 3460 1019 3514 tam
1049 3460 1360 3515 constare
1391 3452 1560 3514 orba
1589 3452 1815 3514 colore

126 3586 333 3650 quam
362 3567 511 3629 sine
542 3563 755 3627 odore
784 3565 920 3628 ullo
953 3564 1282 3650 quaedam
1312 3566 1667 3649 sonituque
1697 3573 1955 3628 remota
1973 3614 1986 3639 ‚

51 3697 73 3740 0
119 3700 255 3743 nec
283 3681 502 3742 minus
533 3677 705 3741 haec
735 3679 1019 3741 animum
1050 3701 1457 3765 cognoscere
1488 3700 1691 3764 posse
1722 3700 2029 3763 sagacem

127 3814 336 3878 quam
366 3813 544 3878 quae
576 3799 738 3855 sunt
766 3793 907 3855 aliis
937 3794 1140 3857 rebus
1169 3795 1435 3879 privata
1462 3801 1701 3856 notare
1720 3842 1733 3854 .

223 3907 356 3971 Sed
387 3929 476 3971 ne
504 3907 685 3970 forte
714 3913 912 3991 putes
944 3906 1089 3968 solo
1121 3908 1408 3993 spoliata
1438 3907 1664 3970 colore

2321 431 2412 496 (37

138 4224 237 4270 814
265 4229 384 4274 sunt
412 4222 433 4290 ΙΙ
466 4201 681 4288 magnis
722 4218 742 4288 ΙΙ
781 4224 877 4270 815
904 4219 1107 4271 colore.
1148 4221 1167 4287 ΙΙ
1206 4226 1298 4272 821
1337 4220 1666 4289 Omnigenus
1692 4221 1711 4288 Η
1738 4177 1834 4271 8Ξ7
1863 4221 1962 4272 hoc
1988 4221 2155 4289 magis
2180 4218 2346 4284 magis
2385 4218 2405 4284 ΙΙ

144 4305 241 4350 829
277 4320 485 4356 aurum.
536 4304 561 4373 Η
611 4307 708 4352 831
753 4299 1060 4354 distractum
1098 4311 1179 4355 est
1216 4301 1541 4371 disperditur
1576 4304 1599 4370 ΙΙ
1643 4308 1741 4353 840
1779 4303 1864 4355 Νθ
1903 4302 1923 4368 Η
1959 4308 2051 4354 841
2094 4307 2347 4367 notaque.
2384 4299 2405 4366 Η

142 4388 238 4433 842
274 4386 486 4454 spoliita

1906 4482 1943 4544 5
1976 4485 1998 4508 G
