2840 5008
1144 387 1239 453 III
1336 407 1340 420 ¹
2225 397 2317 462 99

56 559 343 626 inbecilla
370 559 574 623 foras
595 609 609 635 ‚
630 561 697 622 in
729 568 966 644 aperto
989 608 1003 634 ‚
1023 560 1309 644 tegmine
1342 559 1612 645 dempto
1634 610 1648 635 ,

51 697 169 738 non
196 674 404 737 modo
437 696 586 738 non
617 695 878 738 omnem
908 674 1126 759 possit
1157 674 1402 738 durare
1431 696 1552 760 per
1583 695 1849 752 aevom,

54 788 157 852 sed
182 790 536 853 minimum
571 788 859 875 quodvis
888 797 1180 874 nequeat
1209 791 1577 853 consistere
1605 774 1871 877 tempus
1891 792 1923 853 P

54 925 159 966 nec
186 903 312 966 sibi
345 905 532 967 enim
569 905 921 989 quisquam
949 904 1238 968 moriens
1270 903 1526 982 sentire¹
1547 904 1814 969 videtur

53 1021 131 1080 ire
156 1017 341 1082 foras
374 1020 674 1082 animam
702 1019 1096 1081 incolumem
1129 1018 1213 1082 de
1245 1040 1530 1103 corpore
1563 1027 1709 1083 toto
1729 1069 1745 1094 ,

52 1153 158 1194 nec
184 1135 374 1219 prius
407 1132 507 1196 ad
537 1133 831 1218 iugulum
864 1141 932 1196 et
961 1155 1206 1218 supera
1235 1132 1600 1196 succedere
1630 1133 1888 1210 fauces,

56 1270 266 1316 verum
297 1247 603 1312 deficere
630 1249 699 1310 in
730 1256 914 1311 certa
941 1248 1216 1331 regione
1243 1248 1565 1321 locatam3

55 1373 118 1426 ut
142 1384 380 1426 sensus
412 1363 592 1425 alios
621 1362 688 1423 in
718 1363 893 1447 parti
926 1381 1257 1446 quemque
1287 1381 1408 1423 sua
1438 1361 1565 1422 scit

57 1475 347 1540 dissolui.
375 1475 578 1560 quod
608 1476 663 1538 si
691 1475 1057 1538 inmortalis
1089 1483 1325 1538 nostra
1351 1475 1532 1537 foret
1559 1496 1747 1539 mens
1764 1526 1779 1550 ,

59 1612 179 1653 non
204 1598 341 1653 tam
373 1613 453 1652 se
488 1590 776 1652 moriens
810 1588 1084 1653 dissolvi
1113 1597 1671 1675 conquereretur,

60 1703 166 1766 sed
190 1705 401 1790 magis
432 1705 540 1767 ire
570 1703 752 1767 foras
784 1709 1170 1788 vestemque
1200 1703 1574 1787 relinquere
1593 1753 1608 1780 ,
1632 1717 1709 1769 ut
1737 1709 2001 1793 anguis.

128 1818 433 1903 Denique
469 1840 593 1882 cur
623 1819 817 1882 animi
846 1838 1207 1902 numquam
1236 1839 1420 1881 mens
1454 1820 1929 1905 consiliumque

64 1932 330 2016 gignitur
361 1934 434 1996 in
469 1934 693 2018 capite
724 1941 838 1996 aut
869 1932 1151 2018 pedibus
1183 1933 1571 1997 manibusve
1590 1981 1604 2008 ‚
1630 1934 1752 1998 sed
1780 1938 1928 2001 unis

66 2046 317 2113 sedibus
350 2058 422 2112 et
456 2047 663 2110 certis
694 2048 1054 2132 regionibu’
1084 2048 1379 2133 pectoris
1408 2047 1676 2122 haeret,

68 2161 111 2221 si
137 2183 264 2224 non
294 2172 490 2227 certa
519 2162 672 2225 loca
702 2161 789 2225 ad
818 2161 1229 2226 nascendum
1258 2160 1527 2225 reddita
1556 2164 1794 2247 cuique

69 2283 235 2350 sunt,
260 2289 328 2340 et
356 2279 479 2342 ubi
515 2276 833 2362 quicquid
864 2278 1081 2363 possit
1113 2277 1356 2341 durare
1390 2285 1683 2341 creatum

28 2403 36 2444 )
69 2398 247 2473 atque
274 2392 372 2455 ita
399 2391 815 2456 multimodis
849 2391 1165 2477 perfectis
1197 2394 1477 2457 artubu's
1510 2414 1657 2456 esse
1676 2442 1691 2468 ,

70 2506 498 2572 membrorum
527 2517 605 2572 ut
634 2529 988 2593 numquam
1020 2501 1264 2573 existat
1291 2516 1771 2594 praeposterus
1803 2508 2019 2572 ordo?

72 2640 257 2703 usque
289 2621 466 2687 adeo
502 2624 806 2707 sequitur
834 2645 943 2686 res
973 2644 1109 2687 rem
1133 2672 1147 2699 ,
1171 2644 1389 2708 neque
1418 2623 1680 2686 flamma
1709 2624 1920 2709 creari

75 2730 425 2802 fluminibus
458 2738 726 2801 solitast
752 2759 971 2824 neque
998 2738 1068 2801 in
1095 2739 1231 2822 igni
1259 2739 1516 2823 gignier
1545 2737 1761 2821 algor.

144 2847 500 2917 Praeterea
530 2853 586 2915 si
616 2853 984 2916 inmortalis
1012 2861 1253 2915 natura
1283 2852 1586 2914 animaist

32 2972 44 3013 '›
78 2968 134 3022 et
159 2968 396 3031 sentire
429 2974 662 3052 potest
691 2977 951 3031 secreta
980 2989 1020 3029 a
1051 2987 1336 3054 corpore
1371 2968 1631 3037 nostro,

79 3077 342 3164 quinque
362 3132 377 3157 ,
406 3091 485 3145 ut
516 3083 755 3166 opinor
773 3131 788 3157 ,
814 3103 954 3145 eam
984 3080 1365 3145 faciundum
1396 3086 1503 3141 est
1532 3078 1838 3142 sensibus
1870 3087 2156 3144 auctam.

78 3209 178 3253 nec
203 3198 464 3261 ratione
496 3197 624 3260 alia
653 3205 914 3260 nosmet
940 3214 1318 3281 proponere
1347 3193 1544 3257 nobis

81 3324 405 3385 possumus
436 3310 733 3375 infernas
760 3312 1012 3374 animas
1040 3308 1427 3373 Acherunte
1456 3309 1715 3392 vagari.

83 3418 344 3501 pictores
374 3428 609 3512 itaque
643 3433 710 3488 et
740 3427 1137 3510 scriptorum
1168 3422 1390 3486 saecla
1415 3422 1643 3508 priora

38 3544 52 3587 0
85 3533 160 3597 sic
185 3541 429 3607 animas
458 3542 637 3605 intro
673 3540 1009 3604 duxerunt
1037 3538 1341 3602 sensibus
1372 3545 1606 3601 auctas
1626 3587 1639 3600 .

83 3658 140 3711 at
161 3673 364 3740 neque
399 3677 663 3721 sorsum
694 3656 866 3720 oculi
895 3674 1113 3738 neque
1143 3674 1339 3716 nares
1370 3674 1496 3717 nec
1524 3675 1760 3717 manus
1789 3654 1936 3739 ipsa

86 3781 206 3829 esse
231 3780 460 3854 potest
492 3771 746 3834 animae
765 3819 780 3845 ,
802 3790 1021 3854 neque
1052 3790 1313 3831 sorsum
1344 3769 1568 3853 lingua
1597 3788 1816 3852 neque
1848 3778 2077 3853 aures:

86 3874 238 3945 haud
261 3886 463 3971 igitur
493 3884 616 3970 p'er
645 3906 716 3947 se
746 3892 1030 3967 possunt
1060 3885 1309 3946 sentire
1339 3904 1558 3967 neque
1589 3903 1770 3945 esse.

94 4190 169 4239 612
202 4194 494 4251 inmortales
551 4198 572 4265 Η
628 4203 725 4248 617
765 4197 1008 4249 omnibus
1064 4197 1083 4265 ΙΙ
1139 4202 1239 4248 618
1276 4196 1446 4249 redita
1499 4196 1518 4263 Η
1575 4202 1674 4248 620
1709 4204 1764 4248 ta
1819 4198 1838 4265 ΙΙ
1892 4199 2117 4267 pertotis
2154 4198 2173 4265 ΙΙ
2211 4201 2308 4246 623

96 4271 221 4328 solita
250 4298 412 4352 neque
448 4281 645 4351 insigni
686 4280 706 4349 ΙΙ
745 4286 842 4332 624
880 4280 1117 4333 mortalis
1174 4281 1193 4349 ΙΙ
1251 4281 1534 4332 animaest.
1597 4281 1618 4348 ΙΙ
1679 4286 1775 4332 626
1814 4288 2047 4333 auctum.
2121 4282 2140 4349 ΙΙ
2211 4284 2308 4329 628

97 4368 271 4416 vacare.
319 4366 339 4432 ΙΙ
393 4371 493 4417 632
532 4364 706 4416 anima
757 4362 776 4429 ΙΙ
832 4368 928 4414 633
969 4362 1226 4416 Auditum

1828 4463 1906 4523 7.
