2840 5008
460 307 491 344 Γ

458 308 545 374 52
1547 309 1610 376 II

452 480 791 565 sanguinis
824 481 1134 566 expirans
1166 479 1449 543 calidum
1484 480 1568 544 de
1597 490 1874 567 pectore
1903 482 2178 547 flumen:

307 611 403 656 355
447 601 520 657 at
546 602 758 657 mater
787 593 1017 657 viridis
1048 594 1256 658 saltus
1289 595 1529 660 orbata
1555 617 1921 682 peragrans

451 709 668 772 noscit
694 709 874 771 humi
905 707 1189 793 pedibus
1222 711 1498 793 vestigia
1525 732 1759 794 pressa
1787 712 2057 774 bisulcis
2076 762 2089 788 ‚

448 824 666 885 omnia
696 823 1284 886 convisens-oculis
1314 823 1464 886 loca
1483 873 1497 897 ,
1522 826 1576 886 si
1610 835 1812 908 queat
1838 847 2121 910 usquam

449 938 834 1022 conspicere
865 937 1172 998 amissum
1202 936 1403 1000 fetum
1428 985 1442 1011 ‚
1468 938 1889 1022 completque
1921 942 2228 1025 querellis

445 1049 883 1113 frondiferum
910 1071 1141 1112 nemus
1173 1049 1511 1113 adsidueis
1530 1100 1544 1125 ‚
1577 1058 1644 1114 et
1672 1054 1910 1116 crebra
1937 1056 2166 1118 revisit

302 1181 398 1228 360
440 1164 529 1227 ad
557 1164 889 1228 stabulum
909 1213 925 1240 ‚
952 1162 1285 1227 desiderio
1316 1165 1892 1249 perfixa'iuvenci‚

442 1301 567 1367 nec
595 1287 865 1343 tenerae
894 1278 1128 1342 salices
1158 1285 1360 1362 atque
1389 1278 1639 1342 herbae
1670 1301 1822 1344 rore
1851 1283 2152 1366 vigentes

442 1394 840 1478 fluminaque
865 1392 977 1455 illa
1008 1399 1261 1475 queunt
1289 1394 1556 1455 summis
1587 1394 1876 1458 labentia
1903 1395 2063 1481 ripis

443 1510 779 1573 oblectare
810 1507 1093 1569 animum
1124 1506 1518 1591 solitamque
1550 1516 1854 1571 avertere
1885 1531 2108 1573 curam
2127 1560 2141 1585 ‚

439 1645 563 1687 nec
592 1622 954 1684 vitulorum
985 1620 1149 1683 aliae
1179 1622 1436 1706 species
1466 1644 1589 1706 per
1617 1620 1865 1706 pabula
1887 1623 2063 1688 laeta

296 1756 393 1802 365
438 1737 743 1801 derivare
773 1742 1025 1821 queunt
1055 1736 1338 1799 animum
1371 1757 1665 1820 curaque
1695 1736 1921 1799 levare
1951 1761 1964 1799 t

437 1874 652 1937 usque
683 1849 854 1914 adeo
888 1849 1205 1934 quiddam
1236 1852 1580 1936 proprium
1608 1858 1970 1935 notumque
2000 1852 2304 1936 requirit.

437 1973 790 2055 praeterea
818 1965 1030 2027 teneri
1056 1966 1352 2028 tremulis
1383 1954 1532 2028 cum
1561 1965 1837 2027 vocibus
1868 1965 2068 2028 haedi

439 2081 822 2172 cornigeras
850 2086 1100 2143 norunt
1128 2088 1372 2143 matres
1394 2129 1408 2154 ‚
1430 2080 1715 2163 agnique
1746 2079 1996 2164 petulci

433 2197 773 2261 balantum
803 2191 1132 2279 pecudes:
1158 2194 1253 2256 ita
1272 2242 1286 2268 ‚
1312 2192 1498 2278 quod
1528 2201 1768 2257 natura
1797 2195 2121 2279 reposcit,

291 2330 387 2377 370
432 2311 520 2375 ad
549 2332 669 2373 sua
699 2309 979 2394 quisque
1008 2309 1149 2371 fere
1180 2306 1546 2370 decurrunt
1573 2309 1781 2372 ubera
1811 2310 2029 2373 lactis,

433 2434 773 2514 postremo
808 2422 1103 2509 quodvis«
1123 2423 1522 2486 frumentum
1553 2444 1688 2485 non
1718 2432 1937 2487 tamen
1970 2446 2161 2487 omne

433 2542 679 2626 quique
708 2562 831 2603 suo
862 2561 1106 2624 genere
1137 2540 1315 2602 inter
1344 2558 1417 2599 se
1448 2538 1656 2600 simile
1689 2560 1834 2600 esse
1868 2539 2123 2602 videbis
2142 2589 2157 2614 ‚

432 2657 593 2740 quin
620 2656 1021 2717 intercurrat
1053 2652 1377 2738 quaedam
1409 2651 1726 2716 distantia
1753 2653 1980 2715 formis
1999 2701 2013 2713 .

434 2768 973 2852 concharumque
1003 2788 1211 2852 genus
1244 2768 1433 2851 parili
1461 2767 1720 2829 ratione
1750 2766 2050 2830 videmus

287 2901 384 2948 375
429 2884 703 2969 pingere
733 2883 987 2945 telluris
1017 2882 1334 2964 gremium
1353 2929 1367 2955 ,
1394 2902 1527 2965 qua
1556 2881 1862 2944 mollibus
1892 2880 2090 2944 undis

427 2997 642 3061 litoris
669 2996 923 3059 incurvi
952 2994 1239 3058 bibulam
1270 2994 1457 3078 pavit
1485 3016 1738 3079 aequor
1765 2994 2113 3059 harenam.

431 3083 637 3197 quare
669 3101 866 3174 etiam
896 3117 1096 3193 atque
1131 3110 1323 3172 etiam
1357 3109 1548 3171 simili
1577 3110 1834 3172 ratione
1863 3121 2234 3186 necessest,
2285 3151 2290 3158 -

428 3211 670 3290 natura
701 3226 1008 3311 quoniam
1043 3231 1357 3287 constant
1386 3244 1605 3307 neque
1635 3224 1815 3287 facta
1842 3245 2040 3287 manu
2071 3233 2229 3288 sunt

425 3342 623 3405 unius
654 3339 742 3403 ad
771 3348 1017 3403 certam
1047 3337 1324 3401 formam
1354 3338 1718 3423 primordia
1745 3361 1995 3413 rerum,

284 3473 381 3521 380
427 3456 724 3520 dissimili
752 3446 928 3518 inter
959 3475 1031 3516 se
1062 3452 1390 3536 quaedam
1420 3435 1699 3516 v01itare
1726 3452 1967 3538 figura.

507 3570 833 3636 Perfacile
866 3575 970 3632 est
999 3568 1112 3630 tali
1142 3568 1401 3629 ratione
1436 3568 1783 3630 exsolvere
1814 3569 2007 3631 nobis

425 3707 632 3770 quare
661 3685 1011 3749 fulmineus
1040 3682 1246 3745 multo
1279 3681 1686 3766 penetralior
1713 3683 1884 3767 ignis

432 3821 629 3883 quam
659 3808 892 3863 noster
911 3798 1063 3862 fuat
1094 3820 1128 3860 c
1159 3796 1377 3861 taedis
1407 3797 1837 3860 terrestribus
1869 3804 2087 3861 ortus:

427 4118 525 4163 354
561 4110 804 4163 callidum
844 4111 864 4178 ΙΙ
902 4115 998 4160 356
1037 4109 1278 4179 Nonquit
1317 4109 1336 4177 ΙΙ
1375 4116 1473 4161 359
1511 4110 1771 4163 adsittcns
1812 4117 1864 4163 ct
1898 4110 2083 4162 revisit
2119 4110 2328 4160 crebra.
2375 4107 2402 4178 HV
2448 4114 2549 4160 363
2593 4128 2685 4162 su-

419 4196 685 4263 bitamque
732 4194 752 4262 ΙΙ
802 4199 898 4245 371
938 4191 1179 4261 quodviis
1228 4193 1247 4261 ΙΙ
1296 4198 1392 4244 372
1434 4193 1678 4262 Quidque
1725 4192 1744 4261 ΙΙ
1793 4199 1884 4245 381
1927 4193 2081 4245 animi
2129 4192 2148 4260 ΙΙ
2198 4197 2293 4244 382
2331 4192 2479 4259 igne.
2521 4195 2541 4261 Η
2585 4198 2684 4245 383

418 4279 548 4333 fluat
