2840 5008
552 355 578 421 1
602 355 688 422 16
1611 357 1735 424 1111

542 530 637 593 sic
669 550 793 614 ego
825 548 1001 591 nunc
1019 578 1035 604 ‚
1058 528 1371 613 quoniam
1398 529 1568 594 haec
1594 530 1768 594 ratio
1799 532 2189 617 plerumque
2219 532 2487 599 videtur

542 644 798 708 tristior
830 665 977 707 esse
1009 644 1249 729 quibus
1279 666 1415 707 non
1449 653 1551 707 est
1578 653 1866 710 tractata
1886 695 1900 720 ‚
1923 655 2242 733 retroque

421 776 483 822 20
542 759 780 844 volgus
812 757 1130 822 abhorret
1160 758 1244 821 ab
1275 758 1402 821 hac
1422 808 1437 833 ‚
1460 760 1639 822 volui
1668 760 1789 823 tibi
1820 762 2308 847 suaviloquenti

545 875 831 937 carmine
860 873 1078 937 Pierio
1106 874 1434 937 rationem
1465 895 1802 960 exponere
1831 884 2130 940 nostram

544 991 613 1051 e't
641 990 832 1074 quasi
862 1010 1130 1054 musaeo
1163 987 1338 1052 dulci
1372 989 1756 1075 contingere
1784 991 2004 1066 1nelle;

544 1104 599 1168 si
628 1104 747 1168 tibi
776 1103 952 1167 forte
983 1104 1268 1166 animum
1297 1104 1412 1167 tali
1441 1105 1701 1167 ratione
1734 1112 1959 1168 tenere

540 1218 845 1283 versibus
874 1219 940 1282 in
973 1219 1218 1283 nostris
1249 1240 1513 1306 possem
1537 1267 1551 1291 ‚
1578 1218 1734 1281 dum
1763 1199 2051 1306 percipis
2081 1243 2341 1285 omnem

419 1354 482 1399 25
543 1344 844 1400 naturam
874 1355 1093 1396 rerum
1124 1355 1201 1395 ac
1231 1334 1560 1420 persentis
1589 1333 1937 1396 utilitatem
1960 1337 2009 1419 .]

624 1453 849 1536 Atque
879 1448 1073 1511 animi
1102 1448 1415 1532 quoniam
1447 1446 1647 1511 docui
1676 1455 1916 1511 natura
1947 1449 2111 1533 quid
2143 1461 2322 1515 esset

547 1575 615 1631 et
645 1566 887 1650 quibus
919 1584 954 1626 e
983 1564 1184 1625 rebus
1216 1583 1362 1636 cum
1388 1584 1671 1648 corpore
1703 1571 1969 1647 compta
1997 1564 2280 1650 vigeret·

545 1702 764 1766 quove
793 1676 995 1742 modo
1028 1676 1351 1741 distracta
1380 1676 1633 1740 rediret
1660 1677 1729 1739 in
1759 1676 1951 1741 ordia
1975 1680 2217 1764 prima,

543 1817 720 1858 nunc
751 1814 948 1879 agere
976 1792 1283 1879 incipiam
1312 1791 1465 1867 tibi,
1490 1790 1675 1876 quod
1702 1802 2043 1857 vementer
2073 1793 2158 1859 ad
2187 1794 2310 1858 has
2341 1816 2449 1858 res

422 1929 486 1974 30
549 1911 821 1984 attinet,
845 1929 995 1971 esse
1027 1929 1105 1971 ea
1138 1927 1308 1992 quae
1338 1928 1560 1970 rerum
1590 1906 1942 1970 simulacra
1969 1919 2317 1986 vocamus3
2347 1935 2352 1938 Ἴ

546 2046 749 2111 quae,
773 2023 964 2109 quasi
995 2022 1414 2085 membranae
1446 2035 1699 2085 summo
1733 2021 1816 2085 de
1848 2045 2130 2108 corpore
2161 2045 2380 2087 rerum

476 2138 481 2143 ’
546 2139 897 2224 dereptae,
920 2137 1204 2201 volitant
1230 2137 1541 2221 ultroque
1572 2137 1876 2223 citroque
1907 2159 2027 2225 per
2058 2159 2287 2214 auraS‚

543 2263 746 2339 atque
779 2252 1012 2316 eadem
1040 2253 1237 2317 nobis
1266 2251 1690 2337 vigilantibus
1723 2254 1919 2317 obvia
1949 2261 2203 2317 mentes

543 2347 911 2435 terrificant
939 2377 1142 2452 atque
1170 2368 1237 2430 in
1268 2368 1517 2431 somnis
1536 2415 1550 2442 ‚
1575 2389 1724 2430 cum
1754 2389 1863 2430 sae
1869 2389 1953 2453 pe
1982 2366 2230 2451 figuras

421 2504 484 2551 35
549 2485 921 2551 contuimur
952 2484 1148 2548 miras
1177 2483 1662 2568 simulacraque
1690 2464 1837 2545 luce
1870 2490 2239 2563 carentum,

547 2624 717 2691 quae
745 2623 870 2664 nos
899 2599 1209 2664 horrifice
1238 2580 1613 2685 languentis
1645 2619 1844 2683 saepe
1876 2619 2122 2684 sopore

545 2718 922 2788 excieruntt,
943 2736 1028 2777 ne
1056 2715 1232 2779 forte
1262 2716 1512 2778 animas
1542 2713 1928 2777 Acherunte
1958 2735 2220 2776 reamur

547 2830 835 2916 effugere
864 2838 980 2894 aut
1009 2831 1276 2894 umbras
1305 2831 1480 2893 inter
1509 2830 1701 2893 vivos
1731 2829 2041 2904 volitare,

474 2996 480 3005 ,
543 2967 714 3009 neve
746 2944 997 3030 aliquid
1024 2945 1237 3007 nostri
1267 2952 1427 3030 post
1453 2952 1736 3007 mortem
1764 2966 1967 3027 posse
1998 2943 2311 3028 relinqui,

421 3079 484 3124 40
547 3083 695 3124 cum
725 3081 968 3146 corpus
998 3058 1190 3121 simul
1217 3065 1419 3142 atque
1450 3057 1643 3120 animi
1673 3036 1913 3121 natura
1940 3064 2287 3144 perempta

542 3177 609 3240 in
639 3198 761 3239 sua
791 3173 1157 3238 discessum
1188 3170 1499 3235 dederint
1526 3160 1891 3256 primordia
1922 3172 2248 3255 quoique.

625 3292 796 3355 Dico
826 3289 1028 3372 igitur
1054 3308 1276 3359 rerum
1307 3285 1558 3370 effigias
1590 3285 1942 3368 tenuisque
1970 3285 2218 3368 figuras

545 3407 788 3469 mittier
819 3403 902 3465 ab
934 3401 1168 3481 rebus,
1194 3388 1447 3463 summo
1482 3400 1568 3462 de
1600 3420 1885 3485 corpore
1915 3421 2167 3475 rerum,

424 3540 482 3584 51
550 3539 719 3606 quae
750 3516 941 3602 quasi
968 3517 1390 3579 membranae
1422 3514 1531 3578 vel
1561 3521 1796 3577 cortex
1822 3514 2376 3599 nominitandast‚

547 3632 732 3720 quod
760 3633 1047 3720 speciem
1077 3653 1155 3695 ac
1184 3629 1467 3694 formam
1494 3630 1768 3692 similem
1797 3631 1969 3716 gerit
1998 3631 2145 3693 eius·
2167 3631 2384 3717 imago
2402 3680 2417 3705 ‚

545 3734 732 3815 cuius
764 3769 1044 3834 cumque
1077 3747 1254 3812 cluet
1284 3744 1368 3809 de
1400 3767 1687 3831 corpore
1716 3745 1866 3811 fusa
1891 3746 2154 3830 -vagari,

422 3884 487 3930 44
545 3864 617 3928 id
644 3864 801 3929 licet
828 3864 985 3927 hinc
1017 3863 1316 3948 quamvis
1345 3861 1574 3924 hebeti
1604 3881 2013 3947 cognoscere
2044 3860 2278 3924 corde.

422 4000 486 4044 54
544 3978 868 4065 principio
903 3979 1218 4064 quoniam,
1242 3968 1611 4047 mittunti'n
1639 3978 1841 4041 rebus
1872 3976 2122 4061 apertis

548 4153 569 4157 .,
584 4135 949 4157 -.—2.-—-...-..

547 4271 608 4317 21
647 4263 816 4334 plerio
856 4261 875 4329 ΙΙ
912 4267 972 4314 41
1015 4256 1277 4329 quaeque.
1316 4260 1335 4327 ΙΙ
1377 4265 1441 4310 42
1482 4259 1701 4327 effugias
1742 4252 1775 4325 Μ’
1801 4264 1862 4308 43
1902 4258 2099 4310 cortice
2137 4273 2343 4309 eorum.
2396 4256 2416 4324 ΙΙ
2462 4263 2526 4308 45
2551 4261 2697 4307 -48
2731 4274 2790 4296 ==

544 4346 895 4411 111,3l—-'34.
935 4344 955 4412 Η
994 4349 1056 4394 49
1081 4347 1314 4393 50:29
1337 4348 1429 4393 30.
1468 4341 1487 4408 Η
1528 4348 1585 4391 51
1632 4339 1735 4402 Qui
1772 4341 1790 4408 ΙΙ
1832 4346 1893 4391 53
1920 4340 2071 4412 >civet
2110 4340 2130 4408 ΙΙ
2169 4348 2230 4391 54
2268 4341 2548 4393 mittuntur
