2840 5008
477 403 618 469 262
1541 399 1638 466 IV

480 575 860 639 Tuumne
904 595 1168 650 Arous
1214 594 1395 637 mus
1442 595 1756 637 cni-:nno
1802 595 2263 637 PuLsARum
2308 596 2531 637 mci-u,
2574 575 2708 638 Ictu

481 675 640 752 εἰπε,
686 671 943 735 scilicet
985 673 1182 735 aei-ie.
1228 670 1353 734 sed
1395 679 1911 756 praecesserant
1953 672 2161 734 aeriae
2206 694 2442 751 aurae,
2482 693 2708 756 neque

480 770 617 834 ulla
646 777 751 834 est
778 769 1073 833 Lucretii
1100 769 1172 832 in
1200 768 1334 831 hoc
1376 789 1623 854 genere
1668 767 2122 855 neglegentia:
2165 790 2323 832 nam
2367 768 2564 853 quod
2608 780 2710 832 est

478 869 549 931 in
580 890 623 942 1,
641 868 762 931 352
779 916 797 946 ,
831 869 1117 931 Crescunt
1143 866 1391 930 arbusta
1606 914 1623 945 ,
1662 867 1842 945 Quod
1866 867 2031 931 cibus
2055 868 2122 929 in
2149 878 2304 931 totas
2324 868 2708 955 diffunditur,

480 966 553 1030 id
595 966 710 1030 vix
753 965 948 1029 aliter
993 964 1126 1029 dici
1169 964 1427 1049 potuit,
1470 985 1598 1027 nec
1640 963 1836 1028 facile
1875 965 2197 1040 sentitur,
2242 987 2397 1028 cum
2440 987 2584 1027 non
2625 965 2709 1028 sit

484 1064 819 1128 adiectum
851 1066 916 1127 in
945 1088 1079 1128 eas,
1127 1083 1288 1147 ergo
1335 1061 1767 1125 scribendum
1812 1061 1921 1126 hic
1968 1070 2072 1126 est
2114 1075 2295 1149 atque
2338 1085 2444 1126 AB
2490 1085 2707 1134 ιΒσε,

482 1162 625 1237 vel,
669 1164 725 1226 si
754 1162 887 1226 hoc
916 1161 1128 1225 mavis
1148 1208 1163 1236 ,
1207 1183 1364 1247 aque
1401 1161 1534 1223 ibus
1553 1208 1567 1223 .
1613 1162 1698 1223 eie
1729 1160 1837 1223 vel
1866 1162 1941 1223 iis
1971 1160 2234 1225 duabus
2266 1156 2557 1245 syllabis
2584 1160 2708 1222 Lu-

485 1262 733 1325 cretius
777 1282 1108 1346 nusquam
1152 1260 1399 1323 utitur:
1438 1261 1516 1321 iis
1545 1258 2059 1344 monosyllabon
2100 1257 2256 1322 libri
2301 1258 2711 1343 aliquotiens

487 1360 841 1433 exhibent,
882 1360 1148 1443 saepius
1177 1359 1310 1438 his-,-
1346 1359 1426 1420 iis
1451 1364 1740 1442 uterque
1767 1378 1857 1427 vx,
1880 1356 2035 1421 1212
2054 1403 2071 1430 ,
2099 1355 2489 1440 quadratus
2521 1379 2622 1429 111,
2641 1356 2712 1417 34

487 1455 608 1518 267
641 1478 729 1531 1v,
747 1455 959 1544 238ν,
982 1455 1132 1518 1091
1175 1453 1368 1529 1312;
1394 1456 1463 1517 in
1497 1476 1585 1528 w,
1606 1453 1763 1517 1154
1787 1453 2118 1538 oblongus
2135 1454 2356 1537 prima
2378 1476 2589 1517 manu
2616 1456 2715 1530 iis,

489 1552 862 1638 quadratus
893 1556 945 1615 is
975 1553 1105 1634 (ita
1133 1552 1203 1615 in
1231 1551 1570 1616 Aeneidos
1600 1574 1688 1625 ix,
1708 1550 1829 1614 274
1858 1550 2204 1615 Mediceus
2236 1552 2506 1637 Iris-uper
2534 1555 2626 1632 is,
2653 1553 2714 1613 in

489 1651 690 1714 Ennii
720 1672 922 1713 versu
955 1650 1267 1734 [spernas
1296 1649 1481 1734 apud
1509 1650 1784 1713 Festum
1814 1670 1877 1732 p.
1898 1649 2036 1721 305,
2058 1649 2134 1712 19
2177 1650 2292 1713 ubi
2325 1650 2516 1734 apud
2549 1650 2714 1712 Pau-

488 1749 626 1812 lum
657 1756 760 1812 est
789 1747 941 1831 His)
960 1796 976 1825 ,
1012 1747 1081 1809 in
1110 1769 1152 1821 1,
1170 1746 1252 1810 80
1284 1747 1659 1832 quadratus
1689 1749 1754 1810 in
1782 1747 1853 1809 lis·
1879 1747 2087 1810 rebus,
2120 1745 2244 1810 sed
2271 1749 2469 1811 isdem
2495 1769 2591 1810 ne
2620 1770 2714 1811 se-

486 1847 619 1911 mel
649 1845 918 1932 quidem
948 1846 1407 1920 membranam,
1439 1867 1650 1929 quare
1680 1867 1819 1908 non
1848 1845 2059 1908 ausim
2084 1844 2306 1909 doctis
2327 1845 2717 1911 hominibus

490 1945 850 2020 adsentiri,
895 1946 1136 2030 quibus
1177 1944 1272 2006 ita
1315 1943 1614 2007 scribere
1650 1943 1902 2026 placuit
1927 1941 1997 2004 in
2027 1942 2235 2014 11‚693
2281 1951 2352 2007 et
2377 1945 2452 2005 in
2481 1943 2715 2017 v,349.

491 2047 624 2110 ibus
648 2047 718 2109 in
749 2069 819 2120 11,
837 2046 920 2110 88
942 2046 1195 2132 primus
1215 2051 1402 2108 recte
1428 2042 1619 2106 dedit
1637 2043 2147 2126 Havercampus
2164 2087 2180 2115 ‚
2201 2040 2524 2125 idemque
2557 2042 2715 2105 scri-

490 2144 786 2208 bendum
832 2151 936 2208 est
976 2143 1046 2208 in
1089 2144 1262 2208 libro
1307 2165 1398 2216 v1,
1417 2141 1574 2205 755.
1621 2141 1803 2224 apud
1830 2141 2140 2204 Plautum
2182 2141 2261 2203 iis
2301 2139 2412 2202 vel
2444 2142 2532 2203 eis
2563 2161 2714 2203 raro

493 2241 898 2332 disyllabum
930 2249 1035 2305 est
1062 2242 1291 2325 priore
1319 2240 1546 2314 brevi,
1590 2247 1667 2302 ut
1692 2239 1763 2302 in
1789 2236 2091 2302 Poenulo
2124 2260 2167 2313 1,
2191 2238 2245 2311 1,
2264 2237 2346 2300 39
2390 2238 2560 2302 Sati’
2588 2250 2719 2301 sunt

492 2342 767 2404 trecenti.
814 2341 965 2426 quid
1003 2341 1079 2401 iis
1098 2335 1455 2425 facturu's?
1497 2348 1660 2400 tace.
1703 2337 1774 2399 in
1805 2334 2142 2399 Rudentis
2170 2334 2463 2420 prologo
2494 2336 2578 2398 73
2612 2335 2714 2399 Se-

494 2441 635 2503 dent
660 2441 863 2518 eiecti,
893 2439 1063 2502 navis
1093 2437 1514 2525 confr-actast
1488 2437 1597 2498 iis,
1627 2436 1695 2498 in
1721 2429 2119 2497 Curculione
2149 2455 2246 2509 111,
2265 2433 2304 2496 3
2336 2434 2531 2498 Dives
2556 2459 2715 2507 sum,

495 2541 550 2601 si
577 2562 699 2603 non
727 2539 914 2602 reddo
944 2540 1028 2602 eis
1056 2537 1255 2623 quibu'
1273 2535 1487 2598 debeo.
1512 2532 1638 2597 sed
1662 2531 2120 2618 quaerendum
2141 2538 2310 2616 puto
2340 2539 2574 2597 utrum
2607 2535 2714 2597 ali-

499 2636 775 2721 quando
821 2638 961 2699 eieis
1005 2634 1251 2698 dixerit
1275 2683 1289 2696 .
1336 2638 1521 2696 certe
1550 2632 1620 2694 in
1648 2629 2104 2695 Menaechmis
2132 2653 2196 2708 v,
2212 2629 2270 2706 6,
2290 2630 2326 2692 7
2356 2630 2715 2696 Bacchiaci

496 2735 748 2818 optime
793 2733 1209 2818 procedunt,
1265 2732 1646 2796 Recordetur
1685 2731 1786 2804 id,
1842 2731 1957 2792 nili
1998 2731 2105 2814 qui
2144 2740 2320 2808 sunt,
2377 2731 2535 2815 quid
2584 2733 2718 2795 eieis

497 2832 668 2895 Preti
709 2832 883 2894 denir
927 2833 1003 2895 ab
1043 2834 1169 2894 suis
1211 2832 1363 2894 eric.
1406 2830 1474 2893 in
1514 2828 1816 2913 Captivis
1858 2850 1927 2901 11,
1945 2825 2003 2900 2,
2022 2826 2103 2889 30
2147 2826 2508 2912 legendum
2548 2838 2711 2912 puto

505 2929 661 2993 Tum
686 2930 873 3012 ἱρέων
903 2931 989 3007 ei,
1020 2951 1201 3014 quom
1228 2930 1294 2989 in
1323 2928 1467 2990 eieis
1493 2937 1662 2990 tanta
1682 2927 1946 3011 qratia-st
1967 2936 2035 2988 ut
2050 2926 2386 3009 praedicas
2399 2973 2418 3004 ,
2458 2929 2579 2991 ubi
2604 2948 2711 2989 ve-

498 3034 609 3091 tus
641 3026 862 3091 codex
890 3026 1099 3091 habet
1137 3028 1203 3088 in
1232 3028 1414 3090 aleis,
1457 3024 1707 3090 ibidem
1737 3047 1832 3099 111,
1850 3024 1909 3098 4,
1928 3023 2007 3086 23
2025 3070 2042 3097 ,
2071 3024 2189 3087 ubi
2215 3023 2480 3087 Parcus
2507 3026 2578 3088 in
2607 3047 2710 3088 ve-

500 3135 644 3190 tere
673 3128 773 3190 liis
800 3125 910 3189 vel
937 3125 1030 3188 his
1053 3146 1201 3188 esse
1225 3124 1426 3197 dicit,
1457 3122 1778 3187 credibile
1803 3132 1909 3186 est
1928 3121 2135 3185 fuisse
2167 3122 2398 3201 Quibus
2418 3124 2712 3209 inmari

497 3228 682 3289 saluti
693 3226 828 3311 fuit
854 3236 1032 3311 atque
1060 3225 1168 3288 eiis
1185 3223 1457 3308 profuit.
1503 3221 1795 3319 denique
1833 3222 1966 3284 ibus
2005 3219 2232 3303 priore
2268 3229 2591 3305 correpta
2619 3230 2709 3285 est

499 3324 568 3385 in
596 3344 801 3385 versu
831 3322 1061 3385 Titinii
1091 3320 1275 3405 apud
1304 3320 1597 3383 Nonium
1624 3344 1687 3405 p.
1705 3319 1848 3392 486,
1866 3318 1940 3381 17
1973 3318 2078 3383 Eu
2105 3323 2339 3382 eea'stor
2365 3320 2421 3381 si
2447 3323 2709 3383 mov-citae

500 3422 631 3484 sitis
659 3421 875 3484 a'mbae
903 3421 1029 3483 ibu'
1046 3442 1165 3504 pro
1195 3430 1263 3482 ut
1289 3441 1395 3502 eqo
1423 3419 1727 3499 mcv-ibus,-
1740 3418 1870 3481 -ubi
1903 3416 2172 3481 codices
2200 3427 2268 3478 ut
2281 3439 2410 3500 pro
2439 3440 2580 3501 eqo,
2598 3440 2706 3502 pro

445 3514 452 3522 ’
500 3530 568 3582 ut
594 3541 700 3604 eye
730 3517 1203 3582 Hermannus
1187 3539 1256 3579 1n
1283 3516 1659 3602 opuscuIiS‚
1689 3524 1874 3580 tomo
1905 3538 1950 3577 v
1979 3537 2042 3599 p.
2061 3514 2216 3578 270.
2247 3516 2382 3577 ibus
2412 3517 2706 3601 ambigua

505 3617 881 3702 quantitate
913 3638 997 3681 ex
1017 3614 1392 3700 Pomponio
1424 3614 1670 3680 ibidem
1689 3661 1704 3690 ‚
1735 3615 1926 3678 Nunc
1953 3614 2195 3700 quando
2222 3614 2460 3676 voluisti
2469 3613 2706 3699 faeere,

487 3715 608 3802 fac
633 3718 924 3802 voluptati
961 3718 1077 3779 sies
1117 3714 1262 3779 Ibus
1301 3713 1410 3776 vel
1451 3716 1532 3776 sis
1572 3715 1737 3793 ibus,
1781 3720 1848 3775 et
1875 3712 1945 3776 in
1974 3717 2370 3798 argumento
2405 3710 2707 3795 Captivo-

503 3833 685 3886 rum,
732 3814 820 3879 Et
842 3816 908 3877 in
935 3814 1068 3878 ibus
1098 3816 1239 3878 emit
1265 3814 1408 3877 olim
1438 3813 1726 3875 amissum
1736 3811 1980 3899 filium.
2023 3809 2249 3894 priore
2288 3808 2628 3892 producta
2650 3809 2711 3870 in

509 3909 907 3974 Curculione
939 3934 1026 3985 ιν,
1044 3910 1101 3984 2,
1121 3911 1203 3975 20
1231 3911 1468 3975 Eodem
1496 3910 1694 3973 hercle
1732 3932 1832 3972 vos
1861 3931 2027 3994 pono
2068 3918 2125 3971 et
2149 3929 2354 3991 paro:
2387 3907 2712 3990 parismimi

508 4008 643 4069 estis
682 4006 887 4083 bibus,
927 4008 997 4069 in
1037 4007 1253 4071 Milite
1284 4031 1326 4081 1,
1351 4009 1403 4080 1,
1422 4007 1501 4069 74
1543 4006 1869 4083 LatroniS,
1908 4007 2042 4069 ibus
2085 4002 2468 4069 denumerem
2506 4007 2711 4089 stipen-

507 4105 710 4183 dium,
739 4104 808 4166 in
831 4104 1246 4168 Truculento
1279 4128 1320 4178 1,
1339 4105 1398 4180 2,
1425 4105 1495 4167 17
1526 4101 1675 4167 Ibist
1702 4105 1832 4166 ibus
1850 4108 2100 4189 puqnae
2130 4114 2187 4166 et
2208 4074 2415 4165 virtuli
2444 4103 2518 4165 de
2534 4107 2711 4186 pra'e-

507 4152 758 4266 donibiis
775 4203 1085 4287 praedam
1114 4209 1362 4287 ccipere.
1406 4203 1479 4264 in
1506 4201 1751 4286 glossis
1780 4201 2074 4274 Placidi,
2114 4201 2183 4263 in
2226 4200 2527 4263 classicis
2570 4219 2713 4262 auc-

508 4300 771 4364 toribus
793 4300 988 4373 Maii,
1013 4309 1197 4362 tomo
1218 4322 1298 4362 111
1322 4322 1386 4383 p.
1403 4301 1527 4365 475
1561 4309 1628 4363 et
1655 4300 1726 4363 in
1749 4323 1815 4362 v1
1841 4322 1905 4384 p.
1926 4299 2078 4373 565,
2104 4295 2354 4378 auleis,
2378 4299 2450 4361 id
2467 4309 2556 4361 est
2575 4297 2715 4361 illis:

508 4394 866 4481 legendum
897 4404 1001 4461 est
1032 4397 1207 4476 Ibus,
1238 4397 1362 4476 his,
1393 4399 1462 4460 id
1490 4408 1575 4461 est
1600 4399 1752 4461 illis.
