2840 5008
803 1301 882 1381 T.
957 1300 1509 1385 LUCRETI
1584 1303 1884 1386 CARI

363 1527 649 1629 DE
770 1468 1388 1629 RERUM
1494 1529 2262 1635 NATURA

913 1771 1247 1836 LIBER
1317 1742 1771 1839 PRIMUS.

1140 2007 1548 2016 ——-—

138 2248 664 2369 Aeneadum
696 2296 1026 2378 genetrix,
1047 2296 1388 2382 hominum
1422 2297 1782 2384 divomque
1812 2301 2158 2388 voluptaS‚

131 2420 325 2482 alma
354 2415 649 2480 Venus
670 2456 686 2483 ‚
713 2408 872 2470 caeli
900 2410 1131 2474 subter
1158 2409 1455 2477 labentia
1485 2414 1676 2499 signa

136 2554 327 2620 quae
359 2548 587 2595 mare
621 2524 1006 2609 navigerum
1029 2574 1045 2601 ‚
1069 2546 1240 2609 quae
1268 2535 1485 2592 terras
1515 2528 1969 2614 frugiferentis

136 2646 640 2712 concelebras
662 2686 676 2713 ‚
702 2658 825 2723 per
851 2647 917 2702 te
949 2639 1259 2724 quoniam
1288 2646 1504 2726 genus
1533 2662 1727 2705 omne
1758 2642 2161 2706 animantum

60 2745 85 2822 2-
141 2760 582 2847 concipitur
615 2753 908 2837 visitque
939 2762 1246 2818 exortum
1273 2755 1523 2816 lumina
1552 2754 1742 2819 solis,

142 2887 216 2941 te
238 2926 256 2953 ,
283 2876 431 2938 dea
451 2922 471 2949 ‚
501 2878 588 2934 te
617 2867 881 2951 fugiunt
908 2869 1124 2950 venti,
1148 2876 1216 2931 te
1244 2868 1476 2932 nubila
1505 2870 1671 2934 caeli

16 3009 25 3022 ·
146 2991 702 3067 adventumque
733 2988 918 3044 tuum
936 3030 951 3058 ‚
975 2983 1096 3047 tibi
1126 2984 1352 3048 suavis
1385 2982 1672 3048 daedala
1697 2985 1894 3049 tellus

0 3086 7 3191 ἰ
53 3137 76 3165 0
144 3100 553 3169 summittit
579 3095 788 3160 flores
808 3144 824 3171 ‚
847 3096 965 3160 tibi
995 3096 1221 3161 rident
1251 3118 1550 3183 aequora
1576 3100 1769 3184 ponti
1828 3091 1836 3099 ’

139 3220 672 3304 placatumque
701 3211 874 3275 nitet
903 3209 1145 3299 diffuso
1175 3213 1422 3275 lumine
1454 3214 1733 3276 caelum.

27 3350 85 3395 10
139 3355 311 3397 nam
347 3325 582 3394 simul
610 3346 691 3389 ac
721 3326 980 3409 species
1009 3326 1415 3413 patefactast
1443 3349 1651 3391 verna
1681 3326 1810 3391 diei

143 3455 216 3510 et
244 3446 606 3511 reserata
634 3439 821 3523 viget
848 3441 1221 3525 genitabilis
1248 3464 1418 3505 aura
1445 3442 1701 3518 favoni,

139 3562 389 3626 aefiae
423 3554 741 3643 primum
767 3556 1077 3619 volucres
1109 3562 1206 3631 te,
1240 3554 1423 3632 diva,
1454 3564 1771 3641 tuumque
1843 3619 1850 3623 ,

142 3673 582 3760 significant
610 3667 845 3730 initum
873 3669 1223 3753 perculsae
1256 3669 1467 3734 corda
1495 3678 1613 3747 tua
1640 3672 1737 3734 vi.
1783 3707 1800 3728 ,ν

27 3806 84 3849 15
137 3788 312 3852 inde
345 3786 569 3849 ferae
600 3780 902 3866 pecudes
930 3783 1314 3868 persultant
1338 3785 1590 3871 pabula
1615 3785 1795 3847 laeta

28 3919 86 3964 14
141 3911 215 3969 et
244 3896 579 3988 rapidos
610 3901 884 3961 tranant
912 3899 1158 3962 amnis-2
1178 3900 1274 3962 ita
1305 3906 1506 3986 capta
1532 3899 1765 3983 lepore

30 4031 83 4075 16
137 4025 213 4081 te
247 4012 616 4099 sequitur
650 4009 886 4093 cupide
918 4034 1051 4097 quo
1085 4034 1417 4097 quamque
1446 4011 1767 4075 inducere
1794 4013 2020 4100 pergis
2041 4059 2054 4073 .

139 4131 479 4214 denique
515 4143 657 4208 per
682 4125 884 4188 maria
913 4148 991 4189 ac
1020 4128 1266 4191 montis
1294 4126 1678 4212 fluviosque
1707 4126 1969 4212 rapacis

150 4381 214 4426 16
253 4373 458 4441 tergis
474 4408 488 4420 .
