2840 5008
514 415 608 480 98
1588 397 1656 481 '11

518 587 583 651 F
577 588 775 651 muido
819 586 1151 672 oblongus
1182 593 1252 650 ct
1294 584 1591 651 schedae
1624 634 1640 662 ‚
1682 586 2056 672 quadratus
2068 588 2274 676 fluido
2312 639 2324 651 .
2370 613 2405 651 c
2427 611 2467 651 o
2486 613 2747 656 arom-2

518 693 866 750 corrector
896 684 1203 771 oblongi.
1226 685 1460 770 liquido
1491 683 1864 769 quadratus
1884 733 1898 748 .

682 783 819 847 453.
844 782 1190 857 NAMQUE
1216 803 1668 846 PAPAvmus
1692 804 2058 846 nAusrus
2089 805 2384 847 lrnmsr
2409 806 2748 849 FA01L1s

517 909 557 960 Q
577 907 617 947 u
633 907 672 947 o
689 905 732 945 n
784 905 827 945 A
845 903 886 958 Q
902 904 943 945 u
963 903 1006 943 A
1022 905 1063 945 a
1078 904 1119 945 u
1135 904 1182 944 Μ
1229 929 1242 943 .
1296 880 1497 944 Hunc
1539 902 1811 944 versum
1854 881 2218 946 Lambinus
2265 881 2500 946 delere
2548 905 2746 967 quam

518 982 889 1047 orationem
919 978 1278 1044 emendare
1306 978 1542 1042 maluit
1572 1027 1584 1040 .
1631 977 2074 1054 scribendum*
2093 987 2200 1043 est
2229 1001 2380 1043 cum
2410 981 2746 1046 Mauricio

514 1079 815 1164 Hauptio
860 1080 1053 1142 itemst
1074 1078 1292 1164 facilis
1335 1097 1494 1150 QUA
1514 1099 1587 1139 sl
1634 1099 1939 1161 aquarum
1974 1124 1987 1137 .
2027 1075 2310 1141 Plautus
2337 1078 2410 1140 in
2439 1078 2746 1142 Poenulo

517 1204 559 1260 1,
577 1181 634 1254 2,
653 1180 728 1242 31
761 1180 901 1242 item
928 1200 1037 1240 nos
1055 1175 1367 1261 perhiberi
1381 1223 1397 1251 ,
1431 1174 1627 1253 Quasi
1645 1176 1811 1238 salsa
1831 1176 2160 1239 muriatica
2182 1199 2304 1240 esse
2327 1187 2743 1241 (tammam.

514 1278 693 1342 idem
720 1278 791 1340 in
812 1274 1128 1338 Rudente
1158 1295 1256 1346 111,
1275 1271 1332 1347 2,
1345 1271 1428 1336 46
1451 1273 1757 1356 Pom-iqite
1785 1272 2084 1340 hominem
2100 1274 2362 1358 pedibus
2389 1274 2516 1337 huc
2544 1276 2744 1338 itidem

515 1379 690 1463 quasi
732 1376 991 1441 occisam
1032 1395 1198 1436 suem
1239 1420 1252 1433 .
1304 1371 1374 1434 in
1413 1370 1802 1435 Mercatore
1847 1394 1919 1446 11,
1937 1371 1995 1447 2,
2011 1372 2094 1435 46
2134 1373 2364 1435 vetulus
2407 1373 2747 1457 decrepitus

514 1498 696 1538 senex
736 1471 1048 1535 Tantidem
1079 1480 1165 1531 est
1190 1470 1367 1553 quasi
1393 1470 1473 1531 sit
1497 1470 1737 1553 siynum
1769 1469 2008 1553 pictum
2047 1470 2113 1531 in
2140 1472 2379 1554 pariete
2421 1519 2435 1532 .
2484 1470 2744 1535 Ennius

517 1572 699 1658 apud
727 1571 1109 1633 Varronem
1154 1566 1239 1630 de
1281 1567 1512 1652 lingua
1553 1567 1798 1631 Latina
1825 1590 1923 1630 vn
1954 1589 2015 1651 p.
2037 1567 2160 1631 320
2199 1569 2527 1632 Tantidem
2573 1571 2746 1655 quasi

499 1674 639 1759 seta
669 1692 847 1732 canes
874 1669 1005 1729 sine
1032 1664 1286 1729 dentibu'
1316 1667 1532 1728 latrat.
1613 1741 1624 1744 -

681 1766 821 1830 455.
866 1764 981 1827 Er
1042 1785 1508 1826 PERCULsus
1565 1786 1759 1827 Iri-:M
1803 1785 2205 1827 rnocmvn
2250 1785 2743 1828 VOJ,¹J131L1s.

516 1864 906 1947 Quadratus
936 1862 1224 1947 proclyve
1254 1908 1270 1944 3
1314 1861 1568 1947 optime
1610 1860 1940 1924 Marullus
1981 1883 2450 1924 Pnocunsus
2496 1864 2647 1927 item
2683 1865 2745 1924 in

504 1965 774 2052 proclive
798 2012 811 2024 .
846 1960 930 2024 de
970 1958 1478 2044 praepositione
1521 1967 1744 2022 tamen
1789 1957 2115 2021 dissentio
2145 1981 2160 2020 t
2198 1979 2354 2020 nam
2384 1958 2653 2023 Gellius
2680 1961 2744 2023 in

506 2068 578 2140 'x‚
595 2064 677 2127 24
705 2068 971 2125 veteres
1006 2058 1280 2144 proclive
1317 2065 1384 2120 et
1399 2058 1668 2142 proclivi
1694 2055 2157 2120 indifferenter
2183 2057 2499 2139 posuisse
2543 2057 2741 2131 dicit,

408 2161 409 2164 '
512 2159 723 2248 idque'
737 2161 834 2224 ita
856 2166 934 2221 ut
957 2178 1036 2220 ea
1059 2154 1536 2219 adverbiorum
1569 2152 1719 2217 loco
1743 2152 2061 2217 habenda
2085 2175 2234 2217 esse
2257 2153 2424 2217 satis
2447 2154 2739 2221 indicet.

517 2264 652 2349 egit
684 2259 769 2325 de
796 2258 931 2321 hoc
954 2275 1200 2341 genere
1222 2251 1582 2317 Madvicus
1607 2251 1697 2315 ad
1721 2249 2113 2314 Ciceronem
2137 2250 2224 2315 de
2244 2251 2490 2316 finibus
2511 2274 2585 2336 p.
2605 2254 2741 2327 766,

511 2380 731 2445 neque
760 2356 942 2420 hunc
970 2351 1267 2416 Lucretii
1295 2355 1566 2413 versum
1598 2350 2086 2435 praetermisit.
2109 2349 2393 2414 vellem
2375 2372 2448 2413 m
2473 2350 2741 2416 Tuscu-

512 2460 682 2525 lanis
713 2480 803 2537 1v,
821 2454 903 2519 28
931 2453 1295 2539 probasset
1322 2447 1786 2512 Bentleianum
1815 2450 2090 2534 proclive
2130 2449 2272 2512 sive
2306 2450 2615 2535 procliva·
2636 2451 2738 2538 se-

511 2570 764 2622 montur-
778 2553 1101 2639 proc-linei,
1121 2549 1429 2632 inquam,
1447 2546 1607 2608 utin
1625 2546 1838 2612 Persa
1855 2547 2080 2611 Plauti
2100 2571 2170 2623 11,
2185 2547 2242 2621 3,
2257 2547 2299 2610 8
2317 2549 2413 2610 die
2429 2551 2735 2632 septimei.

675 2654 819 2718 456.
864 2650 1141 2714 OmmA
1194 2665 1625 2709 POSTREMO
1674 2680 1746 2693 -
1807 2645 1948 2709 458.
2012 2645 2096 2709 S1
2154 2668 2409 2709 umus
2466 2669 2736 2711 ounrA

452 2810 455 2811 A
514 2776 716 2817 SUNT
748 2774 785 2811 E
816 2768 1173 2812 LEvlssus
1215 2793 1228 2806 .
1273 2742 1488 2806 Recte
1517 2741 1827 2805 Muretus
1859 2743 2156 2806 siminus
2201 2767 2366 2807 omn
2388 2745 2558 2806 IBU'
2600 2758 2741 2808 stant

513 2877 544 2914 e.
573 2850 795 2913 levibus
824 2857 1002 2931 atque
1029 2842 1335 2906 rotundis,
1384 2865 1390 2870 ’

677 2944 818 3009 460.
849 2961 1390 3014 PENETRAREQ
1416 2960 1506 3000 σε
1539 2960 1795 3001 sAXA.
1842 2937 1995 3002 Hoc
2024 2939 2262 3003 mirum
2292 2945 2402 3002 est
2429 2938 2516 3003 de
2543 2939 2731 3004 fumo

498 3043 773 3118 ,nebulis
819 3038 1232 3120 flammisque
1280 3035 1453 3108 dici,
1503 3013 1748 3119 quibus
1792 3036 2005 3122 magis
2053 3044 2581 3101 consentaneum
2629 3046 2730 3102 est

512 3145 791 3227 Punqere
811 3138 899 3201 uti
917 3135 1152 3222 possint
1169 3155 1386 3218 corpus
1402 3142 1857 3220 penetrareque
1887 3156 1972 3197 sn
1988 3157 2020 3198 s
2036 3157 2073 3196 Ε
2093 3182 2111 3213 ,
2134 3134 2391 3198 scilieet
2419 3157 2494 3200 se
2524 3158 2726 3221 pene-

508 3252 689 3305 trare
715 3239 788 3301 in
818 3254 1065 3318 corpus
1085 3280 1099 3295 .

675 3335 818 3398 461.
849 3353 1062 3408 ouon
1107 3351 1432 3403 comonis
1480 3330 1834 3392 vmnmus
1867 3328 2269 3394 San-smus
2317 3351 2723 3392 sunArum.

508 3435 587 3497 In
616 3433 721 3497 his
751 3431 1034 3516 primum
1064 3428 1217 3491 Itali
1251 3426 1561 3491 fecerunt
1591 3451 1711 3490 esse
1740 3428 1999 3505 datum,
2033 3436 2176 3489 tum
2205 3427 2538 3490 Marullus
2565 3429 2729 3514 quod

508 3534 759 3620 quisque
795 3529 1117 3604 videmus,
1163 3532 1511 3610 postremo
1542 3524 1593 3588 F
1600 3526 1762 3588 aber
1795 3524 2128 3606 Sentibus5
2164 3525 2233 3588 in
2276 3525 2518 3609 quibus
2559 3525 2723 3588 nihil

509 3629 656 3695 sani
687 3634 824 3692 est.
849 3647 1020 3690 unus
1046 3624 1134 3688 Cr
1136 3625 1408 3689 eechius
1440 3632 1626 3687 recte
1653 3617 1860 3686 vidit
1873 3622 2189 3687 debuisse
2209 3623 2593 3687 Lucretium
2623 3622 2720 3685 af-

505 3729 771 3792 firmare
812 3722 1020 3787 fluida
1060 3724 1195 3785 ista
1237 3721 1602 3808 pungentia
1647 3727 1714 3783 et
1758 3721 2185 3805 penetrantia
2228 3727 2429 3783 acuta
2471 3720 2723 3783 semina

506 3846 644 3887 non
670 3822 888 3885 minus
919 3840 1119 3903 quam
1148 3818 1322 3881 levia
1352 3825 1422 3880 et
1449 3815 1747 3881 rotunda
1776 3817 2122 3880 continere
2140 3820 2173 3880 .'
2198 3816 2456 3881 scilicet
2485 3817 2720 3881 eadem

504 3920 620 3983 illa
646 3919 759 3980 hic
788 3914 1244 4000 significantur
1278 3963 1294 3990 ,
1341 3917 1622 4000 Punyere
1651 3938 1808 4001 quae
1824 3927 2080 3999 possunt
2107 3938 2328 3999 corpu-s
2355 3916 2492 3979 Nec
2520 3927 2721 3979 tamen

506 4017 757 4079 haerere
783 4015 941 4075 inter
967 4036 1029 4075 se
1047 4061 1060 4074 .
1084 4012 1221 4075 hoc
1245 4012 1589 4076 intellecto
1621 4011 1898 4095 (debuit
1922 4021 2145 4076 autem
2174 4008 2307 4076 lioc
2335 4033 2506 4075 unus
2539 4015 2720 4096 quis-

508 4135 640 4199 que
665 4110 1095 4195 intellegere)
1124 4110 1196 4172 in
1225 4109 1484 4192 aliquot
1512 4109 1755 4173 litteris
1784 4131 1995 4194 prave
2025 4110 2296 4195 scriptis
2317 4131 2509 4172 mora
2535 4097 2720 4174 nulla

506 4231 654 4275 esse
681 4214 914 4293 potest
931 4255 945 4282 ‚
965 4206 1089 4271 sed
1105 4207 1322 4271 -verba
1347 4207 1499 4289 ipsa
1529 4207 1931 4270 sententiam
1954 4215 2275 4271 secuntur
2292 4255 2307 4279 ‚
2324 4206 2458 4270 hoc
2479 4207 2685 4271 modo
2703 4256 2717 4280 ,

503 4308 666 4393 quod
693 4328 945 4391 cumque
974 4324 1183 4367 VENE
1204 4323 1472 4364 Numsr
1500 4303 1769 4366 Sensiba’
1792 4353 1809 4383 ,
1831 4306 1940 4368 sed
1966 4328 2236 4367 RARUM
2261 4354 2274 4366 .
2304 4305 2536 4389 itaque
2564 4329 2718 4368 rara

500 4404 668 4467 haec
706 4449 722 4477 ‚
768 4424 924 4486 quae
962 4410 1188 4484 puncto
1231 4409 1495 4483 tempore
1538 4401 1734 4462 cernis
1776 4401 2092 4486 Ihffiayere
2129 4449 2145 4478 ,
2194 4401 2352 4484 quia
2405 4408 2718 4484 pungunt
