<?xml version="1.0" encoding="UTF-8"?>
<!DOCTYPE html PUBLIC "-//W3C//DTD XHTML 1.0 Transitional//EN"
    "http://www.w3.org/TR/xhtml1/DTD/xhtml1-transitional.dtd">
<html xmlns="http://www.w3.org/1999/xhtml" xml:lang="en" lang="en">
 <head>
  <title>
</title>
<meta http-equiv="Content-Type" content="text/html;charset=utf-8" />
  <meta name='ocr-system' content='tesseract 3.04.00' />
  <meta name='ocr-capabilities' content='ocr_page ocr_carea ocr_par ocr_line ocrx_word'/>
</head>
<body>
  <div class='ocr_page' id='page_1' title='image "./tlucreticarider02lachgoog_0242.png"; bbox 0 0 2840 5008; ppageno 0'>
   <div class='ocr_carea' id='block_1_1' title="bbox 411 341 1592 413">
    <p class='ocr_par' dir='ltr' id='par_1_1' title="bbox 411 341 1592 413">
     <span class='ocr_line' id='line_1_1' title="bbox 411 341 1592 413; baseline 0 -4"><span class='ocrx_word' id='word_1_1' title='bbox 411 342 559 410; x_wconf 75' lang='lat'>232</span> <span class='ocrx_word' id='word_1_2' title='bbox 1490 341 1592 413; x_wconf 89' lang='lat' dir='ltr'>VI</span> 
     </span>
    </p>
   </div>
   <div class='ocr_carea' id='block_1_2' title="bbox 266 490 2463 3794">
    <p class='ocr_par' dir='ltr' id='par_1_2' title="bbox 407 490 2217 828">
     <span class='ocr_line' id='line_1_2' title="bbox 407 490 2217 601; baseline 0 -23"><span class='ocrx_word' id='word_1_3' title='bbox 407 494 750 599; x_wconf 86' lang='lat' dir='ltr'>multaque</span> <span class='ocrx_word' id='word_1_4' title='bbox 778 490 1127 599; x_wconf 79' lang='lat' dir='ltr'>praeterea</span> <span class='ocrx_word' id='word_1_5' title='bbox 1154 514 1535 599; x_wconf 82' lang='lat' dir='ltr'>languentia</span> <span class='ocrx_word' id='word_1_6' title='bbox 1561 514 1857 579; x_wconf 80' lang='lat' dir='ltr'>membra</span> <span class='ocrx_word' id='word_1_7' title='bbox 1883 536 2006 601; x_wconf 91' lang='lat' dir='ltr'>per</span> <span class='ocrx_word' id='word_1_8' title='bbox 2034 521 2217 579; x_wconf 82' lang='lat' dir='ltr'>artus</span> 
     </span>
     <span class='ocr_line' id='line_1_3' title="bbox 409 626 2197 712; baseline 0.001 -20"><span class='ocrx_word' id='word_1_9' title='bbox 409 630 678 692; x_wconf 88' lang='lat' dir='ltr'>solvunt</span> <span class='ocrx_word' id='word_1_10' title='bbox 707 635 911 712; x_wconf 89' lang='lat' dir='ltr'>atque</span> <span class='ocrx_word' id='word_1_11' title='bbox 928 629 1219 691; x_wconf 47' lang='lat' dir='ltr'>‘animam</span> <span class='ocrx_word' id='word_1_12' title='bbox 1247 628 1657 693; x_wconf 89' lang='lat' dir='ltr'>labefactant</span> <span class='ocrx_word' id='word_1_13' title='bbox 1686 626 1958 692; x_wconf 89' lang='lat' dir='ltr'>sedibus</span> <span class='ocrx_word' id='word_1_14' title='bbox 1985 629 2166 693; x_wconf 89' lang='lat' dir='ltr'>intus</span> <span class='ocrx_word' id='word_1_15' title='bbox 2184 678 2197 692; x_wconf 92' lang='lat'><strong>.</strong></span> 
     </span>
     <span class='ocr_line' id='line_1_4' title="bbox 414 741 1986 828; baseline 0 -23"><span class='ocrx_word' id='word_1_16' title='bbox 414 741 700 828; x_wconf 92' lang='lat' dir='ltr'>denique</span> <span class='ocrx_word' id='word_1_17' title='bbox 728 743 785 804; x_wconf 93' lang='lat' dir='ltr'>si</span> <span class='ocrx_word' id='word_1_18' title='bbox 815 742 1045 806; x_wconf 80' lang='lat' dir='ltr'>calidis</span> <span class='ocrx_word' id='word_1_19' title='bbox 1076 744 1268 807; x_wconf 89' lang='lat' dir='ltr'>etiam</span> <span class='ocrx_word' id='word_1_20' title='bbox 1300 753 1616 806; x_wconf 88' lang='lat' dir='ltr'>cunctare</span> <span class='ocrx_word' id='word_1_21' title='bbox 1645 743 1934 807; x_wconf 85' lang='lat' dir='ltr'>lavabris</span> <span class='ocrx_word' id='word_1_22' title='bbox 1985 766 1986 769; x_wconf 44' lang='lat'>¹</span> 
     </span>
    </p>

    <p class='ocr_par' dir='ltr' id='par_1_3' title="bbox 266 855 2075 1057">
     <span class='ocr_line' id='line_1_5' title="bbox 266 855 1842 942; baseline 0 -24"><span class='ocrx_word' id='word_1_23' title='bbox 266 871 367 918; x_wconf 89' lang='grc'>800</span> <span class='ocrx_word' id='word_1_24' title='bbox 410 855 671 942; x_wconf 87' lang='lat' dir='ltr'>plenior</span> <span class='ocrx_word' id='word_1_25' title='bbox 702 866 769 919; x_wconf 91' lang='lat' dir='ltr'>et</span> <span class='ocrx_word' id='word_1_26' title='bbox 796 857 1039 921; x_wconf 90' lang='lat' dir='ltr'>laveris</span> <span class='ocrx_word' id='word_1_27' title='bbox 1057 906 1072 932; x_wconf 93' lang='lat'>‚</span> <span class='ocrx_word' id='word_1_28' title='bbox 1096 857 1262 920; x_wconf 90' lang='lat' dir='ltr'>solio</span> <span class='ocrx_word' id='word_1_29' title='bbox 1292 855 1613 920; x_wconf 82' lang='lat' dir='ltr'>ferventis</span> <span class='ocrx_word' id='word_1_30' title='bbox 1644 856 1842 941; x_wconf 89' lang='lat' dir='ltr'>aquai</span> 
     </span>
     <span class='ocr_line' id='line_1_6' title="bbox 413 970 2075 1057; baseline 0.001 -25"><span class='ocrx_word' id='word_1_31' title='bbox 413 990 610 1053; x_wconf 90' lang='lat' dir='ltr'>quam</span> <span class='ocrx_word' id='word_1_32' title='bbox 638 970 830 1033; x_wconf 88' lang='lat' dir='ltr'>facile</span> <span class='ocrx_word' id='word_1_33' title='bbox 856 971 926 1033; x_wconf 91' lang='lat' dir='ltr'>in</span> <span class='ocrx_word' id='word_1_34' title='bbox 954 970 1174 1034; x_wconf 91' lang='lat' dir='ltr'>medio</span> <span class='ocrx_word' id='word_1_35' title='bbox 1204 971 1280 1034; x_wconf 93' lang='lat' dir='ltr'>fit</span> <span class='ocrx_word' id='word_1_36' title='bbox 1306 972 1401 1035; x_wconf 92' lang='lat' dir='ltr'>uti</span> <span class='ocrx_word' id='word_1_37' title='bbox 1434 970 1554 1034; x_wconf 90' lang='lat' dir='ltr'>des</span> <span class='ocrx_word' id='word_1_38' title='bbox 1577 972 1787 1057; x_wconf 82' lang='lat' dir='ltr'>‘saepe</span> <span class='ocrx_word' id='word_1_39' title='bbox 1815 971 2040 1035; x_wconf 87' lang='lat' dir='ltr'>ruinas</span> <span class='ocrx_word' id='word_1_40' title='bbox 2060 1020 2075 1047; x_wconf 90' lang='lat'>‚</span> 
     </span>
    </p>

    <p class='ocr_par' dir='ltr' id='par_1_4' title="bbox 268 1083 2281 1170">
     <span class='ocr_line' id='line_1_7' title="bbox 268 1083 2281 1170; baseline 0.002 -26"><span class='ocrx_word' id='word_1_41' title='bbox 268 1097 367 1144; x_wconf 81' lang='lat'>793</span> <span class='ocrx_word' id='word_1_42' title='bbox 413 1083 767 1149; x_wconf 82' lang='lat' dir='ltr'>concidere</span> <span class='ocrx_word' id='word_1_43' title='bbox 799 1092 867 1149; x_wconf 92' lang='lat' dir='ltr'>et</span> <span class='ocrx_word' id='word_1_44' title='bbox 896 1106 1194 1170; x_wconf 90' lang='lat' dir='ltr'>spumam</span> <span class='ocrx_word' id='word_1_45' title='bbox 1222 1092 1300 1149; x_wconf 92' lang='lat' dir='ltr'>ut</span> <span class='ocrx_word' id='word_1_46' title='bbox 1331 1087 1444 1170; x_wconf 93' lang='lat' dir='ltr'>qui</span> <span class='ocrx_word' id='word_1_47' title='bbox 1472 1087 1708 1151; x_wconf 91' lang='lat' dir='ltr'>morbo</span> <span class='ocrx_word' id='word_1_48' title='bbox 1738 1086 2000 1149; x_wconf 88' lang='lat' dir='ltr'>mittere</span> <span class='ocrx_word' id='word_1_49' title='bbox 2031 1086 2281 1150; x_wconf 84' lang='lat' dir='ltr'>suevit!</span> 
     </span>
    </p>

    <p class='ocr_par' dir='ltr' id='par_1_5' title="bbox 268 1189 2463 1513">
     <span class='ocr_line' id='line_1_8' title="bbox 268 1189 2129 1284; baseline 0.003 -26"><span class='ocrx_word' id='word_1_50' title='bbox 268 1212 369 1259; x_wconf 85' lang='lat'>802</span> <span class='ocrx_word' id='word_1_51' title='bbox 414 1199 909 1284; x_wconf 85' lang='lat' dir='ltr'>carbonumque</span> <span class='ocrx_word' id='word_1_52' title='bbox 940 1200 1163 1284; x_wconf 86' lang='lat' dir='ltr'>gravis</span> <span class='ocrx_word' id='word_1_53' title='bbox 1192 1200 1292 1263; x_wconf 89' lang='lat' dir='ltr'>vis</span> <span class='ocrx_word' id='word_1_54' title='bbox 1322 1206 1526 1284; x_wconf 92' lang='lat' dir='ltr'>atque</span> <span class='ocrx_word' id='word_1_55' title='bbox 1559 1198 1732 1263; x_wconf 93' lang='lat' dir='ltr'>odor</span> <span class='ocrx_word' id='word_1_56' title='bbox 1759 1189 2129 1264; x_wconf 82' lang='lat' dir='ltr'>insinuatur</span> 
     </span>
     <span class='ocr_line' id='line_1_9' title="bbox 415 1313 2463 1404; baseline 0.002 -29"><span class='ocrx_word' id='word_1_57' title='bbox 415 1333 613 1396; x_wconf 91' lang='lat' dir='ltr'>quam</span> <span class='ocrx_word' id='word_1_58' title='bbox 640 1313 832 1376; x_wconf 88' lang='lat' dir='ltr'>facile</span> <span class='ocrx_word' id='word_1_59' title='bbox 860 1313 926 1375; x_wconf 93' lang='lat' dir='ltr'>in</span> <span class='ocrx_word' id='word_1_60' title='bbox 958 1314 1303 1378; x_wconf 90' lang='lat' dir='ltr'>cerebrum</span> <span class='ocrx_word' id='word_1_61' title='bbox 1320 1363 1335 1389; x_wconf 93' lang='lat'>‚</span> <span class='ocrx_word' id='word_1_62' title='bbox 1358 1314 1483 1377; x_wconf 92' lang='lat' dir='ltr'>nisi</span> <span class='ocrx_word' id='word_1_63' title='bbox 1513 1334 1753 1398; x_wconf 91' lang='lat' dir='ltr'>aquam</span> <span class='ocrx_word' id='word_1_64' title='bbox 1782 1315 2240 1400; x_wconf 82' lang='lat' dir='ltr'>praecepimus</span> <span class='ocrx_word' id='word_1_65' title='bbox 2262 1318 2463 1404; x_wconf 77' lang='lat' dir='ltr'>ante!</span> 
     </span>
     <span class='ocr_line' id='line_1_10' title="bbox 415 1426 2090 1513; baseline 0.002 -25"><span class='ocrx_word' id='word_1_66' title='bbox 415 1433 487 1488; x_wconf 89' lang='lat' dir='ltr'>at</span> <span class='ocrx_word' id='word_1_67' title='bbox 514 1447 660 1489; x_wconf 93' lang='lat' dir='ltr'>cum</span> <span class='ocrx_word' id='word_1_68' title='bbox 689 1428 983 1492; x_wconf 89' lang='lat' dir='ltr'>membra</span> <span class='ocrx_word' id='word_1_69' title='bbox 1012 1426 1249 1490; x_wconf 91' lang='lat' dir='ltr'>domus</span> <span class='ocrx_word' id='word_1_70' title='bbox 1278 1428 1584 1513; x_wconf 80' lang='lat' dir='ltr'>percepit</span> <span class='ocrx_word' id='word_1_71' title='bbox 1609 1426 1931 1491; x_wconf 82' lang='lat' dir='ltr'>fervidior</span> <span class='ocrx_word' id='word_1_72' title='bbox 1960 1428 2090 1504; x_wconf 85' lang='lat' dir='ltr'>vis,</span> 
     </span>
    </p>

    <p class='ocr_par' dir='ltr' id='par_1_6' title="bbox 269 1539 2141 2091">
     <span class='ocr_line' id='line_1_11' title="bbox 269 1539 1925 1627; baseline 0.002 -26"><span class='ocrx_word' id='word_1_73' title='bbox 269 1553 369 1601; x_wconf 84' lang='lat'>805</span> <span class='ocrx_word' id='word_1_74' title='bbox 413 1546 555 1603; x_wconf 87' lang='lat' dir='ltr'>tum</span> <span class='ocrx_word' id='word_1_75' title='bbox 581 1541 657 1604; x_wconf 91' lang='lat' dir='ltr'>fit</span> <span class='ocrx_word' id='word_1_76' title='bbox 685 1539 855 1604; x_wconf 89' lang='lat' dir='ltr'>odor</span> <span class='ocrx_word' id='word_1_77' title='bbox 884 1542 1007 1604; x_wconf 91' lang='lat' dir='ltr'>viri</span> <span class='ocrx_word' id='word_1_78' title='bbox 1037 1542 1274 1627; x_wconf 84' lang='lat' dir='ltr'>plagae</span> <span class='ocrx_word' id='word_1_79' title='bbox 1301 1541 1669 1605; x_wconf 89' lang='lat' dir='ltr'>mactabilis</span> <span class='ocrx_word' id='word_1_80' title='bbox 1699 1542 1925 1605; x_wconf 88' lang='lat' dir='ltr'>instar.</span> 
     </span>
     <span class='ocr_line' id='line_1_12' title="bbox 411 1653 2141 1740; baseline 0.002 -23"><span class='ocrx_word' id='word_1_81' title='bbox 411 1674 634 1717; x_wconf 89' lang='lat' dir='ltr'>nonne</span> <span class='ocrx_word' id='word_1_82' title='bbox 664 1653 854 1717; x_wconf 91' lang='lat' dir='ltr'>vides</span> <span class='ocrx_word' id='word_1_83' title='bbox 887 1655 1082 1718; x_wconf 90' lang='lat' dir='ltr'>etiam</span> <span class='ocrx_word' id='word_1_84' title='bbox 1114 1663 1293 1719; x_wconf 88' lang='lat' dir='ltr'>terra</span> <span class='ocrx_word' id='word_1_85' title='bbox 1337 1676 1606 1740; x_wconf 89' lang='lat' dir='ltr'>quoque</span> <span class='ocrx_word' id='word_1_86' title='bbox 1637 1656 1870 1740; x_wconf 91' lang='lat' dir='ltr'>sulpur</span> <span class='ocrx_word' id='word_1_87' title='bbox 1895 1657 1963 1718; x_wconf 91' lang='lat' dir='ltr'>in</span> <span class='ocrx_word' id='word_1_88' title='bbox 1993 1656 2141 1740; x_wconf 88' lang='lat' dir='ltr'>ipsa</span> 
     </span>
     <span class='ocr_line' id='line_1_13' title="bbox 412 1765 2070 1851; baseline 0.002 -23"><span class='ocrx_word' id='word_1_89' title='bbox 412 1765 664 1851; x_wconf 86' lang='lat' dir='ltr'>gignier</span> <span class='ocrx_word' id='word_1_90' title='bbox 695 1774 764 1831; x_wconf 88' lang='lat' dir='ltr'>et</span> <span class='ocrx_word' id='word_1_91' title='bbox 793 1775 1011 1832; x_wconf 90' lang='lat' dir='ltr'>taetro</span> <span class='ocrx_word' id='word_1_92' title='bbox 1042 1790 1477 1833; x_wconf 88' lang='lat' dir='ltr'>concrescere</span> <span class='ocrx_word' id='word_1_93' title='bbox 1508 1767 1717 1832; x_wconf 92' lang='lat' dir='ltr'>odore</span> <span class='ocrx_word' id='word_1_94' title='bbox 1746 1769 2070 1844; x_wconf 84' lang='lat' dir='ltr'>bitumen3</span> 
     </span>
     <span class='ocr_line' id='line_1_14' title="bbox 418 1880 2052 1968; baseline 0.001 -24"><span class='ocrx_word' id='word_1_95' title='bbox 418 1880 703 1966; x_wconf 91' lang='lat' dir='ltr'>denique</span> <span class='ocrx_word' id='word_1_96' title='bbox 733 1883 847 1947; x_wconf 93' lang='lat' dir='ltr'>ubi</span> <span class='ocrx_word' id='word_1_97' title='bbox 876 1884 1134 1968; x_wconf 78' lang='lat' dir='ltr'>argenti</span> <span class='ocrx_word' id='word_1_98' title='bbox 1165 1904 1371 1948; x_wconf 91' lang='lat' dir='ltr'>venas</span> <span class='ocrx_word' id='word_1_99' title='bbox 1401 1884 1678 1968; x_wconf 87' lang='lat' dir='ltr'>aurique</span> <span class='ocrx_word' id='word_1_100' title='bbox 1709 1889 2052 1958; x_wconf 89' lang='lat' dir='ltr'>secuntur,</span> 
     </span>
     <span class='ocr_line' id='line_1_15' title="bbox 413 1974 1974 2091; baseline 0 -32"><span class='ocrx_word' id='word_1_101' title='bbox 413 1998 618 2059; x_wconf 89' lang='lat' dir='ltr'>terrai</span> <span class='ocrx_word' id='word_1_102' title='bbox 648 1996 914 2091; x_wconf 86' lang='lat' dir='ltr'>penitus</span> <span class='ocrx_word' id='word_1_103' title='bbox 946 2004 1324 2062; x_wconf 85' lang='lat' dir='ltr'>scrutantes</span> <span class='ocrx_word' id='word_1_104' title='bbox 1355 1996 1585 2061; x_wconf 89' lang='lat' dir='ltr'>abdita</span> <span class='ocrx_word' id='word_1_105' title='bbox 1613 1996 1793 2059; x_wconf 90' lang='lat' dir='ltr'>ferro</span> <span class='ocrx_word' id='word_1_106' title='bbox 1811 2044 1826 2071; x_wconf 90' lang='lat'>‚</span> <span class='ocrx_word' id='word_1_107' title='bbox 1971 1974 1974 1977; x_wconf 72' lang='lat'>.</span> 
     </span>
    </p>

    <p class='ocr_par' dir='ltr' id='par_1_7' title="bbox 270 2110 2210 2655">
     <span class='ocr_line' id='line_1_16' title="bbox 270 2110 1979 2199; baseline 0.002 -30"><span class='ocrx_word' id='word_1_108' title='bbox 270 2124 368 2170; x_wconf 86' lang='lat'>810</span> <span class='ocrx_word' id='word_1_109' title='bbox 413 2110 627 2193; x_wconf 90' lang='lat' dir='ltr'>qualis</span> <span class='ocrx_word' id='word_1_110' title='bbox 658 2110 922 2197; x_wconf 86' lang='lat' dir='ltr'>expiret</span> <span class='ocrx_word' id='word_1_111' title='bbox 951 2112 1396 2199; x_wconf 82' lang='lat' dir='ltr'>Scaptensula</span> <span class='ocrx_word' id='word_1_112' title='bbox 1425 2112 1657 2176; x_wconf 83' lang='lat' dir='ltr'>subter</span> <span class='ocrx_word' id='word_1_113' title='bbox 1689 2110 1979 2174; x_wconf 79' lang='lat' dir='ltr'>odores?</span> 
     </span>
     <span class='ocr_line' id='line_1_17' title="bbox 417 2222 1984 2307; baseline -0.001 -21"><span class='ocrx_word' id='word_1_114' title='bbox 417 2223 661 2307; x_wconf 90' lang='lat' dir='ltr'>quidve</span> <span class='ocrx_word' id='word_1_115' title='bbox 690 2225 843 2288; x_wconf 91' lang='lat' dir='ltr'>mali</span> <span class='ocrx_word' id='word_1_116' title='bbox 871 2226 947 2290; x_wconf 92' lang='lat' dir='ltr'>fit</span> <span class='ocrx_word' id='word_1_117' title='bbox 974 2233 1051 2289; x_wconf 91' lang='lat' dir='ltr'>ut</span> <span class='ocrx_word' id='word_1_118' title='bbox 1081 2226 1396 2290; x_wconf 84' lang='lat' dir='ltr'>exhalent</span> <span class='ocrx_word' id='word_1_119' title='bbox 1427 2232 1661 2289; x_wconf 89' lang='lat' dir='ltr'>aurata</span> <span class='ocrx_word' id='word_1_120' title='bbox 1689 2222 1984 2288; x_wconf 86' lang='lat' dir='ltr'>metalla!</span> 
     </span>
     <span class='ocr_line' id='line_1_18' title="bbox 417 2337 2210 2423; baseline -0.001 -22"><span class='ocrx_word' id='word_1_121' title='bbox 417 2358 583 2421; x_wconf 89' lang='lat' dir='ltr'>quas</span> <span class='ocrx_word' id='word_1_122' title='bbox 611 2339 953 2403; x_wconf 89' lang='lat' dir='ltr'>hominum</span> <span class='ocrx_word' id='word_1_123' title='bbox 982 2339 1279 2403; x_wconf 90' lang='lat' dir='ltr'>reddunt</span> <span class='ocrx_word' id='word_1_124' title='bbox 1306 2339 1510 2403; x_wconf 87' lang='lat' dir='ltr'>facies</span> <span class='ocrx_word' id='word_1_125' title='bbox 1543 2339 1891 2423; x_wconf 88' lang='lat' dir='ltr'>qualisque</span> <span class='ocrx_word' id='word_1_126' title='bbox 1923 2337 2210 2401; x_wconf 87' lang='lat' dir='ltr'>colores!</span> 
     </span>
     <span class='ocr_line' id='line_1_19' title="bbox 414 2452 2086 2541; baseline 0 -26"><span class='ocrx_word' id='word_1_127' title='bbox 414 2474 637 2516; x_wconf 90' lang='lat' dir='ltr'>nonne</span> <span class='ocrx_word' id='word_1_128' title='bbox 667 2452 862 2518; x_wconf 91' lang='lat' dir='ltr'>vides</span> <span class='ocrx_word' id='word_1_129' title='bbox 894 2453 1168 2519; x_wconf 89' lang='lat' dir='ltr'>audisve</span> <span class='ocrx_word' id='word_1_130' title='bbox 1197 2453 1417 2541; x_wconf 89' lang='lat' dir='ltr'>perire</span> <span class='ocrx_word' id='word_1_131' title='bbox 1447 2453 1513 2516; x_wconf 93' lang='lat' dir='ltr'>in</span> <span class='ocrx_word' id='word_1_132' title='bbox 1546 2460 1846 2537; x_wconf 88' lang='lat' dir='ltr'>tempore</span> <span class='ocrx_word' id='word_1_133' title='bbox 1876 2473 2086 2538; x_wconf 90' lang='lat' dir='ltr'>parvo</span> 
     </span>
     <span class='ocr_line' id='line_1_20' title="bbox 416 2567 1907 2655; baseline 0.001 -26"><span class='ocrx_word' id='word_1_134' title='bbox 416 2587 614 2652; x_wconf 91' lang='lat' dir='ltr'>quam</span> <span class='ocrx_word' id='word_1_135' title='bbox 644 2568 935 2645; x_wconf 87' lang='lat' dir='ltr'>soleant,</span> <span class='ocrx_word' id='word_1_136' title='bbox 960 2577 1029 2633; x_wconf 90' lang='lat' dir='ltr'>et</span> <span class='ocrx_word' id='word_1_137' title='bbox 1058 2590 1255 2654; x_wconf 86' lang='lat' dir='ltr'>quam</span> <span class='ocrx_word' id='word_1_138' title='bbox 1283 2568 1445 2632; x_wconf 88' lang='lat' dir='ltr'>vitai</span> <span class='ocrx_word' id='word_1_139' title='bbox 1476 2568 1670 2655; x_wconf 88' lang='lat' dir='ltr'>copia</span> <span class='ocrx_word' id='word_1_140' title='bbox 1700 2567 1907 2643; x_wconf 86' lang='lat' dir='ltr'>desit,</span> 
     </span>
    </p>

    <p class='ocr_par' dir='ltr' id='par_1_8' title="bbox 272 2681 2150 3003">
     <span class='ocr_line' id='line_1_21' title="bbox 272 2681 2135 2769; baseline 0.001 -28"><span class='ocrx_word' id='word_1_141' title='bbox 272 2697 368 2743; x_wconf 81' lang='lat'>815</span> <span class='ocrx_word' id='word_1_142' title='bbox 417 2703 589 2766; x_wconf 91' lang='lat' dir='ltr'>quos</span> <span class='ocrx_word' id='word_1_143' title='bbox 620 2704 822 2769; x_wconf 89' lang='lat' dir='ltr'>opere</span> <span class='ocrx_word' id='word_1_144' title='bbox 850 2684 919 2746; x_wconf 91' lang='lat' dir='ltr'>in</span> <span class='ocrx_word' id='word_1_145' title='bbox 952 2684 1063 2746; x_wconf 89' lang='lat' dir='ltr'>tali</span> <span class='ocrx_word' id='word_1_146' title='bbox 1094 2683 1364 2749; x_wconf 90' lang='lat' dir='ltr'>cohibet</span> <span class='ocrx_word' id='word_1_147' title='bbox 1393 2683 1495 2747; x_wconf 89' lang='lat' dir='ltr'>vis</span> <span class='ocrx_word' id='word_1_148' title='bbox 1526 2703 1767 2767; x_wconf 87' lang='lat' dir='ltr'>magna</span> <span class='ocrx_word' id='word_1_149' title='bbox 1794 2681 2135 2745; x_wconf 78' lang='lat' dir='ltr'>necessis?</span> 
     </span>
     <span class='ocr_line' id='line_1_22' title="bbox 416 2795 1880 2880; baseline 0.001 -22"><span class='ocrx_word' id='word_1_150' title='bbox 416 2795 544 2858; x_wconf 87' lang='lat' dir='ltr'>hos</span> <span class='ocrx_word' id='word_1_151' title='bbox 575 2796 773 2880; x_wconf 86' lang='lat' dir='ltr'>igitur</span> <span class='ocrx_word' id='word_1_152' title='bbox 803 2797 1000 2860; x_wconf 91' lang='lat' dir='ltr'>tellus</span> <span class='ocrx_word' id='word_1_153' title='bbox 1031 2797 1242 2860; x_wconf 90' lang='lat' dir='ltr'>omnis</span> <span class='ocrx_word' id='word_1_154' title='bbox 1275 2804 1628 2861; x_wconf 85' lang='lat' dir='ltr'>exaestuat</span> <span class='ocrx_word' id='word_1_155' title='bbox 1657 2803 1880 2860; x_wconf 91' lang='lat' dir='ltr'>aestus</span> 
     </span>
     <span class='ocr_line' id='line_1_23' title="bbox 418 2908 2150 3003; baseline -0.002 -30"><span class='ocrx_word' id='word_1_156' title='bbox 418 2909 810 3003; x_wconf 73' lang='lat' dir='ltr'>expiratque</span> <span class='ocrx_word' id='word_1_157' title='bbox 838 2911 1021 2974; x_wconf 88' lang='lat' dir='ltr'>foras</span> <span class='ocrx_word' id='word_1_158' title='bbox 1050 2912 1116 2974; x_wconf 93' lang='lat' dir='ltr'>in</span> <span class='ocrx_word' id='word_1_159' title='bbox 1147 2920 1452 2997; x_wconf 89' lang='lat' dir='ltr'>apertum</span> <span class='ocrx_word' id='word_1_160' title='bbox 1480 2917 1923 2995; x_wconf 90' lang='lat' dir='ltr'>promptaque</span> <span class='ocrx_word' id='word_1_161' title='bbox 1955 2908 2150 2971; x_wconf 91' lang='lat' dir='ltr'>caeli.</span> 
     </span>
    </p>

    <p class='ocr_par' dir='ltr' id='par_1_9' title="bbox 416 3022 2202 3223">
     <span class='ocr_line' id='line_1_24' title="bbox 501 3022 2202 3089; baseline -0.002 -2"><span class='ocrx_word' id='word_1_162' title='bbox 501 3023 612 3087; x_wconf 86' lang='lat' dir='ltr'>Sic</span> <span class='ocrx_word' id='word_1_163' title='bbox 643 3044 721 3086; x_wconf 92' lang='lat' dir='ltr'>ea</span> <span class='ocrx_word' id='word_1_164' title='bbox 748 3023 1017 3087; x_wconf 89' lang='lat' dir='ltr'>Averna</span> <span class='ocrx_word' id='word_1_165' title='bbox 1045 3025 1193 3088; x_wconf 88' lang='lat' dir='ltr'>loca</span> <span class='ocrx_word' id='word_1_166' title='bbox 1221 3025 1485 3089; x_wconf 89' lang='lat' dir='ltr'>alitibus</span> <span class='ocrx_word' id='word_1_167' title='bbox 1516 3024 1920 3088; x_wconf 89' lang='lat' dir='ltr'>summittere</span> <span class='ocrx_word' id='word_1_168' title='bbox 1953 3022 2202 3086; x_wconf 91' lang='lat' dir='ltr'>debent</span> 
     </span>
     <span class='ocr_line' id='line_1_25' title="bbox 416 3136 2140 3223; baseline 0 -24"><span class='ocrx_word' id='word_1_169' title='bbox 416 3136 822 3201; x_wconf 89' lang='lat' dir='ltr'>mortiferam</span> <span class='ocrx_word' id='word_1_170' title='bbox 850 3138 984 3201; x_wconf 93' lang='lat' dir='ltr'>vim</span> <span class='ocrx_word' id='word_1_171' title='bbox 1004 3186 1020 3213; x_wconf 85' lang='lat'>‚</span> <span class='ocrx_word' id='word_1_172' title='bbox 1048 3136 1131 3201; x_wconf 92' lang='lat' dir='ltr'>de</span> <span class='ocrx_word' id='word_1_173' title='bbox 1159 3146 1342 3203; x_wconf 91' lang='lat' dir='ltr'>terra</span> <span class='ocrx_word' id='word_1_174' title='bbox 1373 3160 1544 3223; x_wconf 91' lang='lat' dir='ltr'>quae</span> <span class='ocrx_word' id='word_1_175' title='bbox 1574 3138 1788 3222; x_wconf 89' lang='lat' dir='ltr'>surgit</span> <span class='ocrx_word' id='word_1_176' title='bbox 1814 3137 1883 3199; x_wconf 92' lang='lat' dir='ltr'>in</span> <span class='ocrx_word' id='word_1_177' title='bbox 1914 3157 2140 3210; x_wconf 76' lang='lat' dir='ltr'>auraS‚</span> 
     </span>
    </p>

    <p class='ocr_par' dir='ltr' id='par_1_10' title="bbox 274 3251 2050 3794">
     <span class='ocr_line' id='line_1_26' title="bbox 274 3251 2009 3339; baseline 0.001 -27"><span class='ocrx_word' id='word_1_178' title='bbox 274 3266 372 3313; x_wconf 77' lang='lat'>820</span> <span class='ocrx_word' id='word_1_179' title='bbox 415 3257 492 3313; x_wconf 91' lang='lat' dir='ltr'>ut</span> <span class='ocrx_word' id='word_1_180' title='bbox 521 3252 807 3335; x_wconf 89' lang='lat' dir='ltr'>spatium</span> <span class='ocrx_word' id='word_1_181' title='bbox 837 3252 1001 3316; x_wconf 90' lang='lat' dir='ltr'>caeli</span> <span class='ocrx_word' id='word_1_182' title='bbox 1033 3251 1321 3337; x_wconf 88' lang='lat' dir='ltr'>quadam</span> <span class='ocrx_word' id='word_1_183' title='bbox 1353 3252 1438 3316; x_wconf 91' lang='lat' dir='ltr'>de</span> <span class='ocrx_word' id='word_1_184' title='bbox 1468 3260 1662 3339; x_wconf 89' lang='lat' dir='ltr'>parte</span> <span class='ocrx_word' id='word_1_185' title='bbox 1692 3256 2009 3326; x_wconf 83' lang='lat' dir='ltr'>venenet3</span> 
     </span>
     <span class='ocr_line' id='line_1_27' title="bbox 419 3365 2029 3454; baseline -0.001 -26"><span class='ocrx_word' id='word_1_186' title='bbox 419 3386 553 3451; x_wconf 93' lang='lat' dir='ltr'>quo</span> <span class='ocrx_word' id='word_1_187' title='bbox 585 3365 778 3429; x_wconf 89' lang='lat' dir='ltr'>simul</span> <span class='ocrx_word' id='word_1_188' title='bbox 806 3388 883 3430; x_wconf 93' lang='lat' dir='ltr'>ac</span> <span class='ocrx_word' id='word_1_189' title='bbox 914 3366 1195 3453; x_wconf 90' lang='lat' dir='ltr'>primum</span> <span class='ocrx_word' id='word_1_190' title='bbox 1225 3367 1461 3454; x_wconf 91' lang='lat' dir='ltr'>pennis</span> <span class='ocrx_word' id='word_1_191' title='bbox 1494 3365 1715 3429; x_wconf 91' lang='lat' dir='ltr'>delata</span> <span class='ocrx_word' id='word_1_192' title='bbox 1745 3365 1834 3428; x_wconf 89' lang='lat' dir='ltr'>sit</span> <span class='ocrx_word' id='word_1_193' title='bbox 1863 3365 2029 3439; x_wconf 78' lang='lat' dir='ltr'>aleS‚</span> 
     </span>
     <span class='ocr_line' id='line_1_28' title="bbox 418 3479 1839 3564; baseline -0.001 -21"><span class='ocrx_word' id='word_1_194' title='bbox 418 3479 818 3564; x_wconf 89' lang='lat' dir='ltr'>impediatur</span> <span class='ocrx_word' id='word_1_195' title='bbox 847 3482 937 3544; x_wconf 93' lang='lat' dir='ltr'>ibi</span> <span class='ocrx_word' id='word_1_196' title='bbox 969 3501 1170 3544; x_wconf 89' lang='lat' dir='ltr'>caeco</span> <span class='ocrx_word' id='word_1_197' title='bbox 1201 3487 1515 3564; x_wconf 88' lang='lat' dir='ltr'>correpta</span> <span class='ocrx_word' id='word_1_198' title='bbox 1543 3500 1805 3543; x_wconf 90' lang='lat' dir='ltr'>veneno</span> <span class='ocrx_word' id='word_1_199' title='bbox 1824 3528 1839 3553; x_wconf 84' lang='lat'><strong>‚</strong></span> 
     </span>
     <span class='ocr_line' id='line_1_29' title="bbox 418 3592 2002 3680; baseline -0.003 -22"><span class='ocrx_word' id='word_1_200' title='bbox 418 3602 495 3660; x_wconf 93' lang='lat' dir='ltr'>ut</span> <span class='ocrx_word' id='word_1_201' title='bbox 525 3595 725 3659; x_wconf 91' lang='lat' dir='ltr'>cadat</span> <span class='ocrx_word' id='word_1_202' title='bbox 755 3616 790 3657; x_wconf 90' lang='lat' dir='ltr'>e</span> <span class='ocrx_word' id='word_1_203' title='bbox 819 3596 1091 3680; x_wconf 88' lang='lat' dir='ltr'>regione</span> <span class='ocrx_word' id='word_1_204' title='bbox 1119 3595 1283 3669; x_wconf 84' lang='lat' dir='ltr'>loci,</span> <span class='ocrx_word' id='word_1_205' title='bbox 1308 3615 1441 3678; x_wconf 88' lang='lat' dir='ltr'>qua</span> <span class='ocrx_word' id='word_1_206' title='bbox 1473 3592 1713 3677; x_wconf 87' lang='lat' dir='ltr'>derigit</span> <span class='ocrx_word' id='word_1_207' title='bbox 1743 3599 1967 3656; x_wconf 91' lang='lat' dir='ltr'>aestus</span> <span class='ocrx_word' id='word_1_208' title='bbox 1989 3640 2002 3653; x_wconf 87' lang='lat'><strong>.</strong></span> 
     </span>
     <span class='ocr_line' id='line_1_30' title="bbox 422 3706 2050 3794; baseline -0.003 -21"><span class='ocrx_word' id='word_1_209' title='bbox 422 3732 555 3794; x_wconf 92' lang='lat' dir='ltr'>quo</span> <span class='ocrx_word' id='word_1_210' title='bbox 587 3733 735 3775; x_wconf 91' lang='lat' dir='ltr'>cum</span> <span class='ocrx_word' id='word_1_211' title='bbox 769 3710 1063 3784; x_wconf 84' lang='lat' dir='ltr'>conruit,</span> <span class='ocrx_word' id='word_1_212' title='bbox 1086 3708 1195 3771; x_wconf 91' lang='lat' dir='ltr'>hic</span> <span class='ocrx_word' id='word_1_213' title='bbox 1227 3706 1461 3770; x_wconf 90' lang='lat' dir='ltr'>eadem</span> <span class='ocrx_word' id='word_1_214' title='bbox 1488 3709 1588 3789; x_wconf 76' lang='lat' dir='ltr'>yis</span> <span class='ocrx_word' id='word_1_215' title='bbox 1618 3706 1791 3770; x_wconf 83' lang='lat' dir='ltr'>illius</span> <span class='ocrx_word' id='word_1_216' title='bbox 1822 3713 2050 3770; x_wconf 91' lang='lat' dir='ltr'>aestus</span> 
     </span>
    </p>
   </div>
   <div class='ocr_carea' id='block_1_3' title="bbox 424 3927 827 3934">
    <p class='ocr_par' dir='ltr' id='par_1_11' title="bbox 424 3927 827 3934">
     <span class='ocr_line' id='line_1_31' title="bbox 424 3927 827 3934; baseline 0 1074"><span class='ocrx_word' id='word_1_217' title='bbox 424 3927 827 3934; x_wconf 95' lang='lat' dir='ltr'> </span> 
     </span>
    </p>
   </div>
   <div class='ocr_carea' id='block_1_4' title="bbox 428 4047 2706 4372">
    <p class='ocr_par' dir='ltr' id='par_1_12' title="bbox 428 4047 2706 4372">
     <span class='ocr_line' id='line_1_32' title="bbox 429 4047 2700 4122; baseline -0.001 -18"><span class='ocrx_word' id='word_1_218' title='bbox 429 4056 529 4104; x_wconf 85' lang='lat'>798</span> <span class='ocrx_word' id='word_1_219' title='bbox 575 4051 889 4105; x_wconf 83' lang='lat' dir='ltr'>labefaciant</span> <span class='ocrx_word' id='word_1_220' title='bbox 937 4053 958 4121; x_wconf 88' lang='grc' dir='ltr'>ΙΙ</span> <span class='ocrx_word' id='word_1_221' title='bbox 1006 4058 1104 4105; x_wconf 87' lang='grc'>799</span> <span class='ocrx_word' id='word_1_222' title='bbox 1154 4060 1401 4105; x_wconf 83' lang='lat' dir='ltr'>cunctere</span> <span class='ocrx_word' id='word_1_223' title='bbox 1449 4054 1470 4122; x_wconf 77' lang='grc' dir='ltr'>ΙΙ</span> <span class='ocrx_word' id='word_1_224' title='bbox 1517 4057 1617 4105; x_wconf 89' lang='grc'>800</span> <span class='ocrx_word' id='word_1_225' title='bbox 1668 4051 1899 4104; x_wconf 86' lang='lat' dir='ltr'>efflueris</span> <span class='ocrx_word' id='word_1_226' title='bbox 1950 4051 1971 4119; x_wconf 81' lang='grc' dir='ltr'>ΙΙ</span> <span class='ocrx_word' id='word_1_227' title='bbox 2017 4055 2112 4101; x_wconf 91' lang='grc'>801</span> <span class='ocrx_word' id='word_1_228' title='bbox 2160 4047 2228 4100; x_wconf 92' lang='lat' dir='ltr'>de</span> <span class='ocrx_word' id='word_1_229' title='bbox 2273 4049 2293 4116; x_wconf 92' lang='grc' dir='ltr'>ΙΙ</span> <span class='ocrx_word' id='word_1_230' title='bbox 2346 4051 2443 4099; x_wconf 86' lang='grc'>793</span> <span class='ocrx_word' id='word_1_231' title='bbox 2493 4065 2700 4117; x_wconf 89' lang='lat' dir='ltr'>pumos</span> 
     </span>
     <span class='ocr_line' id='line_1_33' title="bbox 428 4131 2701 4205; baseline 0 -19"><span class='ocrx_word' id='word_1_232' title='bbox 428 4135 515 4204; x_wconf 88' lang='lat' dir='ltr'>qui</span> <span class='ocrx_word' id='word_1_233' title='bbox 565 4135 585 4203; x_wconf 86' lang='grc' dir='ltr'>ΙΙ</span> <span class='ocrx_word' id='word_1_234' title='bbox 633 4140 729 4187; x_wconf 86' lang='grc'>803</span> <span class='ocrx_word' id='word_1_235' title='bbox 768 4134 1034 4187; x_wconf 83' lang='lat' dir='ltr'>celebrum</span> <span class='ocrx_word' id='word_1_236' title='bbox 1083 4134 1103 4202; x_wconf 89' lang='grc' dir='ltr'>ΙΙ</span> <span class='ocrx_word' id='word_1_237' title='bbox 1151 4152 1287 4204; x_wconf 87' lang='lat' dir='ltr'>aqua</span> <span class='ocrx_word' id='word_1_238' title='bbox 1333 4136 1352 4205; x_wconf 78' lang='grc' dir='ltr'>ΙΙ</span> <span class='ocrx_word' id='word_1_239' title='bbox 1401 4141 1499 4187; x_wconf 88' lang='grc'>804</span> <span class='ocrx_word' id='word_1_240' title='bbox 1539 4134 1763 4188; x_wconf 89' lang='lat' dir='ltr'>domnus</span> <span class='ocrx_word' id='word_1_241' title='bbox 1800 4135 1821 4203; x_wconf 83' lang='grc' dir='ltr'>ΙΙ</span> <span class='ocrx_word' id='word_1_242' title='bbox 1856 4132 2150 4187; x_wconf 87' lang='lat' dir='ltr'>fervidaser</span> <span class='ocrx_word' id='word_1_243' title='bbox 2185 4134 2207 4200; x_wconf 82' lang='grc' dir='ltr'>ΙΙ</span> <span class='ocrx_word' id='word_1_244' title='bbox 2244 4137 2342 4183; x_wconf 86' lang='grc'>805</span> <span class='ocrx_word' id='word_1_245' title='bbox 2381 4131 2491 4182; x_wconf 90' lang='lat' dir='ltr'>vini</span> <span class='ocrx_word' id='word_1_246' title='bbox 2529 4131 2551 4199; x_wconf 91' lang='grc' dir='ltr'>ΙΙ</span> <span class='ocrx_word' id='word_1_247' title='bbox 2593 4140 2701 4186; x_wconf 89' lang='grc'>806</span> 
     </span>
     <span class='ocr_line' id='line_1_34' title="bbox 430 4213 2706 4289; baseline -0 -19"><span class='ocrx_word' id='word_1_248' title='bbox 430 4219 571 4288; x_wconf 85' lang='lat' dir='ltr'>ips0.</span> <span class='ocrx_word' id='word_1_249' title='bbox 617 4219 637 4287; x_wconf 87' lang='grc' dir='ltr'>ΙΙ</span> <span class='ocrx_word' id='word_1_250' title='bbox 685 4224 785 4271; x_wconf 89' lang='grc'>808</span> <span class='ocrx_word' id='word_1_251' title='bbox 821 4225 1042 4288; x_wconf 85' lang='lat' dir='ltr'>argento</span> <span class='ocrx_word' id='word_1_252' title='bbox 1090 4217 1111 4288; x_wconf 83' lang='grc' dir='ltr'>ΙΙ</span> <span class='ocrx_word' id='word_1_253' title='bbox 1161 4225 1256 4270; x_wconf 84' lang='grc'>811</span> <span class='ocrx_word' id='word_1_254' title='bbox 1298 4220 1539 4273; x_wconf 85' lang='lat' dir='ltr'>metulla.</span> <span class='ocrx_word' id='word_1_255' title='bbox 1578 4218 1598 4289; x_wconf 80' lang='grc' dir='ltr'>ΙΙ</span> <span class='ocrx_word' id='word_1_256' title='bbox 1637 4225 1733 4271; x_wconf 83' lang='grc'>813</span> <span class='ocrx_word' id='word_1_257' title='bbox 1774 4218 1957 4271; x_wconf 83' lang='lat' dir='ltr'>audire</span> <span class='ocrx_word' id='word_1_258' title='bbox 1990 4218 2010 4285; x_wconf 92' lang='grc' dir='ltr'>ΙΙ</span> <span class='ocrx_word' id='word_1_259' title='bbox 2051 4223 2147 4269; x_wconf 88' lang='grc'>815</span> <span class='ocrx_word' id='word_1_260' title='bbox 2187 4221 2490 4268; x_wconf 81' lang='lat' dir='ltr'>necessest.</span> <span class='ocrx_word' id='word_1_261' title='bbox 2530 4213 2553 4284; x_wconf 83' lang='grc' dir='ltr'>ΙΙ</span> <span class='ocrx_word' id='word_1_262' title='bbox 2595 4213 2706 4269; x_wconf 84' lang='grc'>818</span> 
     </span>
     <span class='ocr_line' id='line_1_35' title="bbox 430 4300 1725 4372; baseline 0 -19"><span class='ocrx_word' id='word_1_263' title='bbox 430 4308 484 4354; x_wconf 80' lang='lat' dir='ltr'>ct</span> <span class='ocrx_word' id='word_1_264' title='bbox 518 4302 537 4370; x_wconf 89' lang='grc' dir='ltr'>ΙΙ</span> <span class='ocrx_word' id='word_1_265' title='bbox 573 4302 743 4355; x_wconf 84' lang='lat' dir='ltr'>locam</span> <span class='ocrx_word' id='word_1_266' title='bbox 779 4302 972 4355; x_wconf 83' lang='lat' dir='ltr'>alitbus</span> <span class='ocrx_word' id='word_1_267' title='bbox 1010 4300 1031 4368; x_wconf 91' lang='grc' dir='ltr'>ΙΙ</span> <span class='ocrx_word' id='word_1_268' title='bbox 1068 4307 1166 4354; x_wconf 84' lang='grc'>820</span> <span class='ocrx_word' id='word_1_269' title='bbox 1202 4302 1402 4371; x_wconf 83' lang='lat' dir='ltr'>patium</span> <span class='ocrx_word' id='word_1_270' title='bbox 1441 4302 1461 4371; x_wconf 79' lang='grc' dir='ltr'>ΙΙ</span> <span class='ocrx_word' id='word_1_271' title='bbox 1498 4301 1725 4372; x_wconf 87' lang='lat' dir='ltr'>quodam</span> 
     </span>
    </p>
   </div>
  </div>
 </body>
</html>
