2840 5008
479 385 621 454 218
1542 384 1636 452 IV

479 569 549 622 et
590 580 629 621 a
658 556 1005 622 Prisciano
1047 563 1457 642 agnoscatur
1498 558 1713 623 solum
1753 580 1820 643 p.
1838 558 1953 624 561
2002 567 2072 624 et
2111 560 2183 623 in
2223 561 2461 626 tabula
2487 562 2696 627 Hera-

480 658 728 721 cleensi
771 657 860 721 sit
910 663 979 721 et
1021 656 1092 718 in
1136 655 1543 741 cenotaphio
1587 657 1836 721 Pisano
1860 704 1878 732 ‚
1922 679 2144 742 neque
2186 680 2314 723 suo
2360 666 2695 744 tempore,

480 776 883 840 quamquam
907 755 1156 820 Accius
1186 753 1584 819 dissenserit
1599 803 1616 829 ‚
1646 756 1840 821 aliter
1869 778 2276 841 quemquam
2306 756 2541 823 dicere
2569 766 2696 822 tes-

479 861 662 917 tetur
679 853 904 918 Varro
948 852 1033 917 de
1074 851 1302 937 lingua
1329 852 1578 917 Latina
1604 876 1703 917 vn
1732 875 1796 938 p.
1815 853 1935 918 372
1954 902 1970 930 ,
2012 855 2070 918 si
2098 855 2244 918 eius
2272 857 2495 921 verba
2523 864 2697 920 recte

480 950 833 1016 emendavi
874 951 944 1015 in
975 951 1159 1014 hunc
1191 948 1466 1013 modum
1491 998 1505 1013 .
1557 950 1890 1015 obscenum
1920 953 2144 1015 dictum
2172 976 2213 1015 α
2254 975 2447 1016 scena
2471 1002 2486 1015 .
2530 944 2570 1015 i:
2588 1001 2603 1026 ‚
2639 965 2699 1016 ut

487 1050 717 1115 Graeci
745 1061 852 1113 aut
882 1050 1111 1141 ᾼσοίαε
1137 1048 1654 1113 scribit-scaenam
1673 1098 1687 1113 .
1733 1050 1836 1113 sic·
1860 1049 2294 1114 Florentinus
2322 1051 2509 1115 liber
2526 1098 2542 1126 ‚
2582 1051 2696 1114 nisi

479 1147 666 1231 quod
695 1146 905 1211 habet
925 1170 999 1210 ea
1029 1157 1129 1225 ut,
1161 1153 1231 1208 et
1260 1147 1475 1210 sev-ibit
1502 1171 1755 1228 scaena,
1783 1147 1991 1232 idque
2026 1154 2417 1211 correctum
2435 1197 2454 1224 ‚
2484 1155 2563 1212 ut
2582 1147 2697 1211 La-

478 1248 863 1332 gomarsino
893 1245 1110 1309 visum
1138 1250 1244 1307 est
1258 1291 1274 1319 ,
1302 1268 1521 1321 ‚serena
1550 1294 1563 1308 .
1610 1245 1702 1310 ad
1723 1266 1922 1330 quem
1957 1245 2152 1309 Matii
2179 1266 2464 1309 versum
2486 1246 2699 1310 Varro

477 1343 649 1408 haec
672 1343 944 1428 scripsit
962 1390 977 1418 ‚
1015 1341 1269 1406 Obsceni
1302 1344 1600 1428 interpres
1610 1344 1965 1430 funestique
1984 1345 2203 1407 omini-s·
2229 1344 2254 1427 (
2266 1343 2705 1407 Florentinus

481 1444 609 1507 offis
633 1490 651 1520 ,
690 1440 763 1505 id
793 1447 900 1504 est
937 1442 1174 1524 omnes)
1205 1451 1417 1505 auctor
1444 1488 1461 1515 ‚
1504 1462 1653 1505 eum
1696 1442 1905 1505 miror
1933 1463 1973 1504 a
2017 1441 2239 1505 doctis
2285 1441 2428 1505 alio
2473 1441 2708 1507 referri

478 1561 682 1623 quam
704 1537 793 1601 ad
813 1537 1241 1603 Homericum
1266 1537 1478 1601 Μᾶκτι
1505 1534 1720 1602 κακῶν
1740 1586 1751 1600 .
1772 1547 2017 1623 postea
2031 1539 2478 1604 Florentinus
2505 1541 2708 1620 Quare

476 1649 650 1721 turpe
681 1636 817 1698 ideo
857 1635 1205 1699 obserrowm
1235 1683 1252 1714 ,
1295 1636 1462 1721 quod
1483 1638 1603 1699 nisi
1629 1638 1695 1699 in
1720 1660 2008 1703 scaenam
2039 1639 2263 1722 palam
2290 1639 2422 1701 diei
2449 1662 2581 1702 non
2608 1639 2707 1701 de-

475 1736 604 1798 det.
634 1732 707 1797 id
737 1738 842 1796 est
872 1733 1079 1812 Quare
1107 1745 1281 1818 impe
1307 1735 1445 1799 ideo
1465 1735 1814 1815 obscenum,
1844 1736 2010 1822 quod
2024 1736 2144 1798 nisi
2172 1736 2247 1799 ob
2265 1759 2569 1801 scaenam
2586 1759 2709 1821 pa-

474 1835 602 1896 lam
623 1832 745 1895 dici
764 1854 887 1895 non
907 1832 1111 1895 debet:
1130 1852 1286 1896 nam
1301 1833 1376 1896 ob
1392 1856 1680 1898 scaenam
1701 1833 1812 1897 hic
1835 1834 2039 1898 scribi
2060 1854 2171 1897 res
2194 1833 2410 1918 exigit
2425 1880 2442 1907 ‚
2469 1855 2708 1919 quam-

477 1950 679 2014 quam
702 1930 904 2014 vulgo
942 1936 1136 1993 actor
1162 1932 1227 1993 in
1260 1953 1485 1995 scaena
1512 1932 1953 2015 pronuntiare
1985 1930 2232 1994 dicitur
2249 1980 2265 2005 ‚
2297 1931 2426 1995 sed
2454 1934 2574 2018 qui
2600 1931 2716 1995 hoc

474 2029 635 2092 idem
661 2029 934 2092 suhalim
972 2030 1099 2091 vult
1125 2030 1326 2092 dicere
1356 2028 1723 2113 (Varronis
1755 2030 1970 2113 ipsius
2006 2031 2216 2094 verba
2245 2038 2407 2094 sunt
2447 2031 2526 2093 in
2558 2051 2711 2094 cor-

474 2148 643 2212 pore
670 2125 978 2190 Putschii
1006 2148 1068 2210 p.
1088 2125 1291 2211 2264)
1321 2174 1338 2200 ,
1382 2151 1504 2192 non
1530 2128 1596 2189 in
1622 2125 1983 2191 scaena‘sed
2009 2150 2136 2212 pro
2174 2151 2401 2191 scaena
2427 2127 2587 2191 dicit
2603 2176 2623 2206 ,
2671 2150 2712 2190 a

476 2249 610 2312 quo
641 2248 780 2290 non
817 2226 1043 2291 differt
1069 2228 1144 2290 ob
1177 2251 1494 2291 scamam.
1535 2226 1662 2292 sed
1687 2225 2109 2291 redeundum
2142 2233 2246 2289 est
2276 2225 2367 2288 ad
2394 2224 2714 2289 Lucretii

474 2347 743 2390 versum
761 2372 777 2399 ‚
822 2326 935 2409 qui
966 2346 1116 2388 cum
1142 2325 1630 2408 interpretibus
1668 2325 1837 2388 nihil
1863 2325 2118 2411 negotii
2143 2322 2420 2397 fecerit,
2459 2323 2642 2387 mihi
2674 2347 2715 2389 a

473 2423 732 2487 furioso
764 2421 1113 2508 profectus
1142 2422 1457 2497 videtur„
1501 2423 1769 2487 Seaenai
1794 2414 2050 2509 speciem
2065 2470 2084 2501 ‚
2114 2432 2369 2507 patrum
2394 2432 2713 2485 matrum-

473 2547 590 2609 que
617 2525 867 2587 deorum
897 2547 921 2601 ;
961 2542 1087 2586 nec
1114 2519 1428 2606 profecto
1460 2513 1688 2586 sanior
1715 2571 1731 2598 ‚
1770 2523 1830 2586 si
1860 2543 2010 2585 cum
2037 2520 2226 2584 Italis
2268 2526 2337 2583 et
2362 2519 2676 2584 Marullo
2698 2570 2714 2594 ‚

474 2642 647 2705 quos
678 2640 908 2684 omnes
937 2626 1262 2684 secuntur
1286 2668 1302 2694 ‚
1348 2617 1856 2705 hypermetrum
1881 2618 2204 2683 faciamus
2223 2667 2238 2693 ‚
2270 2629 2538 2703 patrum
2565 2642 2714 2683 ma-

471 2730 750 2803 trumque
779 2720 1147 2805 deorumque
1174 2745 1196 2782 .-
1235 2739 1390 2781 nam
1422 2718 1549 2782 etsi
1579 2719 1861 2794 deorum
1905 2719 2097 2803 signa
2123 2718 2193 2792 in
2222 2737 2467 2780 scaena
2499 2725 2684 2781 sunt
2700 2767 2717 2792 ‚

473 2813 656 2878 nulla
684 2824 910 2878 tamen
940 2824 1099 2880 sunt
1127 2827 1384 2901 patrum
1410 2827 1793 2903 matrumque
1823 2863 1839 2879 .
1881 2816 2098 2900 turpis
2130 2822 2235 2879 est
2276 2817 2345 2878 in
2372 2814 2510 2878 hoc
2541 2815 2714 2880 loco

472 2915 916 2997 interpretum
937 2913 1182 2978 levitas
1197 2962 1214 2989 ‚
1245 2914 1361 2999 qui
1384 2916 1671 2998 primum
1680 2936 1817 2999 per
1837 2937 1912 2979 se
1933 2936 2072 2979 non
2091 2912 2389 2977 viderint
2415 2914 2714 2978 decorem

472 3010 906 3076 scribendum
934 3031 1085 3074 esse
1112 3011 1230 3075 ubi
1260 3017 1367 3076 est
1394 3014 1646 3076 deorum
1663 3059 1679 3087 ‚
1711 3011 1957 3075 deinde
1978 3012 2364 3076 Lucretium
2384 3011 2566 3075 haec
2592 3034 2711 3077 ea-

472 3111 624 3175 dem
654 3132 870 3195 prope
898 3131 1022 3195 per
1052 3109 1316 3194 singula
1336 3112 1548 3176 verba
1576 3112 1906 3198 repetisse
1928 3132 2067 3174 non
2095 3108 2710 3175 animadverterint

469 3208 602 3274 hoc
630 3210 780 3293 ipso
811 3210 984 3274 libro
1021 3207 1144 3273 982
1173 3257 1189 3285 ‚
1233 3219 1289 3273 et
1315 3232 1651 3275 consessum
1681 3233 1927 3273 cernere
1955 3210 2207 3273 etmdem
2239 3209 2593 3294 scenaique
2622 3214 2705 3273 si-

469 3308 602 3369 mul
624 3309 825 3370 varios
863 3308 1177 3391 splendere
1205 3308 1484 3372 decore-5.
1533 3307 1775 3393 quibus
1806 3306 2251 3371 consideratis
2291 3327 2433 3369 non
2459 3315 2709 3391 potest

471 3405 834 3468 obscurum
863 3424 1012 3466 esse
1040 3404 1153 3467 hic
1195 3407 1401 3470 scribi
1433 3407 1683 3472 debere
1716 3406 1983 3471 Scaenai
2008 3408 2267 3491 speciem
2307 3428 2458 3469 PUL
2476 3429 2702 3471 cnam

470 3523 929 3576 vamumour:
976 3524 1387 3566 uncorum.

633 3601 731 3666 81.
775 3600 892 3664 ΕΤ
939 3623 1271 3676 QUANTO
1318 3625 1618 3667 cummi
1657 3624 1875 3665 MAGE
1913 3599 2123 3665 'SUNT
2169 3623 2697 3665 INCLAUSTRA

469 3724 508 3763 T
524 3721 829 3764 usa-rm
859 3699 1038 3763 Mon
1054 3722 1196 3763 ΜΛ
1215 3748 1229 3764 .
1262 3700 1615 3786 Oblongus
1639 3707 1708 3765 et
1728 3699 1881 3763 Itali
1910 3701 2248 3762 inclausa-a
2263 3747 2281 3777 ‚
2314 3696 2697 3781 quadratus

465 3800 747 3880 inelma5
775 3797 957 3863 unde
988 3807 1275 3885 apparet
1302 3800 1374 3864 in
1404 3789 1784 3885 archetypo
1814 3819 1950 3860 non
1981 3817 2219 3881 puram
2243 3803 2312 3859 et
2339 3796 2696 3860 inlibatam

466 3894 673 3960 fuisse
703 3896 1107 3981 scripturam
1126 3946 1140 3972 ‚
1171 3896 1295 3960 sed
1324 3898 1541 3982 prima
1569 3917 1770 3959 manu
1792 3896 2102 3959 vitiosam
2120 3941 2136 3968 ‚
2165 3914 2326 3956 mox
2355 3916 2397 3957 a
2427 3915 2697 3958 eorrec-

469 3993 730 4059 toribus
774 3999 1167 4078 temptatam
1197 4044 1208 4057 .
1254 4013 1475 4079 neque
1499 4043 1514 4068 ‚
1561 3997 1616 4058 si
1648 3995 1891 4058 Accius
1934 3995 2003 4058 in
2030 3991 2493 4076 Alphesiboea
2522 3991 2696 4055 dixit

468 4090 575 4156 Sei
617 4091 782 4174 (Sed
814 4092 1216 4176 exemplaria
1256 4092 1458 4156 Nonii
1502 4115 1564 4178 p.
1597 4093 1696 4167 73,
1709 4093 1827 4177 27)
1858 4092 2281 4176 anymtitatem
2307 4092 2613 4154 inclusam
2644 4101 2700 4153 et

464 4192 632 4253 saxis
657 4191 1005 4275 squalidam
1031 4239 1047 4268 ,
1092 4190 1328 4254 eodem
1357 4192 1505 4254 iure
1532 4193 1770 4255 moenia
1798 4192 2036 4253 inclusa
2070 4187 2202 4251 dici
2235 4195 2559 4272 possunt.
2596 4188 2696 4251 rei

468 4287 1164 4351 convenientissimum
1210 4296 1313 4352 est
1369 4312 1413 4352 A
1431 4314 1471 4352 N
1488 4313 1528 4353 G
1545 4313 1583 4353 u
1602 4312 1744 4353 srA
1772 4313 1785 4351 z
1840 4309 1995 4351 nam
2052 4287 2340 4370 spatium
2388 4285 2694 4370 angustis

466 4384 813 4448 moenibus
857 4382 1185 4447 inclusum
1221 4385 1483 4450 facilius
1513 4387 1583 4451 in
1625 4410 1697 4450 se
1744 4387 2002 4469 com-ipit
2030 4392 2098 4449 et
2145 4383 2399 4469 colligit
2440 4384 2691 4453 lucem,
