2840 5008
478 341 491 350 ’
548 383 682 450 166
1639 383 1705 449 v

395 574 492 619 270
536 556 844 619 materies
875 557 1122 619 umoris
1154 564 1220 619 et
1249 556 1335 619 ad
1368 566 1573 641 caput
1602 558 1902 620 amnibus
1935 559 2147 621 omnis

543 671 887 743 convenit,
910 670 1066 733 inde
1098 692 1297 756 super
1327 680 1545 735 terras
1576 672 1718 734 fluit
1748 673 2003 757 agmine
2036 671 2212 735 dulci

544 806 676 869 qua
703 785 812 847 via
842 793 1025 848 secta
1055 786 1257 848 semel
1285 786 1541 870 liquido
1572 787 1745 872 pede
1778 785 2016 849 detulit
2043 786 2292 850 undas,

623 900 801 963 Aera
828 922 1005 962 nunc
1035 901 1235 985 igitur
1268 899 1511 972 dicam,
1538 902 1649 985 qui
1682 922 1964 988 corpore
1993 909 2142 964 toto

542 1015 1109 1078 innumerabiliter
1139 1016 1366 1101 privas
1396 1022 1692 1078 mutatur
1720 1017 1792 1078 in
1817 1016 2052 1078 horaS.

400 1146 496 1190 275
543 1150 809 1214 semper
837 1130 1005 1191 enim
1026 1178 1040 1202 ‚
1065 1129 1251 1214 quod
1281 1151 1564 1212 cumque
1593 1130 1738 1192 fluit
1768 1129 1851 1191 de
1882 1131 2085 1192 rebus
2104 1178 2119 1200 ,
2142 1130 2212 1192 id
2243 1154 2439 1194 omne

551 1244 724 1306 aeris
753 1245 821 1306 in
850 1264 1157 1328 magnum
1186 1243 1400 1306 fertur
1428 1264 1644 1318 mare3
1671 1243 1785 1327 qui
1813 1245 1936 1307 nisi
1968 1254 2205 1307 contra

547 1379 834 1442 corpora
865 1359 1192 1421 retribuat
1218 1359 1423 1421 rebus
1452 1366 1843 1442 recreetque
1873 1359 2165 1432 fluenti8‚

550 1473 769 1536 omnia
796 1473 923 1535 iam
952 1473 1247 1536 resoluta
1275 1472 1500 1535 forent
1531 1481 1599 1536 et
1624 1473 1690 1534 in
1723 1480 1880 1536 aera
1908 1494 2137 1536 versa:

544 1586 713 1648 haut
739 1587 938 1672 igitur
968 1598 1188 1651 cessat
1217 1588 1394 1672 gigni
1427 1586 1512 1649 de
1542 1589 1744 1650 rebus
1776 1596 1843 1650 et
1869 1588 1941 1650 in
1971 1609 2077 1650 res

405 1717 502 1763 280
545 1699 887 1763 reccidere
907 1751 923 1776 ‚
945 1701 1225 1766 adsidue
1258 1703 1567 1787 quoniam
1597 1702 1803 1766 fluere
1834 1703 2054 1765 omnia
2083 1712 2379 1767 constat.

630 1816 888 1900 Largus
916 1817 1073 1880 item
1102 1816 1335 1903 liquidi
1363 1817 1518 1880 fons
1548 1818 1808 1880 luminis
1829 1866 1842 1890 ‚
1867 1817 2202 1880 aetherius
2234 1820 2361 1893 sol,

549 1929 795 2014 inrigat
824 1931 1107 1995 adsidue
1139 1933 1392 1996 caelum
1424 1931 1717 1996 candore
1747 1932 1998 1994 recenti

552 2044 1071 2131 suppeditatque
1100 2070 1278 2110 novo
1312 2046 1663 2110 confestim
1692 2046 1935 2109 lumine
1966 2046 2213 2108 lumen.

551 2180 703 2222 nam
731 2162 1011 2245 primum
1043 2162 1361 2246 quicquid
1389 2161 1667 2246 fulgoris
1700 2160 1982 2244 disperit
2012 2160 2099 2235 ei,

410 2288 505 2334 285
553 2295 686 2357 quo
719 2297 998 2359 cumque
1029 2277 1303 2340 accidit.
1327 2276 1398 2338 id
1428 2276 1582 2339 licet
1611 2276 1767 2338 hinc
1799 2277 2209 2359 cognoscere
2240 2279 2464 2362 possis
2487 2329 2500 2354 ,

553 2388 738 2473 quod
768 2390 958 2454 simul
988 2412 1066 2454 ac
1096 2392 1375 2476 primum
1404 2392 1616 2454 nubes
1649 2389 2010 2453 succedere
2042 2390 2166 2453 soli

555 2528 836 2591 coepere
870 2514 937 2569 et
965 2506 1192 2576 radios
1222 2507 1394 2569 inter
1426 2508 1615 2591 quasi
1644 2527 1952 2591 rumpere
1981 2504 2179 2580 lucie,

556 2621 887 2706 extemplo
917 2622 1192 2686 inferior
1221 2643 1381 2705 pars
1411 2623 1649 2685 horum
1681 2620 1963 2706 disperit
1994 2621 2236 2697 omniS‚

554 2744 867 2819 terraque
896 2737 1309 2801 inumbratur
1341 2750 1486 2821 qua'
1505 2736 1706 2799 nimbi
1737 2756 2017 2820 cumque
2046 2733 2379 2813 feruntur3

414 2863 511 2909 290
554 2855 631 2911 ut
658 2871 900 2913 noscas
931 2851 1289 2935 splendore
1317 2838 1501 2915 novo
1534 2875 1642 2915 res
1673 2872 1934 2935 semper
1966 2871 2188 2935 egere,

562 2970 630 3025 et
656 2964 935 3049 primum
962 2966 1207 3028 iactum
1235 2966 1514 3050 fulgoris
1547 2988 1874 3050 quemque
1905 2966 2123 3052 perire
2140 3012 2153 3037 ‚

557 3098 682 3140 nec
710 3079 970 3142 ratione
1001 3081 1126 3142 alia
1153 3102 1262 3143 res
1292 3100 1495 3163 posse
1523 3081 1590 3140 in
1622 3080 1763 3143 sole
1794 3079 2041 3152 videri,

557 3200 883 3278 perpetuo
912 3195 979 3256 ni
1009 3193 1391 3281 suppeditet
1419 3194 1585 3257 lucis
1615 3202 1818 3278 caput
1844 3195 2089 3279 ipsum.

565 3306 722 3390 quin
754 3309 950 3371 etiam
977 3317 1306 3373 nocturna
1335 3311 1455 3373 tibi
1472 3359 1490 3389 ,
1515 3310 1862 3372 terrestria
1892 3331 2064 3393 quae
2096 3317 2281 3383 sunt,

417 3437 513 3483 295
557 3422 831 3499 lumina,
853 3423 1228 3508 pendentes
1257 3425 1482 3510 lychni
1515 3424 1866 3508 claraeque
1898 3423 2194 3488 coruscis

558 3537 930 3623 fulguribus
962 3539 1241 3623 pingues
1271 3539 1478 3601 multa
1508 3539 1785 3623 caligine
1814 3537 2054 3602 taedae

563 3653 882 3717 consimili
909 3663 1283 3740 properant
1309 3654 1569 3717 ratione
1588 3704 1602 3730 ‚
1626 3653 1869 3717 ardore
1898 3652 2198 3716 ministro
2216 3702 2230 3728 ‚

563 3767 994 3854 suppeditare
1023 3791 1268 3832 novom
1299 3769 1519 3833 lumen
1539 3819 1553 3845 ‚
1576 3778 1860 3833 tremere
1889 3769 2151 3853 ignibus
2181 3768 2466 3843 instant,

562 3881 814 3946 instant
831 3932 846 3958 ‚
868 3905 992 3946 nec
1020 3884 1170 3947 loca
1198 3885 1312 3948 lux
1339 3885 1515 3949 inter
1546 3885 1738 3969 quasi
1767 3891 1968 3970 rupta
1996 3883 2338 3968 relinquit:

420 4013 518 4059 300
561 4018 776 4081 usque
805 3996 976 4060 adeo
1008 4008 1453 4084 properanter
1482 4001 1565 4062 ab
1598 4001 1900 4063 omnibus
1929 3999 2190 4084 ignibus
2223 3998 2279 4061 ei

568 4287 664 4332 272
702 4279 867 4332 semel
904 4288 1049 4332 secta
1086 4281 1249 4333 semel
1303 4282 1323 4349 Η
1377 4287 1476 4332 274
1515 4298 1661 4332 oras,
1719 4280 1738 4349 ΙΙ
1796 4287 1891 4332 282
1931 4282 2166 4351 regenti.
2206 4280 2225 4345 ΙΙ
2264 4286 2361 4331 288
2400 4279 2621 4349 disperis
2657 4277 2764 4346 11291

570 4363 649 4415 Ut
684 4360 703 4430 ΙΙ
744 4368 840 4414 293
880 4363 1164 4432 suppedite
1203 4365 1222 4431 ΙΙ
1261 4368 1356 4414 295
1396 4363 1574 4431 lyclini
1614 4364 1634 4432 ΙΙ
1670 4370 1768 4416 297
1805 4365 2081 4434 proferant
