2840 5008
673 1235 761 1316 T.
837 1231 1390 1314 LUORETI
1463 1231 1764 1314 CARI

290 1460 528 1560 DE
639 1458 1270 1561 RERUM
1373 1458 2142 1561 NATURA

768 1704 1102 1769 LIBER
1185 1704 1656 1769 SEXTUS.

89 2177 389 2298 Primae
421 2233 808 2319 frugiparos
836 2232 1011 2297 fetus
1040 2234 1433 2298 mortalibus
1464 2235 1678 2320 aegris

14 2336 15 2425 ;
87 2346 476 2413 dididerunt
508 2344 849 2433 quondam
877 2348 1224 2432 praeclaro
1254 2348 1521 2411 nomine
1549 2349 1856 2413 Athenae
1874 2398 1888 2425 ‚

14 2446 17 2538 l
86 2471 146 2527 et
168 2471 658 2530 recreaverunt
688 2465 887 2530 vitam
915 2462 1233 2549 legesque
1261 2472 1619 2550 rogarunt,

14 2541 17 2634 l
85 2587 145 2642 et
171 2582 427 2665 primae
460 2578 799 2643 dederunt
826 2578 1074 2643 solacia
1104 2578 1325 2643 dulcia
1350 2580 1529 2644 vitae
1548 2628 1562 2655 ‚

14 2637 41 2768 lt»
87 2714 222 2757 cum
251 2715 557 2781 genuere
585 2695 800 2760 virum
830 2694 946 2759 tali
978 2716 1125 2758 cum
1155 2694 1361 2759 corde
1391 2703 1761 2779 repertum,

14 2843 15 2846 ¹
83 2810 289 2874 omnia
315 2809 623 2876 veridico
656 2809 769 2894 qui
801 2807 1141 2894 quondam
1170 2831 1255 2873 ex
1287 2832 1403 2874 ore
1434 2808 1761 2897 profudit3

14 2951 17 3024 ὲ
82 2923 254 2989 cuius
275 2974 290 3001 ‚
317 2931 395 2989 et
424 2924 701 2988 extincti
720 2973 734 3000 ‚
758 2931 1038 3009 propter
1070 2922 1295 2988 divina
1322 2933 1594 3010 reperta

83 3036 424 3125 divolgata
451 3047 648 3103 vetus
676 3040 805 3103 iam
835 3038 924 3103 ad
955 3039 1207 3102 caelum
1236 3038 1449 3124 gloria
1475 3038 1716 3103 fertur.

81 3173 223 3216 nam
254 3176 415 3217 cum
442 3153 614 3218 vidit
640 3153 751 3217 hic
782 3152 871 3216 ad
898 3154 1146 3219 victum
1177 3176 1348 3239 quae
1377 3153 1633 3239 flagitat
1658 3176 1821 3218 usus

91 3270 298 3333 omnia
325 3270 463 3332 iam
489 3267 698 3331 ferme
726 3269 1117 3334 mortalibus
1148 3291 1295 3333 esse
1324 3276 1591 3355 parata,

81 3388 172 3458 et,
193 3405 321 3468 pro
360 3405 561 3467 quam
589 3392 827 3469 posset
845 3432 859 3459 ‚
881 3384 1084 3447 vitam
1116 3385 1486 3449 consistere
1515 3392 1756 3460 tutam,

14 3531 15 3582 }
78 3494 313 3561 divitiis
344 3497 652 3561 homines
685 3507 753 3562 et
779 3499 1038 3563 honore
1070 3506 1140 3563 et
1165 3498 1366 3562 laude
1397 3500 1691 3585 potentis

14 3633 17 3750 }
78 3608 340 3676 affluere
374 3621 582 3698 atque
613 3614 793 3677 bona
821 3622 1176 3699 gnatorum
1208 3614 1533 3678 excellere
1564 3614 1767 3691 fama,

14 3755 15 3808 χ
76 3744 192 3787 nec
219 3726 441 3792 minus
476 3749 626 3790 esse
657 3726 836 3792 domi
868 3729 1175 3814 cuiquam
1202 3737 1425 3793 tamen
1454 3731 1650 3793 anxia
1681 3728 1918 3804 corda,

14 3821 33 3891 b
79 3846 273 3924 atque
305 3841 505 3905 animi
533 3841 813 3927 ingratis
841 3843 1046 3908 vitam
1074 3864 1323 3908 vexare
1355 3843 1666 3930 querellis

75 3955 453 4041 passimque
483 3956 743 4021 infestis
777 3958 967 4043 cogei
998 3959 1257 4024 saevire
1285 3958 1581 4047 pericIiS,

82 4236 102 4279 l
141 4248 357 4303 aegros,
405 4236 425 4303 11
477 4242 507 4286 4
545 4237 709 4289 solaci
747 4237 766 4307 ΙΙ
805 4244 843 4290 7-
874 4239 1106 4291 extincta
1145 4239 1164 4307 ΙΙ
1204 4246 1264 4291 10
1303 4229 1623 4291 acortalibus
1660 4240 1679 4308 ΙΙ
1723 4247 1778 4291 11
1818 4247 2041 4310 possent
2076 4241 2095 4307 Η
2140 4246 2195 4290 13
2238 4254 2332 4308 ex-

79 4314 269 4368 collere
305 4317 324 4385 ΙΙ
366 4324 426 4370 14
465 4318 641 4373 cordi.
676 4321 696 4388 ΙΙ
739 4326 799 4373 16
838 4321 1016 4375 Pausa
1052 4328 1210 4392 atque
1246 4323 1266 4391 ΙΙ
1306 4330 1464 4393 coget
1499 4325 1518 4392 ΙΙ
1558 4323 1833 4393 querellis.
