2840 5008
503 403 644 472 256
1566 404 1665 471 IV

502 579 790 645 transire
835 576 1083 644 debeat
1111 625 1125 639 .
1171 576 1419 642 deinde
1458 579 1526 643 in
1575 579 1681 644 his
1723 602 1806 644 ex
1847 588 2042 666 parte
2075 583 2321 648 eadem
2352 592 2743 651 tractantur

501 699 674 764 quae
702 678 772 740 in
793 675 1134 760 prioribus
1153 726 1167 740 .
1192 677 1341 761 quis
1372 678 1548 741 enim
1575 675 1754 742 ferat
1780 678 1879 742 ita
1907 679 2011 744 bis
2042 679 2129 745 de
2162 683 2551 749 simulacris
2577 685 2740 765 dici,

499 774 840 862 quomodo
871 777 1169 840 membra
1199 783 1514 839 moveant
1544 783 1614 839 et
1641 777 1901 841 iactent
1941 778 2265 845 bracchia
2293 829 2308 856 ‚
2354 789 2437 846 ut
2476 782 2739 847 factum

500 886 606 944 est
632 898 838 942 versu
865 877 903 939 7
907 875 989 940 68
1019 885 1089 939 et
1108 874 1280 939 788?
1312 885 1382 939 et
1412 898 1557 939 cum
1589 897 1794 941 versu
1821 878 1942 941 775
1982 879 2052 941 in
2081 900 2217 942 uno
2252 901 2539 966 quoque
2571 890 2737 946 tem-

497 998 665 1066 pore
694 974 993 1040 sensibili
1021 994 1263 1059 magna
1290 973 1775 1058 particularum
1805 976 2001 1061 copia
2028 976 2271 1041 adesse
2316 978 2579 1043 dicitur
2606 1027 2624 1054 ‚
2664 981 2738 1045 id

496 1078 565 1141 ni
591 1076 828 1140 mirum
857 1072 1037 1144 idem
1068 1079 1174 1136 est
1204 1070 1392 1156 quod
1429 1093 1635 1136 versu
1673 1073 1797 1137 794
1837 1075 2197 1159 exponitur
2225 1124 2241 1150 ‚
2285 1077 2358 1139 in
2390 1101 2535 1141 uno
2571 1100 2737 1163 quo-

498 1196 630 1261 que
659 1181 964 1257 tempore
982 1219 998 1246 ‚
1020 1171 1088 1234 in
1121 1191 1254 1256 quo
1286 1192 1360 1235 re
1388 1192 1555 1235 vera
1582 1171 1794 1236 multa
1822 1181 2129 1258 tempora
2153 1175 2424 1239 lateant
2442 1224 2457 1250 ,
2479 1176 2560 1239 in
2581 1177 2731 1241 loco

496 1294 769 1361 quoque
800 1271 1153 1334 simulacra
1185 1290 1492 1355 quaeque
1521 1277 1798 1357 praesto
1830 1293 1979 1336 esse
2001 1322 2014 1336 .

658 1371 798 1435 795.
831 1368 1432 1433 Consssnrnms
1456 1416 1471 1443 ,
1502 1392 1585 1432 1n
1630 1392 1815 1446 EST,
1847 1393 2002 1434 cun
2046 1392 2207 1434 vox
2250 1394 2735 1436 murtrum

494 1493 649 1536 UNA
668 1518 682 1533 .
705 1469 906 1532 Hunc
927 1489 1197 1531 versum
1220 1488 1652 1552 corrumpere
1677 1488 1758 1532 ea
1781 1469 2024 1553 quibus
2046 1469 2352 1554 ingestus
2376 1470 2733 1544 est,Lam-

491 1572 692 1635 binus
719 1574 906 1631 recte
933 1565 1106 1630 vidit
1128 1613 1142 1628 .
1175 1587 1256 1630 ea
1282 1574 1443 1630 sunt
1469 1566 1641 1631 haec
1658 1615 1673 1642 ‚
1704 1570 1852 1653 quia
1880 1579 2143 1652 tempore
2170 1569 2238 1631 in
2264 1592 2388 1631 uno
2422 1570 2733 1655 Tempora

492 1669 683 1731 multa
712 1668 924 1744 latent,
947 1665 1107 1727 ratio
1136 1686 1294 1749 quae
1323 1667 1615 1749 comperit
1640 1689 1760 1730 esse
1779 1713 1797 1746 ,
1826 1666 1895 1728 in
1925 1666 2168 1750 quibus
2198 1668 2548 1731 sententia
2576 1689 2733 1754 per·

489 1765 671 1830 fecta
702 1771 768 1828 et
797 1763 1111 1830 absoluta
1141 1762 1569 1827 concluditur
1591 1813 1605 1826 .
1638 1762 2095 1848 quaerendum
2127 1773 2234 1827 est
2264 1785 2429 1850 ergo
2447 1813 2465 1845 ‚
2497 1766 2731 1850 siquid

489 1864 670 1928 forte
698 1864 766 1926 in
795 1862 1039 1926 vicinia
1067 1862 1361 1947 positum
1389 1861 1511 1935 sit,
1537 1859 1723 1946 quod
1745 1862 1880 1925 hoc
1907 1883 2112 1926 versu
2137 1863 2499 1927 interiecto
2536 1864 2731 1928 adiu-

490 1963 639 2027 vari
675 1963 896 2047 possit
929 2010 942 2024 .
989 1960 1228 2046 atquin
1253 1961 1404 2045 ipsa
1432 1960 1604 2023 haec
1632 1961 1844 2025 verba
1876 2008 1891 2032 ,
1936 1984 2073 2024 cum
2097 1984 2214 2025 vox
2242 1963 2539 2025 emittitur
2568 1987 2730 2041 una,

491 2062 843 2128 remittunt
869 2081 996 2123 nos
1020 2059 1110 2122 ad
1131 2080 1401 2122 versum
1424 2057 1546 2122 785
1565 2105 1581 2132 ‚
1602 2059 1720 2123 ubi
1751 2067 1854 2123 est
1883 2058 2107 2124 Omnia
2132 2060 2242 2123 sub
2268 2060 2532 2125 verbone
2563 2072 2733 2124 creat

488 2173 713 2226 natura
746 2170 1053 2246 paratque
1081 2157 1111 2221 52
1167 2177 1323 2220 nam
1380 2155 1617 2219 eadem
1661 2164 1819 2220 sunt
1859 2181 1976 2221 vox
2019 2164 2088 2221 et
2127 2159 2372 2221 verbum
2420 2165 2492 2221 et
2538 2160 2727 2223 libido

488 2282 693 2326 versu
716 2259 870 2322 779:
898 2258 1008 2320 sub
1027 2257 1212 2320 'verbo
1244 2261 1349 2319 est
1377 2256 1505 2319 sub
1526 2255 1714 2318 iussu
1732 2302 1747 2328 ‚
1771 2255 1977 2320 docte
1996 2255 2406 2320 illustratum
2432 2279 2473 2320 a
2491 2256 2726 2321 Bi’me·

489 2378 735 2423 manno
778 2355 867 2420 ad
895 2354 1232 2420 Lactantii
1275 2353 1775 2417 institutionum
1813 2354 2055 2419 librum
2088 2377 2177 2430 iv,
2200 2355 2293 2430 15,
2311 2353 2394 2418 22
2427 2404 2442 2419 .
2487 2357 2621 2420 sed
2653 2358 2726 2419 in

486 2458 617 2524 illis
642 2456 811 2543 ipsis
837 2454 1148 2520 versibus
1179 2451 1569 2517 difficillima
1610 2461 1768 2518 sunt
1807 2453 1980 2518 haec
2002 2501 2016 2529 ‚
2058 2452 2134 2518 Si
2158 2476 2334 2518 mare
2353 2501 2371 2535 ,
2399 2456 2460 2518 si
2488 2466 2725 2520 terram

488 2559 716 2623 cordist
739 2604 757 2636 ‚
797 2558 853 2619 si
894 2556 1152 2641 denique
1195 2553 1481 2635 caelwm5
1522 2552 1641 2617 ubi
1682 2552 1773 2617 ad
1812 2556 1868 2617 si
1909 2555 2132 2619 cordist
2155 2553 2524 2618 infinitivus
2560 2578 2722 2640 sup-

486 2655 778 2742 plendus
809 2661 916 2719 est
931 2701 948 2729 ‚
972 2653 1086 2738 qui
1106 2672 1441 2737 nusquam
1466 2650 1752 2737 legitur:
1779 2674 1934 2716 nam
1956 2674 2177 2737 neque
2201 2651 2584 2717 Creechius
2615 2675 2722 2717 sa-

486 2776 644 2819 num
686 2755 1124 2837 interpretem
1171 2751 1307 2837 egit
1334 2799 1351 2830 ,
1413 2771 1564 2813 cum
1603 2749 1774 2814 haec
1816 2750 1915 2814 ita
1957 2751 2292 2836 expressit
2321 2797 2336 2824 ‚
2386 2753 2444 2815 si
2473 2754 2723 2837 placuit

487 2854 750 2938 coqitare
768 2899 784 2926 ‚
805 2872 1026 2935 neque
1047 2849 1379 2913 Marullus
1397 2897 1412 2924 ‚
1440 2847 1554 2933 qui
1576 2846 1686 2912 hic
1710 2847 1896 2912 solus
1920 2848 2213 2912 attendit
2228 2897 2244 2925 ‚
2263 2850 2525 2914 bonum
2557 2852 2720 2914 arti-

484 2951 673 3015 ficem
696 2998 712 3029 ,
745 2969 896 3012 cum
926 2947 1200 3031 scripsit
1229 2946 1304 3010 Si
1333 2970 1503 3010 mare
1523 2994 1540 3024 ,
1569 2948 1623 3009 si
1656 2957 1821 3010 terra
1850 2959 1972 3027 est,
1999 2949 2055 3011 si
2083 2948 2256 3011 cordi
2282 2947 2548 3035 denique
2580 2972 2714 3013 cae-

486 3051 614 3114 lum
644 3097 658 3111 .
703 3045 867 3132 quid
895 3046 1100 3132 igitur
1128 3045 1186 3107 si
1214 3043 1396 3107 hunc
1428 3065 1699 3109 versum
1727 3043 1886 3109 illuc
1915 3043 2383 3110 transferimus
2408 3094 2423 3121 ‚
2470 3055 2541 3111 et
2574 3047 2714 3132 qui-

488 3147 642 3212 dem
670 3197 687 3227 ,
733 3145 892 3232 quia
933 3151 1166 3229 aperte
1212 3150 1574 3227 corruptus
1620 3149 1726 3205 est
1754 3190 1770 3218 ‚
1813 3143 2053 3207 leniter
2094 3144 2527 3208 emendatum
2556 3145 2590 3207 ⁴?
2634 3145 2718 3210 Et

483 3246 671 3308 simul
695 3267 771 3308 ac
796 3245 1068 3308 volumus
1093 3242 1263 3306 nobis
1290 3243 1560 3306 occurrit
1581 3239 1836 3326 imaqo?
1877 3240 1935 3321 Q
1951 3264 1996 3305 u
2011 3264 2051 3306 o
2066 3265 2110 3305 D
2140 3243 2426 3306 sentimus
2447 3292 2466 3322 ,
2495 3245 2569 3306 id
2595 3241 2712 3307 est?

485 3364 622 3405 cum
650 3363 767 3404 vox
795 3342 1080 3404 emittitur
1106 3362 1234 3404 una
1259 3367 1284 3423 ,-
1329 3341 1403 3405 Si
1442 3364 1615 3404 mare
1643 3390 1659 3417 ‚
1701 3343 1758 3404 si
1794 3352 2022 3406 terram
2061 3343 2285 3406 cor-dist
2308 3391 2327 3421 ,
2371 3344 2426 3405 si
2456 3344 2712 3428 denique

485 3441 722 3504 caelum
737 3488 750 3503 .
772 3439 870 3501 ita
894 3439 1065 3502 enim
1089 3446 1376 3523 apparet
1398 3464 1521 3504 esse
1536 3439 1925 3504 addendum
1949 3461 2097 3504 esse
2112 3489 2127 3515 ,
2150 3461 2302 3504 cum
2320 3442 2393 3505 id
2411 3451 2499 3504 est
2513 3460 2707 3524 prae·

485 3538 803 3603 cesserit:
831 3539 887 3601 si
917 3537 1088 3601 cordi
1116 3548 1200 3600 est
1228 3560 1349 3600 esse
1377 3560 1552 3602 mare
1572 3586 1588 3613 ‚
1617 3540 1673 3601 si
1701 3550 1926 3602 terram
1944 3586 1959 3613 ,
1987 3540 2042 3602 si
2070 3540 2307 3603 caelum
2324 3587 2339 3602 .

651 3637 792 3701 790.
818 3657 1275 3699 mosum-ER
1316 3658 1471 3700 cum
1500 3658 1909 3700 AL‘rmmrs
1942 3658 2309 3700 BRAOHIA
2339 3657 2706 3699 niu-‘ruru-

483 3736 601 3799 E·r
658 3757 1086 3799 REPErun'r
1130 3757 1425 3799 ocums
1470 3756 1786 3798 ossa-um
1841 3757 2043 3797 menn
2088 3756 2506 3799 convexun
2528 3756 2704 3797 N-ri.

483 3832 745 3897 Horum
775 3855 859 3897 ea
884 3834 1151 3918 integra
1177 3855 1316 3896 non
1345 3840 1505 3897 sunt
1535 3854 1709 3918 quae
1741 3832 1831 3896 ad
1853 3832 2066 3917 pedes
2089 3833 2466 3916 pertinent:
2489 3852 2706 3916 neque

484 3931 656 3995 enim
684 3934 974 4015 repetitur
1001 3932 1129 3995 nisi
1162 3931 1347 4017 quod
1378 3930 1615 3995 eodem
1644 3930 1848 3994 modo
1878 3929 2130 4006 factum
2162 3938 2268 3992 est
2295 3976 2311 4003 ‚
2354 3949 2577 4012 neque
2610 3953 2705 3991 re-

468 4030 703 4115 petitur
731 4029 921 4092 oculis
951 4027 1136 4114 quod
1166 4036 1322 4093 ante
1355 4050 1473 4093 eos
1501 4029 1744 4093 iterum
1773 4029 2025 4115 agitur,
2051 4028 2174 4091 sed
2206 4025 2393 4111 quod
2423 4026 2553 4110 ipsi
2579 4026 2704 4090 ite-

478 4149 627 4193 rum
659 4126 1199 4211 contemplantur
1230 4177 1244 4191 .
1287 4129 1385 4190 ita
1414 4127 1619 4190 Silius
1649 4149 1747 4200 111,
1772 4127 1893 4190 533
1935 4137 2103 4189 tanta
2125 4125 2469 4213 fomidine
2503 4124 2704 4207 plana

479 4226 814 4292 Eaeterrent
838 4226 1090 4309 repetita
1118 4226 1307 4287 oeulis
1329 4273 1342 4286 .
1378 4245 1587 4308 quare
1615 4224 1999 4288 necessario
2032 4220 2466 4287 scribendum
2501 4229 2606 4284 est
2623 4220 2707 4284 Et

480 4345 904 4388 REFERUNT
935 4323 1125 4385 oculis
1146 4333 1377 4405 ,qestum
1408 4371 1420 4385 .
1470 4320 1754 4386 Ovidius
1782 4322 1854 4385 in
1884 4321 2171 4408 epistula
2200 4342 2315 4394 vn,
2335 4319 2418 4382 26
2447 4322 2703 4383 Aenean

479 4423 686 4485 animo
712 4442 954 4506 nomque
981 4421 1222 4506 diesque
1249 4418 1467 4506 refert.
