2840 5008
497 387 637 450 288
1574 386 1637 452 V

494 559 889 625 cuius-modi
923 560 1308 635 ἐπιφώκκειε
1344 562 1498 646 quia
1542 563 1913 626 orationem
1952 563 2399 650 interrumpit
2443 570 2717 652 (namin

493 660 813 746 proximis
844 657 929 721 ad
965 659 1109 723 Non
1137 682 1315 721 ruere
1346 680 1427 721 ex
1455 659 1678 742 priore
1699 660 1935 724 horum
1966 684 2295 728 versuum
2323 669 2597 731 videmus
2623 691 2717 732 re-.

492 757 854 844 petendum
887 759 1021 838 est)
1041 804 1057 834 ,
1103 778 1143 819 a
1171 756 1575 821 Lucretiana
1616 758 1884 824 dicendi
1926 767 2072 824 arte
2106 762 2453 828 abhorret
2479 815 2493 829 .
2538 788 2714 850 prae-

492 869 680 922 terea
699 913 704 920 .
723 880 977 942 cumque
1020 855 1146 919 nisi
1190 877 1336 919 cum
1385 855 1683 921 relativis
1728 860 2157 924 coniunctum
2202 862 2446 948 lingua
2493 864 2717 928 Latina

491 980 628 1022 non
672 956 1014 1042 agnoscit:
1060 975 1278 1037 neque
1322 953 1649 1020 Horatius
1691 956 1760 1019 in
1791 959 2153 1021 carminum
2186 982 2230 1034 1,
2256 961 2342 1024 32
2377 963 2611 1047 potuit
2637 963 2716 1026 di-

494 1079 645 1123 cere
675 1056 825 1118 mihi
853 1076 1108 1139 cumque
1133 1054 1296 1116 salve
1323 1053 1597 1136 (volunt
1626 1055 1799 1119 enim
1828 1055 1960 1120 hoc
1991 1077 2141 1121 esse
2168 1052 2387 1123 ‘salve
2413 1062 2717 1145 quotiens

495 1169 560 1221 te
604 1153 921 1219 advoco’:
965 1159 1038 1214 at
1069 1172 1189 1215 cur
1218 1150 1366 1237 lyra
1396 1152 1562 1216 alias
1593 1154 1650 1217 ei
1680 1175 1816 1218 non
1846 1155 2227 1240 salveati'),
2273 1158 2410 1223 sed
2463 1161 2719 1245 scripsit

491 1280 526 1318 o
555 1254 830 1318 laborum
857 1250 1055 1314 Dulce
1083 1249 1340 1312 lenimen
1366 1251 1781 1338 medicumque
1810 1254 1972 1318 salve
1995 1255 2137 1318 Rite
2165 1259 2419 1320 vocanti
2445 1307 2461 1321 .
2513 1259 2588 1321 in
2609 1258 2720 1321 Lu-

493 1351 684 1418 cretii
707 1375 777 1424 11,
795 1351 831 1414 7
837 1350 913 1413 21
948 1371 1086 1412 non
1118 1348 1494 1412 tolerarunt
1521 1348 1709 1413 docti
1740 1352 1823 1413 ita
1852 1373 2104 1436 cumque
2132 1367 2472 1417 necessest.
2508 1356 2721 1440 itaque

492 1454 545 1515 si
569 1452 744 1514 viam
767 1470 808 1512 a
833 1447 1100 1511 Gifanio
1119 1453 1565 1510 monstratam
1583 1495 1597 1520 ‚
1628 1455 1705 1512 ut
1736 1457 1971 1511 cautos
2001 1449 2236 1530 decet,
2270 1451 2721 1527 declinamus,

491 1551 665 1614 duae
695 1552 959 1611 restant
986 1547 1286 1609 rationes
1318 1545 1561 1630 quibus
1604 1546 1675 1609 hi
1716 1568 1990 1621 versuS,
2035 1556 2191 1613 ante
2236 1572 2451 1635 quam
2506 1574 2722 1616 eorum

491 1649 661 1712 alter
689 1656 825 1711 tam
855 1645 1146 1731 turpiter
1176 1659 1722 1729 corrumperetur
1743 1693 1758 1720 ‚
1800 1647 1976 1710 inter
2015 1668 2087 1710 se
2130 1649 2498 1713 coniuncti
2528 1649 2721 1714 fuisse

489 1746 868 1832 potuerint:
915 1764 1067 1807 nam
1112 1752 1229 1806 aut
1259 1743 1348 1808 ad
1378 1745 1621 1830 dilapsa
1647 1747 1913 1809 videmus
1943 1745 2248 1810 adiectus
2279 1746 2422 1813 fuit
2452 1750 2719 1813 infiniti-

489 1868 614 1909 vus
632 1893 647 1918 ‚
680 1844 897 1930 qualis
927 1850 1033 1907 est
1061 1843 1310 1922 cadere,
1342 1851 1463 1906 aut
1491 1843 1579 1907 ad
1608 1846 1972 1908 monimenta
1999 1846 2198 1907 virum
2228 1845 2509 1931 aliquid
2546 1849 2720 1912 addi-

490 1957 628 2008 tum
651 1991 666 2018 ‚
712 1942 899 2029 quod
939 1963 978 2005 a
1016 1943 1186 2021 Quae
1215 1942 1610 2026 pronomine
1650 1942 1722 2004 in
1762 1942 1980 2025 capite
2021 1963 2260 2006 versus
2291 1948 2546 2027 posito
2591 1969 2719 2009 sus-

488 2064 768 2128 pensum
783 2042 990 2105 fuisse
1008 2040 1358 2124 probabile
1378 2048 1512 2103 est.
1539 2047 1610 2102 at
1628 2040 1861 2103 harum
1881 2048 2120 2104 neutra
2136 2042 2413 2106 ratione
2429 2046 2721 2127 probata

491 2165 575 2206 ex
602 2144 683 2205 iis
711 2139 1060 2204 vocabulis
1085 2159 1257 2224 quae
1285 2139 1683 2222 incorrupta
1704 2146 1965 2203 restant
1986 2141 2369 2203 sententiae
2397 2165 2719 2206 summam

490 2242 730 2305 elicere
763 2259 1116 2324 possumus
1140 2285 1155 2312 ,
1202 2238 1515 2321 quoniam
1540 2260 1845 2322 proporro
1867 2284 1881 2313 ‚
1928 2237 2112 2322 quod
2142 2244 2249 2303 est
2277 2240 2475 2304 ultra
2508 2242 2719 2325 (Han-

491 2341 642 2405 dius
675 2339 847 2402 enim
874 2338 944 2401 in
968 2335 1326 2399 Tursellini
1359 2342 1541 2397 tomo
1568 2357 1635 2396 1v
1660 2357 1721 2418 p.
1741 2334 1863 2398 608
1890 2336 2053 2398 mire
2082 2334 2406 2419 fallitur),
2442 2347 2521 2402 et
2543 2350 2717 2403 retro

490 2446 800 2523 spectare
830 2442 1062 2520 potest
1092 2440 1161 2496 et
1190 2432 1279 2496 ad
1323 2430 1760 2496 succedentia
1783 2480 1798 2508 ,
1841 2455 2143 2498 senescere
2183 2443 2419 2499 autem
2466 2440 2720 2524 pariter

488 2558 921 2623 progressum
961 2533 1202 2598 aetatis
1244 2531 1544 2595 indicare
1574 2539 1808 2615 potest
1853 2540 1921 2595 et
1951 2531 2462 2598 decrementum
2491 2586 2505 2599 .
2557 2559 2717 2623 quae

491 2659 641 2700 cum
668 2638 763 2700 ita
792 2636 927 2699 sint
949 2684 964 2709 ‚
992 2634 1103 2697 hic
1134 2653 1245 2695 ars
1277 2638 1345 2695 et
1376 2630 1865 2695 demonstratio
1897 2632 2116 2696 locum
2144 2654 2284 2694 non
2314 2632 2576 2713 habet,
2608 2635 2718 2699 sed

490 2734 813 2797 divinatio
839 2780 853 2793 .
901 2753 1060 2817 ergo
1084 2730 1409 2795 Marullus
1434 2778 1448 2804 ‚
1481 2752 1624 2793 cum
1658 2730 2053 2793 infinitivum
2084 2743 2455 2813 quaereret
2477 2782 2495 2809 ,
2527 2735 2600 2799 id
2629 2737 2715 2797 in-

489 2833 674 2896 venit
697 2830 883 2916 quod
913 2832 1089 2893 serio
1122 2829 1399 2892 laudare
1422 2848 1616 2891 nemo
1640 2836 1869 2912 potest
1888 2877 1903 2903 ‚
1925 2829 2162 2914 dilapsa
2183 2830 2467 2894 videmus
2501 2834 2713 2897 Cedere

478 2953 786 3016 proporro
823 2930 1133 3013 subitoque
1170 2951 1471 2991 senescere
1501 2951 1648 2989 casu
1672 2975 1685 2989 .
1728 2926 2151 2991 Abrahamus
2183 2937 2421 2992 autem
2448 2931 2711 3018 Preige·

490 3050 605 3091 rus
629 3077 644 3102 ‚
685 3025 1135 3108 Havercampi
1167 3024 1416 3086 amicus
1439 3072 1456 3102 ,
1503 3024 1607 3086 cui
1640 3024 1725 3087 de
1755 3026 2149 3108 pronomine
2179 3027 2480 3092 relativo
2516 3033 2706 3095 subo·

489 3127 759 3200 luisset,
790 3124 961 3188 haec
988 3123 1407 3207 ineptissima
1439 3121 1673 3185 effudit
1690 3134 1711 3196 ‚'
1735 3123 1974 3208 dilapsa
2002 3126 2266 3188 videmus
2285 3171 2300 3198 ‚
2342 3127 2530 3205 Quae
2548 3152 2710 3193 ruere

483 3248 789 3309 proporro
816 3225 901 3287 ibi
931 3247 1158 3310 conque
1185 3245 1488 3287 senescere
1520 3222 1732 3284 credas
1754 3270 1768 3283 .
1813 3220 2012 3296 mihi,
2056 3230 2133 3285 ut
2175 3223 2346 3287 nihil
2376 3226 2709 3291 adfirmari

487 3342 693 3405 posse
724 3322 1026 3384 concedo
1049 3369 1064 3392 ‚
1092 3323 1191 3384 ita
1222 3321 1639 3407 aptissimum
1669 3320 1764 3383 rei
1795 3319 2065 3384 videtur
2101 3321 2275 3401 Quae
2317 3345 2356 3384 F
2375 3346 2537 3389 ORE
2569 3350 2705 3412 pro-

478 3442 673 3504 porro
702 3440 794 3480 vr:
811 3440 851 3480 'r
867 3442 888 3480 1
905 3441 944 3480 'r
961 3440 1005 3481 U
1020 3440 1066 3480 M
1084 3440 1123 3493 Q
1141 3440 1182 3480 u
1199 3441 1236 3479 E
1266 3441 1572 3483 senescere
1603 3420 1846 3499 credas.
1876 3439 2146 3482 versum
2166 3421 2563 3503 proximum
2585 3425 2704 3487 No·

487 3519 637 3582 nius
669 3516 947 3581 exhibet
979 3514 1199 3601 p.225,
1218 3514 1331 3579 20.

653 3617 1045 3694 31801101)
1094 3637 1314 3679 οΜΝΕ
1348 3613 1771 3679 Corn-mer
1816 3638 2198 3679 AMPLExu
2243 3639 2580 3683 TERRAM
2604 3670 2615 3682 .
2643 3642 2702 3683 s1

489 3738 914 3780 PROCREAT
958 3738 1059 3778 Ex
1104 3736 1187 3777 sn
1221 3713 1523 3778 omnm.
1546 3713 1873 3777 Marullus
1897 3714 2061 3798 qnod
2082 3735 2387 3778 oMNEM.
2418 3718 2510 3796 si,
2537 3717 2703 3802 quod

491 3837 526 3877 e
555 3814 741 3878 libris
769 3814 1021 3878 Italicis
1064 3812 1356 3887 excidit,
1402 3811 1488 3874 de
1535 3812 1923 3875 coniectura
1965 3810 2362 3875 addideram
2387 3861 2403 3887 ‚
2455 3837 2602 3878 cum
2643 3813 2703 3877 id

487 3914 704 3996 ipsum
734 3911 802 3973 in
833 3910 1121 3996 utroque
1142 3910 1482 3975 Vossiano
1515 3911 1838 3994 scriptum
1866 3908 2043 3985 vidi3
2089 3910 2276 3994 quod
2301 3911 2703 3977 Havercam-

486 4032 616 4094 pus
640 4057 655 4083 ‚
685 4010 906 4092 gentis
936 4009 1236 4074 Batavae
1270 4009 1567 4074 dedecus
1592 4057 1605 4083 ‚
1652 4010 1820 4072 tanti
1851 4030 1987 4071 non
2020 4008 2215 4072 duxit
2244 4017 2321 4071 ut
2354 4009 2701 4075 dicendum

489 4109 905 4174 existimaret
923 4155 936 4170 .
960 4107 1287 4171 Marullus
1315 4129 1456 4170 non
1483 4109 1655 4172 bene
1685 4108 1849 4193 quod
1855 4118 2176 4191 procreat,
2201 4107 2546 4172 Antonius
2569 4109 2699 4172 Ma-

487 4210 566 4272 rii
612 4208 754 4271 sine
800 4227 1003 4269 sensu
1046 4227 1171 4290 qua
1212 4217 1484 4269 terram:
1538 4205 1825 4289 pessime
1855 4203 2352 4279 WakefielduS‚
2396 4205 2699 4270 Eichsta-

490 4306 600 4370 dio
634 4314 702 4369 et
731 4296 1100 4390 Forbigero
1134 4302 1610 4386 plaudentibus
1633 4351 1650 4381 ,
1695 4326 1867 4366 omne
1899 4313 2205 4366 terrarum
2226 4351 2243 4381 ,
2292 4296 2440 4365 cum
2489 4312 2697 4369 tamen

490 4405 740 4468 scirent
769 4402 1044 4468 Pacuvii
1087 4402 1253 4467 haec
1298 4424 1446 4466 esse
1470 4451 1485 4476 ‚
1531 4400 1667 4464 Hoc
1707 4403 1839 4465 vide
1863 4448 1881 4479 ,
1924 4402 2155 4464 circum
2197 4393 2511 4487 supraque
2553 4404 2701 4487 quod
