2840 5008
1209 386 1303 454 Ill
1381 429 1384 432 Δ
2286 386 2377 453 93

92 587 242 630 esse
276 566 567 628 animos
599 562 979 645 animasque
1006 560 1172 636 levis
1199 566 1277 622 ut
1303 580 1585 622 noscere
1611 560 1836 644 possis
1853 608 1867 633 ,

93 680 507 765 conquisita
541 677 659 740 diu
690 674 995 766 dulcique
1024 681 1291 758 reperta
1316 673 1550 737 labore

90 794 297 880 digna
332 801 468 857 tua
495 812 772 879 pergam
803 790 1159 875 disponere
1191 789 1481 851 carmina
1511 808 1698 853 cura.

91 921 162 974 tu
190 910 307 973 fac
339 920 717 992 utrumque
743 905 856 968 uni
886 904 1245 989 subiungas
1274 924 1518 966 nomen
1548 924 1805 977 eorum,

92 1031 305 1108 atque
338 1021 642 1085 animam
670 1020 854 1084 verbi
885 1039 1089 1083 causa
1118 1040 1265 1081 cum
1295 1016 1518 1081 dicere
1547 1028 1851 1104 pergam,

93 1137 467 1201 mortalem
501 1156 653 1198 esse
684 1133 937 1197 docens
957 1182 971 1208 ‚
995 1132 1276 1196 animum
1309 1153 1577 1216 quoque
1611 1131 1835 1195 dicere
1866 1132 2135 1208 creda.S‚

97 1274 231 1337 qua
258 1259 482 1315 tenus
517 1258 623 1313 est
650 1270 852 1311 unum
879 1249 1052 1311 inter
1081 1268 1153 1310 se
1185 1247 1674 1331 coniunctaque
1703 1269 1813 1311 res
1847 1255 1979 1311 est.

51 1405 55 1422 ·
94 1366 447 1453 principio
482 1364 797 1448 quoniam
824 1371 1091 1426 tenuem
1123 1369 1433 1425 constare
1463 1363 1731 1427 minutis

99 1480 524 1566 corporibus
557 1477 756 1541 docui
782 1478 1127 1562 multoque
1156 1477 1520 1541 minoribus
1553 1499 1699 1541 esse

95 1594 462 1683 principiis
492 1591 740 1655 factam
770 1613 968 1676 quam
996 1590 1288 1676 liquidus
1318 1613 1511 1655 umor
1540 1594 1737 1676 aquai

99 1716 211 1773 aut
238 1708 510 1773 nebula
539 1713 656 1770 aut
680 1706 899 1769 fumus
919 1755 933 1781 ‚
953 1708 1081 1769 iam
1108 1707 1307 1792 longe
1337 1707 1702 1771 mobilitate

98 1830 424 1910 praestat
457 1834 528 1885 et
558 1842 598 1883 a
625 1821 810 1883 tenui
840 1842 1042 1884 causa
1068 1822 1278 1906 magis
1307 1821 1442 1883 icta
1470 1829 1808 1886 movetur.

52 1995 53 1998 ,
95 1938 285 2023 quod
318 1958 550 2023 genus
583 1944 720 2011 est,
743 1936 993 2000 somnis
1025 1936 1227 2021 sopiti
1255 1936 1369 2000 ubi
1401 1907 1730 2000 cernimus
1761 1939 1894 2002 alte

101 2055 384 2116 exalare
415 2072 745 2136 vaporem
773 2051 1008 2115 altaria
1033 2051 1343 2135 ferreque
1372 2050 1619 2114 fumum
1636 2099 1649 2113 .
1743 2073 1748 2082 ’

51 2187 60 2228 ι
95 2189 277 2231 nunc
310 2167 528 2252 igitur
559 2167 871 2260 quoniam
904 2166 1235 2251 quassatis
1265 2165 1561 2251 undique
1589 2168 1767 2230 vasis

107 2281 430 2345 diffluere
460 2301 758 2344 umorem
791 2287 855 2342 et
884 2281 1144 2344 laticem
1177 2279 1524 2344 discedere
1556 2283 1804 2358 cernis,

107 2406 171 2462 et
196 2397 468 2460 nebula
497 2417 577 2458 ac
603 2394 822 2459 fumus
855 2397 1168 2480 quoniam
1199 2394 1487 2460 discedit
1512 2397 1581 2459 in
1611 2417 1808 2485 auras
1828 2446 1843 2471 ‚

106 2513 312 2577 crede
346 2512 638 2576 animam
671 2491 949 2595 quoque
972 2510 1249 2575 diffundi
1279 2512 1622 2596 multoque
1652 2515 1871 2597 perire

110 2630 300 2693 ocius
336 2636 409 2690 et
442 2626 636 2690 citius
668 2625 945 2689 dissolvi
974 2626 1042 2688 in
1074 2647 1360 2710 corpora
1388 2626 1630 2710 prima,

109 2765 259 2806 cum
292 2741 512 2806 semel
542 2761 625 2804 ex
650 2740 936 2804 hominis
966 2740 1274 2804 membris
1305 2740 1529 2804 ablata
1555 2742 1862 2806 recessit:

51 2874 70 2917 0
112 2858 368 2942 quippe
404 2855 649 2919 etenim
679 2877 924 2940 corpus
943 2904 958 2930 ‚
983 2853 1167 2939 quod
1195 2876 1316 2918 vas
1350 2856 1539 2940 quasi
1570 2859 1872 2922 constitit
1902 2859 2071 2933 eius,

115 2993 316 3056 quam
350 2969 673 3035 cohibere
702 2971 936 3054 nequit
967 2978 1486 3054 conquassatum
1518 2993 1602 3034 ex
1631 2972 1850 3057 aliqua
1880 2994 1952 3036 re

115 3108 189 3149 ac
217 3085 635 3150 rarefactum
669 3083 972 3148 detracto
1004 3085 1325 3169 sanguine
1353 3085 1571 3160 venis,

117 3208 268 3265 aere
302 3201 422 3286 qui
454 3198 692 3263 credas
721 3221 924 3284 posse
953 3198 1127 3262 hanc
1158 3199 1531 3263 cohiberier
1559 3201 1740 3265 ullo?
1811 3244 1816 3253 ,

124 3336 417 3403 corpore
449 3314 565 3398 qui
592 3320 827 3378 nostro
857 3335 1049 3378 rarus
1079 3315 1287 3399 magis
1317 3315 1372 3378 is
1405 3315 1818 3381 cohibessit‘?

58 3445 80 3487 5
194 3430 573 3494 Praeterea
600 3429 778 3514 gigni
808 3429 1058 3513 pariter
1089 3452 1236 3493 cum
1269 3452 1551 3515 corpore
1582 3439 1649 3495 et
1674 3453 1810 3495 una

121 3565 430 3609 crescere
462 3543 781 3608 sentimus
811 3543 1194 3628 pariterque
1226 3566 1575 3608 senescere
1604 3556 1917 3611 mentem.

121 3681 270 3723 nam
303 3660 417 3723 vel
445 3665 523 3722 ut
549 3657 804 3721 infirmo
834 3658 1026 3743 pueri
1054 3657 1419 3744 teneroque
1453 3669 1778 3746 vagantur

125 3796 446 3862 corpore,
471 3773 567 3836 sic
597 3772 793 3835 animi
823 3773 1125 3856 sequitur
1154 3776 1488 3838 sententia
1517 3777 1769 3839 tenvis:

130 4126 225 4172 420
264 4119 400 4172 vita.
460 4118 481 4186 ΙΙ
534 4124 632 4170 421
672 4135 780 4170 uno
819 4119 839 4187 ΙΙ
876 4135 1034 4170 nome
1086 4120 1105 4188 ΙΙ
1161 4125 1259 4172 428
1295 4137 1415 4172 nam
1462 4122 1481 4190 Η
1531 4127 1630 4173 429
1668 4123 1918 4176 Prostata
1965 4124 1984 4193 ΙΙ
2034 4131 2133 4179 430
2175 4126 2385 4198 Quippe

128 4203 213 4254 ubi
251 4202 573 4272 imaginibus
611 4200 740 4254 fumi
778 4200 1106 4270 nebulaeque
1139 4212 1449 4256 moventur.
1521 4204 1540 4272 11
1611 4211 1707 4256 431
1748 4207 1800 4259 in
1838 4209 2037 4260 somnis
2103 4211 2123 4278 ΙΙ
2178 4210 2307 4261 alta.
2363 4211 2384 4278 Η

131 4292 225 4336 432
265 4302 468 4354 vapore
539 4286 558 4354 ΙΙ
633 4290 730 4335 433
768 4284 911 4336 Nam
944 4285 1130 4353 procul
1164 4287 1292 4338 haec
1330 4287 1488 4340 dubio
1524 4290 1679 4342 nobis
1717 4291 1991 4345 simulacra
2024 4300 2305 4362 geruntur.
2359 4295 2381 4362 ΙΙ

130 4373 225 4419 437
269 4366 478 4419 Credeo
516 4369 535 4435 ΙΙ
573 4372 675 4419 438
715 4365 890 4436 Opius
928 4366 947 4433 ΙΙ
986 4374 1080 4418 441
1123 4367 1256 4422 Cum
1295 4369 1315 4438 ΙΙ
1350 4378 1449 4422 444
1487 4372 1537 4423 in
1576 4374 1890 4426 cohibescit.
