2840 5008
1176 369 1276 436 VI

102 543 338 608 fumida
370 565 520 607 cum
554 541 716 606 caeli
746 542 1106 605 scintillare
1137 543 1355 605 omnia
1384 542 1631 627 templa

61 678 70 720 '›
106 668 448 723 cernentes
477 654 725 743 pavida
755 657 1182 741 complebant
1207 668 1488 740 pectora
1519 677 1708 729 cura,

104 772 250 857 quid
276 771 629 835 moliretur
657 791 877 833 rerum
908 778 1150 835 natura
1179 791 1499 834 novarum
1520 818 1533 832 .

173 887 376 949 Hisce
407 886 530 950 tibi
558 885 625 948 in
655 884 857 946 rebus
887 884 1087 948 latest
1117 885 1383 968 alteque
1412 882 1776 948 videndum

105 1008 162 1064 et
186 1000 385 1085 longe
417 1008 696 1064 cunctas
725 999 795 1061 in
823 1000 1032 1083 partis
1064 998 1579 1082 dispiciendum,

104 1123 167 1178 ut
192 1113 642 1177 reminiscaris
671 1132 989 1175 summam
1017 1132 1240 1175 rerum
1267 1133 1414 1176 esse
1443 1112 1875 1197 profundam,

61 1244 72 1289 )
107 1236 164 1291 et
187 1226 419 1291 videas
452 1227 709 1291 caelum
737 1227 1014 1290 summai
1042 1227 1247 1291 totius
1278 1248 1481 1289 unum

108 1363 286 1425 quam
316 1343 408 1405 sit
436 1341 718 1426 parvula
745 1361 903 1424 pars
937 1348 1004 1404 et
1033 1357 1233 1426 quam
1261 1340 1634 1404 multesima
1664 1348 1954 1416 constet,

107 1477 216 1518 nec
244 1464 393 1519 tota
420 1477 583 1541 pars
604 1503 619 1529 ‚
639 1454 840 1519 homo
873 1456 1076 1519 terrai
1107 1462 1316 1539 quota
1345 1455 1556 1518 totius
1583 1476 1784 1519 unus,

108 1567 276 1653 quod
301 1571 479 1633 bene
509 1570 932 1655 propositum
961 1570 1018 1633 si
1047 1569 1244 1654 plane
1276 1577 1638 1632 contueare

110 1703 176 1745 ac
200 1682 431 1747 videas
461 1683 663 1769 plane
682 1732 697 1758 ‚
719 1685 939 1747 mirari
968 1683 1176 1747 multa
1203 1684 1566 1769 relinquas,

61 1814 77 1857 5
111 1799 399 1883 numquis
434 1798 606 1861 enim
636 1806 942 1863 nostrum
970 1799 1278 1877 miratur,
1304 1798 1512 1882 siquis
1540 1798 1608 1861 in
1639 1781 1827 1863 artus

110 1913 345 1997 accepit
376 1911 600 1975 calido
631 1910 867 1975 febrim
896 1912 1159 1976 fervore
1191 1920 1491 1976 coortam

112 2033 212 2088 aut
241 2026 436 2089 alium
471 2027 773 2111 quemvis
797 2028 1017 2091 morbi
1044 2048 1166 2110 per
1196 2027 1492 2089 membra
1522 2024 1870 2088 dolorem?

113 2142 511 2225 opturgescit
544 2141 712 2203 enim
744 2141 966 2204 subito
996 2161 1118 2227 pes
1139 2189 1153 2216 ‚
1177 2140 1411 2226 arripit
1441 2159 1595 2213 acer

117 2272 294 2337 saepe
326 2253 527 2319 dolor
561 2253 796 2319 dentes
813 2304 831 2334 ,
857 2255 1090 2319 oculos
1119 2252 1377 2317 invadit
1402 2254 1471 2315 in
1499 2253 1715 2337 ipsos,

60 2378 81 2422 0
117 2365 318 2430 existit
347 2390 543 2431 sacer
571 2369 743 2453 ignis
775 2377 841 2431 et
870 2369 1002 2431 urit
1033 2389 1317 2453 corpore
1348 2387 1627 2450 serpens
1762 2443 1765 2445 Α

119 2499 289 2562 quam
320 2504 607 2569 cumque
637 2483 917 2569 arripuit
944 2484 1185 2567 partim
1205 2532 1220 2558 ‚
1242 2481 1553 2569 repitque
1580 2502 1702 2566 per
1731 2489 1947 2561 artuS,

118 2594 174 2655 ni
198 2597 418 2660 mirum
441 2647 456 2673 ‚
491 2599 648 2682 quia
676 2604 834 2661 sunt
861 2597 1212 2661 multarum
1243 2597 1495 2660 semina
1521 2616 1744 2658 rerum
1760 2645 1774 2670 ‚

120 2714 173 2768 et
199 2712 352 2775 satis
381 2712 555 2775 haec
585 2711 781 2775 tellus
812 2712 957 2775 orbi
990 2711 1376 2795 caelumque
1404 2709 1556 2773 mali
1584 2710 1744 2784 fert,

119 2822 273 2886 unde
302 2834 507 2910 queat
535 2826 638 2890 vis
668 2826 967 2888 immensi
996 2846 1431 2910 procrescere
1461 2826 1703 2888 morbi.

60 2945 83 2988 ὃ
116 2934 408 3022 sicigitur
438 2940 570 3005 toti
601 2939 785 3003 caelo
819 2948 1175 3023 terraeque
1206 2938 1646 3025 putandumst

70 3067 73 3068 ⁷
120 3066 189 3110 ex
211 3051 456 3118 infinito
492 3055 654 3119 satis
685 3055 905 3118 omnia
933 3053 1394 3140 suppeditare,

120 3162 275 3227 unde
302 3177 581 3254 repente
612 3175 819 3253 queat
845 3168 1042 3232 tellus
1074 3189 1405 3232 concussa
1430 3167 1685 3231 moveri

120 3296 345 3364 perque
373 3304 556 3347 mare
587 3304 666 3346 ac
694 3291 912 3347 terras
941 3280 1218 3367 rapidus
1247 3301 1641 3366 percurrere
1672 3281 1867 3343 turbo
1886 3329 1901 3355 ‚

121 3388 268 3473 ignis
296 3397 638 3462 abundare
668 3398 1007 3461 Aetnaeus
1026 3445 1041 3471 ‚
1062 3396 1511 3460 flammescere
1543 3394 1825 3458 caelum:

57 3511 86 3558 ὀ
119 3501 180 3565 id
203 3526 459 3595 quoque
493 3512 662 3575 enim
689 3511 766 3576 fit
783 3560 798 3587 ‚
825 3517 893 3574 et
921 3509 1287 3575 ardescunt
1318 3509 1631 3573 caelestia
1658 3510 1936 3595 templa,

125 3624 182 3679 et
207 3630 627 3710 tempestates
656 3626 925 3711 pluviae
955 3626 1261 3710 graviore
1294 3632 1533 3688 coortu

127 3743 288 3812 sunt,
306 3741 419 3804 ubi
445 3741 625 3805 forte
653 3741 750 3804 ita
779 3761 853 3804 se
888 3739 1254 3804 tetulerunt
1283 3740 1536 3802 semina
1564 3758 1913 3822 aquarum.

122 3834 195 3907 ‘at
218 3849 393 3918 nimis
427 3862 534 3919 est
560 3855 794 3940 ingens
822 3853 1092 3918 incendi
1120 3853 1430 3919 turbidus
1460 3851 1700 3916 ardor!

129 3959 379 4042 scilicet4
403 3976 472 4034 et
498 3969 739 4033 fluvius
770 3971 986 4054 quivis
1020 3976 1125 4033 est
1151 3968 1473 4032 maximus
1505 3968 1565 4030 ei

2211 375 2352 441 227

90 4216 105 4231 ⁶
133 4238 215 4289 648
237 4242 647 4317 despiciendum.
687 4251 706 4317 ΙΙ
745 4255 841 4301 653
873 4249 1183 4320 propositus
1221 4247 1240 4315 ΙΙ
1278 4246 1422 4316 plani
1458 4245 1478 4312 Η
1517 4252 1615 4296 658
1643 4245 1986 4299 Obturcescit
2021 4245 2040 4311 Η
2077 4246 2173 4293 662
2207 4242 2292 4310 qui
2330 4243 2354 4308 Π

142 4322 222 4371 563
252 4332 408 4384 morbi
445 4333 477 4403 st
502 4337 602 4385 667
640 4349 901 4385 concusso
941 4332 961 4399 ΙΙ
999 4337 1096 4384 674
1134 4330 1222 4399 qui
1259 4330 1403 4381 visus

1839 4425 1949 4488 15⁶
