2840 5008
1225 446 1254 512 1
2015 439 2045 470 ⁶
2270 458 2353 524 17

96 640 375 705 corpore
410 619 792 682 seiunctum
823 626 1282 702 secretumque
1315 641 1465 684 esse
1495 622 1578 684 ab
1608 622 1815 696 inani,

96 733 271 817 quod
302 733 512 818 quasi
542 733 739 795 tertia
769 732 852 795 sit
878 753 1152 813 numero
1184 739 1425 796 natura
1452 742 1748 818 reperta.

92 870 231 911 nam
263 845 464 931 quod
500 867 780 929 eumque
811 847 964 921 erit,
989 866 1138 908 esse
1168 845 1420 930 aliquid
1452 847 1720 913 debebit
1748 850 1817 913 id
1844 853 2092 936 ipsum3

11 977 56 1023 35
96 962 187 1024 eui
220 962 274 1023 si
306 967 546 1023 taetus
578 960 701 1023 erit
730 960 1026 1044 quamvis
1054 960 1221 1022 levis
1253 961 1693 1046 exiguusque,

11 1090 57 1136 34
96 1074 389 1159 augmine
421 1074 538 1139 vel
566 1072 803 1158 grandi
831 1074 937 1136 vel
964 1093 1175 1159 parvo
1210 1073 1497 1159 denique
1516 1125 1530 1151 ‚
1556 1075 1711 1141 dum
1744 1080 1854 1153 sit,

11 1203 61 1249 36
98 1189 395 1272 eorporis
430 1189 705 1273 augebit
736 1208 1075 1250 numerum
1105 1190 1559 1273 summamque
1590 1196 1937 1275 sequetur:

101 1302 187 1364 sin
214 1300 527 1365 intactile
560 1301 686 1364 erit
704 1349 718 1374 ‚
740 1300 921 1364 nulla
951 1299 1036 1364 de
1064 1308 1258 1385 parte
1289 1301 1477 1386 quod
1505 1302 1705 1367 ullam

12 1456 19 1475 .
95 1436 223 1477 rem
249 1415 627 1500 prohibere
659 1423 860 1499 queat
886 1436 1009 1501 per
1039 1437 1110 1478 se
1137 1417 1465 1479 transeire
1493 1427 1847 1496 meantem,

98 1529 336 1592 scilieet
356 1577 372 1603 ‚
398 1528 539 1592 hoe
568 1526 638 1590 id
671 1529 794 1592 erit
812 1577 826 1603 ‚
850 1550 1129 1593 vacuum
1160 1528 1348 1613 quod
1375 1530 1573 1594 inane
1604 1554 1952 1599 vocamus.

12 1659 65 1702 40
101 1649 447 1725 praeterea
475 1663 601 1725 per
630 1664 704 1705 se
733 1641 919 1726 quod
948 1664 1229 1727 eumque
1261 1643 1416 1719 erit,
1442 1653 1559 1709 aut
1585 1645 1784 1711 faciet
1815 1650 1978 1732 quid

103 1767 203 1817 aut
228 1756 375 1819 aliis
405 1754 603 1840 fungi
634 1754 906 1820 debebit
934 1757 1282 1842 agentibus
1311 1757 1557 1841 ipsum,

106 1878 206 1932 aut
233 1870 361 1933 erit
391 1878 477 1933 ut
506 1870 771 1954 possint
796 1871 865 1933 in
896 1893 976 1935 eo
1005 1893 1117 1934 res
1148 1892 1297 1934 esse
1327 1873 1633 1957 gerique:

102 1990 162 2046 at
184 1982 412 2046 faeere
447 1990 522 2046 et
547 1983 733 2068 fungi
763 1985 906 2047 sine
938 2007 1223 2070 corpore
1251 1985 1433 2049 nulla
1461 1994 1690 2071 potest
1716 2010 1856 2065 ree,

103 2118 213 2160 nee
238 2098 580 2183 praebere
608 2098 827 2162 locum
855 2121 1062 2184 porro
1091 2099 1220 2163 nisi
1246 2100 1445 2162 inane
1472 2122 1884 2191 vacansque.

11 2225 66 2268 »45
105 2231 249 2296 ergo
268 2260 284 2286 ‚
306 2219 593 2295 praeter
618 2211 813 2275 inane
845 2221 910 2276 et
940 2235 1228 2298 corpora
1245 2262 1260 2288 ,
1284 2214 1481 2277 tertia
1508 2235 1631 2298 per
1661 2237 1733 2279 se

102 2324 268 2387 nulla
295 2333 540 2409 potest
567 2347 789 2389 rerum
816 2326 885 2388 in
912 2348 1188 2390 numero
1218 2334 1460 2391 natura
1488 2328 1798 2414 relinqui,

103 2458 214 2500 nee
244 2460 419 2536 quae
451 2440 583 2503 sub
614 2461 851 2503 sensus
880 2439 1082 2504 eadat
1108 2441 1245 2504 ullo
1277 2450 1581 2527 tempore
1609 2453 1916 2522 nostrOS‚

105 2573 216 2615 nee
242 2554 515 2617 ratione
545 2555 741 2618 animi
770 2576 966 2640 quam
998 2556 1347 2640 quisquam
1376 2558 1597 2641 possit
1625 2560 1865 2643 apisci.

14 2747 21 2762 .
147 2673 153 2678 ’
180 2667 343 2730 Nam
377 2689 562 2752 quae
594 2690 872 2753 eumque
903 2669 1157 2744 cluent,
1181 2677 1295 2733 aut
1320 2669 1428 2732 his
1461 2671 1813 2736 coniuncta
1846 2673 2104 2742 duabus

13 2781 71 2838 '150
107 2780 292 2845 rebus
325 2803 408 2845 ea
435 2782 742 2845 invenies
773 2791 884 2846 aut
912 2782 1153 2846 horum
1183 2791 1432 2846 eventa
1450 2781 1737 2847 videbis,

112 2895 532 2980 coniunetum
564 2903 669 2958 est
694 2896 765 2959 id
794 2895 980 2982 quod
1008 2918 1337 2980 nusquam
1368 2897 1511 2959 sine
1539 2899 1876 2982 perniciali

110 3005 379 3073 discidio
410 3009 603 3095 potis
635 3017 740 3073 est
768 3011 1021 3095 seiungi
1052 3032 1259 3095 seque
1289 3012 1582 3096 gregari3

108 3122 362 3204 pondus
393 3123 501 3187 uti
532 3123 747 3187 saxist
765 3173 779 3199 ‚
801 3125 982 3188 calor
1010 3125 1179 3209 ignis
1200 3173 1215 3200 ,
1237 3124 1460 3209 liquor
1491 3128 1716 3210 aquai.

13 3245 74 3291 155
112 3238 441 3301 servitium
480 3245 751 3312 contra,
772 3245 1133 3323 paupertas
1152 3287 1166 3313 ‚
1191 3237 1594 3324 divitiaeque
1613 3288 1627 3313 ,

46 3411 53 3416 .
114 3346 372 3415 libertas
394 3400 410 3428 ,
426 3349 691 3416 bellum
707 3399 723 3426 ,
748 3351 1110 3417 eoncordia
1127 3401 1143 3428 ,
1168 3360 1394 3416 cetera
1424 3374 1706 3438 quorum

113 3460 392 3529 adventu
422 3471 657 3528 manet
683 3465 1029 3530 incolumis
1057 3474 1300 3530 natura
1328 3468 1677 3552 abituque‚

114 3573 259 3641 haee
289 3579 483 3643 soliti
512 3600 742 3644 sumus
761 3629 777 3656 ‚
797 3588 874 3644 ut
901 3601 1025 3666 par
1056 3587 1159 3644 est
1176 3630 1191 3659 ,
1216 3588 1457 3645 eventa
1484 3604 1756 3647 vocare.

118 3696 360 3776 tempus
389 3693 558 3755 item
588 3713 712 3777 per
741 3715 813 3756 se
839 3716 978 3758 non
1009 3702 1144 3769 est,
1168 3693 1290 3756 sed
1318 3696 1521 3759 rebus
1552 3696 1636 3759 ab
1664 3696 1828 3781 ipsis

13 3810 80 3858 160
118 3808 540 3891 consequitur
574 3827 811 3870 sensus
829 3854 844 3881 ‚
864 3815 1275 3872 transactum
1306 3808 1469 3893 quid
1499 3810 1586 3873 sit
1611 3810 1681 3872 in
1712 3831 1878 3873 aevo
1897 3858 1911 3884 ‚

115 3923 235 3981 tum
267 3942 446 4005 quae
476 3941 592 3983 res
621 3920 858 3996 instet,
883 3920 1044 4005 quid.
1073 3944 1278 4006 porro
1312 3920 1556 3985 deinde
1586 3931 1934 4006 sequatur:

121 4233 205 4279 438
228 4238 474 4285 transere
511 4233 533 4299 ΙΙ
576 4235 678 4282 442
705 4239 929 4299 possunt
966 4233 986 4302 ΙΙ
1025 4239 1122 4284 449
1149 4234 1325 4285 civent
1361 4233 1381 4302 ΙΙ
1417 4235 1703 4285 coniuncto
1729 4233 1965 4288 duobus.
2003 4236 2022 4303 ΙΙ
2048 4240 2144 4285 451
2175 4235 2370 4303 permi-

120 4310 239 4364 tiali.
277 4313 299 4381 ΙΙ
336 4320 436 4366 452
463 4313 750 4385 greagari.
788 4313 808 4380 ΙΙ
845 4320 939 4366 453
967 4317 1110 4368 saxis
1135 4315 1155 4383 ΙΙ
1183 4332 1375 4385 aquae.
1413 4316 1434 4384 ΙΙ
1472 4324 1570 4367 454
1599 4317 1802 4370 Tactus
1828 4317 2143 4388 corporibus
2169 4318 2371 4368 eunctis

124 4392 336 4447 intactus
376 4398 548 4471 inani.
592 4397 613 4463 ΙΙ
654 4401 752 4446 455
790 4393 1083 4466 divineque.
1123 4400 1142 4467 Η
1180 4405 1277 4451 458
1315 4406 1506 4450 evento

1931 4498 1969 4560 2
