2840 5008
1184 393 1247 461 11
2232 395 2316 462 81

115 576 643 661 hypermetrum‚
692 568 953 654 qualem
992 567 1107 631 hic
1143 566 1473 630 Marullus
1515 565 1781 631 efficere
1825 566 2076 643 voluit,
2122 590 2326 632 unum

115 678 360 735 tantum
399 668 470 731 in
515 673 660 730 toto
707 686 913 751 opere
942 664 1297 727 Lueretius
1340 664 1571 748 posuit
1610 666 1681 729 in
1720 666 1893 730 libro
1924 689 1985 741 v,
2004 665 2128 730 849
2151 689 2184 742 ;Ἀ
2207 669 2326 732 ubi
2429 686 2433 690 ⁴

116 766 561 833 Wakefieldus
592 763 783 845 dedit
812 763 1014 827 Multa
1034 811 1051 841 ,
1092 763 1359 825 videmus
1378 809 1395 840 ,
1438 764 1599 825 enim
1627 764 1805 827 rebus
1832 787 2195 828 concurrere
2223 767 2326 829 de-

114 870 265 946 bent,
295 867 364 929 in
395 885 533 949 quo
566 870 672 927 est
702 858 854 926 ἦθος
883 861 1404 945 ineptissimum.
1439 881 1523 923 ex
1550 862 1905 947 tragoedia
1933 883 2138 926 unum
2168 883 2326 949 eog-

114 965 258 1028 novi
284 963 483 1028 huius
513 960 778 1046 generis
807 979 1076 1044 versum
1097 1006 1112 1032 ,
1152 978 1350 1042 quem
1381 978 1467 1020 ex
1496 958 1703 1022 Medo
1734 959 2012 1024 Pacuvii
2038 961 2326 1043 petitum

118 1062 334 1126 Cicero
378 1059 645 1123 rettulit
684 1059 756 1121 in
795 1057 1037 1121 librum
1067 1055 1603 1119 Tusculanarum
1647 1080 1745 1133 111,
1763 1056 1844 1119 26
1867 1105 1883 1133 ,
1930 1057 2130 1123 Situm
2172 1061 2329 1123 inter

117 1161 227 1224 oris
265 1158 394 1242 (sic
411 1204 428 1233 ‚
471 1163 641 1241 puto
667 1178 682 1218 ε
722 1156 876 1220 libri
905 1154 1045 1219 Situ
1071 1154 1320 1237 nitoris)
1355 1154 1548 1217 barba
1564 1156 1837 1240 paedore
1865 1155 2120 1220 horrida
2149 1169 2328 1243 atque

117 1260 329 1320 intensa
375 1256 647 1342 infuscat
678 1264 892 1338 pectus
937 1253 1162 1316 inluvie
1208 1253 1492 1316 scabrum
1520 1301 1533 1314 .
1584 1254 1872 1337 primum
1923 1261 2144 1317 autem
2196 1254 2327 1318 hac

119 1354 385 1418 duorum
435 1374 755 1417 versuum
804 1352 871 1415 in
923 1372 1128 1414 unum
1181 1350 1804 1436 coniungendorum
1850 1359 1996 1414 arte
2037 1350 2327 1417 Ennium

116 1473 292 1515 usum
333 1472 484 1515 esse
514 1450 870 1536 Philippus
902 1449 1284 1533 Wagnerus
1328 1448 1419 1511 ad
1448 1448 1731 1534 Vergilii
1753 1449 2124 1533 'georgicon
2158 1474 2227 1526 11,
2246 1452 2329 1515 69

117 1570 238 1612 non
282 1548 821 1612 demonstravit:
867 1567 1021 1609 nam
1070 1567 1242 1631 quos
1287 1567 1527 1608 versus
1574 1544 1900 1609 Columna
1939 1546 2159 1610 Ennio
2207 1549 2327 1612 ad-

120 1648 367 1730 scripsit
384 1695 399 1721 ,
427 1668 666 1730 mayna
695 1668 829 1708 ossa
857 1645 1187 1729 lacertique
1215 1650 1517 1728 a'pparent
1536 1642 1797 1706 hominis
1810 1692 1827 1722 ,
1861 1665 1976 1707 eos
2001 1644 2330 1712 Macrobii

121 1744 509 1828 exemplaria
540 1744 612 1806 in
641 1743 911 1806 Saturn.
945 1764 1035 1816 w,
1061 1742 1111 1803 1‘
1122 1742 1370 1825 partim
1397 1739 1699 1805 Luc’retii
1730 1741 1861 1805 alia
1888 1742 2125 1806 Lucilii
2153 1744 2328 1810 libro

120 1864 246 1905 xvn
287 1843 644 1908 tribuunt:
693 1841 816 1904 sed
865 1839 1265 1925 quicumque
1292 1839 1428 1902 hoc
1458 1840 1711 1924 primus
1742 1860 1946 1903 ausus
1978 1848 2120 1918 est,
2164 1865 2331 1927 quo·-

120 1951 256 2003 nam
292 1942 436 2004 iure
474 1940 555 2003 id
593 1938 830 2002 fecerit
861 1938 1087 2002 dicere
1116 1959 1255 2000 non
1283 1959 1598 2021 possum.
1646 1958 1798 2000 nam
1828 1938 1994 2001 illud
2023 1940 2092 2002 in
2119 1939 2330 2006 Iliade

121 2048 242 2113 ter,
281 2038 485 2103 semel
523 2037 596 2099 in
623 2036 992 2121 theogonia
1022 2035 1307 2100 Hesiodi
1334 2036 1634 2119 positum
1654 2083 1672 2114 ,
1719 2035 1904 2118 quod
1936 2058 2084 2099 cum
2114 2058 2330 2123 gram-

122 2136 324 2199 matici
341 2143 619 2199 veteres
639 2134 974 2199 vocabulo
996 2133 1175 2196 inter
1200 2132 1334 2197 duo
1358 2153 1597 2195 versus
1626 2132 1843 2196 diviso
1870 2135 2330 2219 scripsissent,
2397 2157 2402 2161 ·

120 2234 447 2297 Bekkerus
489 2254 676 2297 nunc
713 2240 900 2296 recte
928 2231 1092 2306 fecit
1123 2230 1392 2316 εῨΡῩοπὰ
1427 2228 1559 2293 ΖίὶΝ
1580 2278 1594 2304 ,
1636 2231 1856 2295 nullus
1886 2240 2090 2317 poeta
2121 2232 2331 2300 Grae-

123 2352 227 2395 cus
263 2333 566 2396 imitatus
613 2337 751 2395 est:
790 2352 1011 2415 neque
1057 2330 1411 2394 dramatici
1452 2327 1695 2393 Graeci
1736 2330 1986 2419 infinitis
2026 2333 2171 2396 loeis
2192 2381 2207 2408 ‚
2253 2343 2334 2398 ut

120 2429 486 2516 Wagnerus
523 2429 719 2506 dicit,
762 2437 879 2493 aut
904 2429 1286 2514 promiscue
1314 2428 1449 2490 hoc
1480 2428 1762 2492 artificio
1795 2427 2114 2494 delectati
2144 2440 2332 2509 sunt,

124 2529 233 2593 sed
260 2529 641 2614 Sophocles
686 2535 872 2592 certo
917 2527 1209 2613 quodam
1241 2535 1547 2613 tempore
1571 2576 1586 2603 ,
1629 2527 1999 2612 eodemque
2027 2537 2334 2616 tempore

121 2618 462 2712 Euripides
487 2677 505 2703 ,
557 2627 680 2691 sed
719 2626 830 2690 hic
871 2627 1264 2711 parcissime
1306 2647 1508 2690 usus:
1553 2647 1773 2710 neque
1817 2634 1934 2690 aut
1965 2629 2048 2692 ab
2079 2628 2186 2693 his
2217 2638 2335 2694 aut

123 2726 195 2789 ab
224 2725 635 2812 asynartetis
656 2725 892 2788 Ionum
923 2731 992 2788 et
1012 2725 1314 2789 Aeoleon
1342 2723 1549 2787 ullum
1581 2732 1686 2787 est
1716 2731 1833 2787 aut
1861 2724 2153 2790 heroicis
2182 2749 2332 2791 ver-

122 2823 289 2888 sibus
330 2831 448 2887 aut
486 2823 792 2888 ‘iambicis
824 2824 1229 2887 comicorum
1258 2822 1666 2908 praesidium
1691 2872 1704 2886 .
1750 2822 1875 2887 sed
1906 2824 2092 2909 quod
2120 2825 2335 2890 homi-

122 2944 228 2988 nes
251 2923 436 2988 docti
454 2924 934 3009 hypermetros
959 2921 1286 3008 syllabam
1308 2920 1577 3006 longam
1595 2921 1939 3006 requirere
1958 2922 2334 3000 adfirmant,

121 3020 186 3084 id
221 3022 288 3085 in
331 3020 820 3086 dodecametro
863 3018 1139 3104 dactylo
1185 3026 1252 3082 et
1290 3021 1579 3084 ‘iambico
1614 3018 2033 3084 duodenario
2066 3024 2334 3086 verissi-

122 3139 283 3182 mum
313 3130 416 3184 est
438 3168 454 3196 ‚
504 3140 643 3182 non
671 3120 831 3181 item
860 3118 931 3180 in
957 3117 1039 3180 iis
1066 3118 1376 3182 versibus
1409 3118 1525 3202 qui
1553 3124 1794 3180 natura
1823 3139 1945 3180 sua
1972 3119 2041 3180 in
2068 3118 2336 3205 lo‘ngam

123 3217 434 3302 syllabam
461 3238 606 3280 non
636 3214 953 3281 desinunt
978 3263 992 3279 .
1020 3214 1250 3298 itaque
1275 3213 1636 3277 Terentius
1665 3215 1853 3278 brevi
1884 3215 2146 3300 syllaba
2173 3241 2337 3283 usus

125 3315 307 3378 estin
334 3314 689 3379 trochaico
718 3312 920 3398 pleno
946 3360 960 3387 ‚
1002 3313 1072 3374 in
1100 3311 1430 3374 Eunucho
1463 3333 1549 3385 ιν,
1575 3312 1627 3387 1,
1651 3311 1719 3374 11
1745 3360 1760 3387 ,
1802 3314 2100 3395 Adeerse,
2140 3329 2208 3381 ut
2234 3319 2336 3382 de-

125 3413 275 3476 lectet
295 3414 396 3477 hic
422 3436 535 3476 nos
551 3461 566 3475 .
593 3415 704 3477 illa
734 3413 1034 3475 exclamat
1055 3403 1318 3472 ‘minime
1334 3411 1630 3493 yentium.
1654 3410 1721 3472 in
1744 3413 2076 3476 convivium
2098 3414 2310 3479 illam?
2323 3416 2337 3441 ’

122 3512 275 3575 miles
316 3511 560 3574 tendere
599 3511 741 3574 inde
783 3511 870 3574 ad
907 3509 1176 3593 iuryium
1199 3556 1213 3569 .
1261 3506 1563 3572 Catullus
1605 3508 1675 3570 in
1707 3508 2051 3594 Sapphico
2082 3512 2338 3578 hende-

126 3608 456 3694 casyllabo
488 3609 754 3673 Nullum
782 3631 997 3673 amans
1022 3631 1158 3671 vere
1186 3655 1200 3680 ‚
1245 3608 1353 3671 sed
1376 3608 1703 3671 identidem
1731 3612 1999 3672 omnium
2025 3611 2139 3673 ilia
2165 3635 2337 3675 rum-

116 3726 284 3786 pens,
312 3707 476 3770 item
514 3707 824 3772 Gallicum
856 3705 1173 3784 Rhenum,
1203 3705 1494 3770 horribile
1522 3729 1780 3792 aequor,
1811 3708 2162 3794 ultimasque
2183 3709 2338 3774 Bri-

126 3811 319 3867 tannos
336 3853 349 3866 .
377 3806 621 3868 contra
646 3805 718 3867 in
737 3802 1086 3890 Glyconeo
1110 3803 1353 3888 longae
1376 3811 1635 3867 tantum
1661 3804 1962 3889 syllabae
1985 3805 2173 3870 locus
2201 3816 2339 3885 est3

125 3905 192 3960 ut
215 3900 389 3965 idem
415 3901 718 3965 Catullus
744 3903 896 3966 Sola
925 3903 1165 3986 coynita
1180 3949 1198 3980 ,
1228 3903 1336 3965 sed
1359 3905 1581 3966 marito
1609 3902 1726 3966 ista
1755 3926 1875 3966 non
1905 3905 2116 3968 eade-m
2137 3908 2339 3971 licent.

125 3995 267 4058 item
304 3999 374 4061 in
407 3999 676 4063 Cretico
709 4000 1070 4063 Terentius
1112 3999 1183 4065 in
1210 3998 1472 4065 Andria
1501 4001 1724 4076 1v‚1‚9
1756 4001 1843 4065 Et
1882 4003 2118 4084 timent,
2162 4017 2217 4069 et
2252 4017 2341 4070 ta-

124 4114 248 4157 men
284 4120 379 4160 res
407 4098 641 4182 premit
677 4099 972 4183 deneqare
995 4147 1008 4161 .
1052 4098 1137 4160 ibi
1182 4109 1309 4161 tum
1349 4120 1559 4162 eorum
1596 4101 2100 4185 inpudentissima
2144 4105 2344 4167 oratio

128 4202 229 4253 est.
257 4193 572 4278 idemque
593 4196 664 4259 in
683 4197 984 4260 'iambicis
1009 4196 1400 4260 acatalectis
1423 4197 1489 4259 in
1513 4197 1921 4263 Phormione
1946 4224 2014 4274 11,
2040 4203 2090 4275 1,
2111 4201 2190 4263 63
2210 4203 2342 4264 Ne·-

125 4309 230 4371 que
269 4294 561 4355 testimoni
601 4295 780 4357 dictio
823 4307 906 4358 est
928 4343 941 4357 .
985 4296 1151 4359 mitto
1185 4296 1389 4359 omnia
1413 4344 1426 4358 .
1471 4297 1631 4360 addo
1660 4299 1809 4360 istuc
1830 4346 1847 4376 ,
1889 4294 2239 4382 imprudens
2268 4299 2340 4360 ti-

123 4387 267 4448 muit
291 4390 643 4454 adulescens
666 4440 680 4456 .
721 4395 850 4456 sino
872 4441 889 4472 ,
932 4399 999 4456 et
1030 4393 1330 4457 similiter
1358 4395 1431 4458 in
1458 4393 1787 4481 Adelphis
1820 4418 1889 4469 11,
1909 4395 1965 4469 2,
1985 4397 2024 4457 9
2067 4417 2165 4468 111,
2186 4396 2241 4469 3,
2261 4395 2337 4458 21

1904 4492 1942 4553 6
