2840 5008
486 394 628 462 230
1563 389 1662 456 VI

487 573 751 630 crescat
771 616 785 642 ‚
808 567 920 629 ubi
949 567 1017 629 in
1049 585 1320 648 campos
1352 564 1539 628 albas
1571 561 1985 627 descendere
2016 562 2296 647 ningues

487 682 768 745 tabificis
798 681 1044 765 subigit
1071 676 1275 741 radiis
1306 678 1409 741 sol
1440 679 1659 741 omnia
1686 678 2010 741 lustrans.

567 795 754 858 Nunc
784 815 904 879 age
923 841 938 867 ‚
959 794 1227 857 Averna
1255 792 1373 856 tibi
1406 813 1578 876 quae
1608 792 1742 855 sint
1767 791 1920 855 loca
1950 812 2232 876 cumque
2263 792 2574 878 lacusque

491 909 838 996 expediam
856 956 870 982 ‚
896 908 1073 993 quali
1101 915 1342 971 natura
1367 905 1677 992 praedita
1707 914 2042 971 constent.

347 1040 445 1086 740
488 1024 813 1110 principio
834 1073 849 1098 ‚
874 1045 1008 1108 quo
1040 1024 1308 1085 Averna
1338 1031 1665 1087 vocantur
1693 1021 1960 1085 nominc
1979 1069 1993 1096 ‚
2016 1020 2085 1083 id
2117 1021 2201 1083 ab
2231 1043 2304 1083 re

485 1138 915 1224 inpositumst
932 1187 947 1212 ‚
974 1138 1131 1222 quia
1159 1144 1315 1201 sunt
1343 1137 1580 1200 avibus
1611 1130 1946 1199 contraria
1976 1135 2231 1199 cunctis
2254 1184 2269 1209 ,

492 1274 527 1315 e
556 1253 826 1337 regione
859 1274 936 1315 ea
968 1250 1153 1336 quod
1181 1252 1330 1316 loca
1360 1272 1508 1315 cum
1536 1271 1779 1315 venere
1809 1249 2148 1323 volantcS‚

490 1367 719 1451 remigi
750 1366 993 1430 oblitae
1022 1387 1390 1450 pennarum
1417 1366 1569 1429 vela
1595 1364 1957 1438 remittunt,

488 1481 1024 1568 praecipitesque
1056 1479 1306 1543 cadunt
1335 1480 1514 1553 molli
1544 1480 1803 1542 cervice
1833 1479 2150 1563 profusae

348 1612 444 1658 745
489 1595 557 1657 in
587 1602 835 1658 terram
855 1643 868 1669 ,
893 1595 947 1659 si
975 1593 1152 1677 forte
1182 1595 1277 1657 ita
1305 1594 1437 1657 fert
1465 1600 1706 1657 natura
1734 1593 2063 1667 locorum,
2109 1591 2118 1603 ‘

495 1717 610 1772 aut
636 1710 706 1771 in
736 1730 974 1792 aquam
995 1757 1009 1783 ‚
1036 1715 1139 1771 est
1169 1708 1223 1771 si
1253 1708 1429 1772 forte
1460 1708 1644 1771 lacus
1674 1706 2055 1771 substratus
2085 1708 2364 1771 Averni.

493 1823 551 1886 is
580 1823 770 1886 locus
802 1830 905 1885 est
936 1823 1175 1886 Cumas
1206 1832 1401 1907 aput,
1428 1823 1566 1886 acri
1596 1821 1868 1905 sulpure
1898 1829 2159 1884 montes

495 1936 749 2023 oppleti
778 1936 1008 2000 calidis
1036 1937 1150 2000 ubi
1179 1936 1436 2000 fumant
1464 1937 1760 2000 fontibus
1792 1936 1996 2011 aucti3

500 2058 600 2114 est
628 2058 706 2114 ut
733 2052 1097 2115 Athenaeis
1126 2052 1193 2113 in
1223 2052 1567 2115 moenibus
1587 2100 1601 2126 ‚
1625 2051 1798 2114 arcis
1826 2051 1894 2113 in
1921 2050 2069 2135 ipso

352 2182 449 2228 750
492 2167 739 2230 vertice
758 2214 773 2241 ‚
794 2164 1088 2229 Palladis
1119 2164 1208 2228 ad
1235 2165 1550 2252 templum
1581 2163 1951 2227 Tritonidis
1983 2164 2220 2237 almae,

498 2302 630 2364 quo
662 2301 1016 2364 numquam
1048 2280 1284 2364 pennis
1315 2279 1662 2364 appellunt
1692 2300 1981 2365 corpora
2009 2298 2248 2342 raucae

499 2395 798 2458 cornices
819 2442 833 2468 ‚
856 2416 993 2456 non
1023 2415 1171 2456 cum
1200 2393 1455 2456 fumant
1484 2393 1717 2456 altaria
1748 2391 1976 2456 donis:

496 2532 710 2594 usque
741 2508 912 2572 adeo
940 2507 1230 2593 fugitant
1258 2529 1392 2570 non
1422 2508 1558 2571 iras
1589 2507 1880 2570 Palladis
1912 2508 2082 2571 acris

495 2623 796 2710 pervigili
827 2645 1059 2695 causa,
1086 2623 1358 2687 Graium
1385 2630 1462 2685 ut
1492 2623 1792 2686 cecinere
1819 2628 2092 2706 poetae,

353 2754 450 2798 755
496 2736 617 2801 sed
648 2745 887 2800 natura
914 2737 1044 2800 loci
1075 2738 1140 2800 vi
1168 2737 1317 2799 ibus
1350 2736 1557 2800 officit
1585 2738 1734 2821 ipsa
1761 2744 1998 2820 suapte
2017 2785 2032 2799 .

496 2853 562 2914 in
596 2851 791 2936 Syria
821 2872 1090 2935 quoque
1120 2850 1332 2914 fertur
1359 2852 1516 2914 item
1546 2851 1738 2914 locus
1771 2871 1921 2913 esse
1949 2848 2194 2922 videri,

501 2964 946 3050 quadripedes
979 2986 1248 3049 quoque
1282 2987 1414 3049 quo
1448 2965 1638 3029 simul
1667 2986 1745 3028 ac
1774 2964 2055 3049 vestigia
2085 2963 2366 3048 primum

499 3080 844 3143 intulerint
863 3128 877 3154 ‚
901 3080 1194 3164 graviter
1222 3080 1324 3143 vis
1356 3087 1556 3165 cogat
1586 3076 1942 3142 concidere
1972 3078 2149 3164 ipsa,

496 3194 798 3257 manibus
827 3202 903 3256 ut
931 3195 985 3257 si
1014 3194 1088 3257 fit
1118 3193 1289 3257 divis
1320 3193 1629 3257 mactatu'
1653 3201 1928 3279 repente
1947 3240 1960 3254 .

360 3324 458 3370 760
505 3308 724 3371 omnia
755 3329 925 3392 quae
954 3308 1239 3372 naturali
1270 3310 1530 3372 ratione
1560 3314 1882 3391 geruntur
1901 3356 1915 3381 ‚

506 3430 572 3486 et
604 3422 843 3506 quibus
879 3421 1101 3485 efflant
1134 3423 1348 3485 causis
1380 3429 1663 3507 apparet
1694 3422 1910 3506 origo;

500 3539 698 3601 ianua
728 3558 813 3599 ne
841 3536 1071 3600 Putcis
1104 3537 1261 3599 Orci
1290 3536 1671 3620 regionibus
1704 3557 1852 3598 csse

501 3651 815 3715 credatur
833 3701 848 3727 ‚
871 3659 1028 3737 post
1055 3651 1212 3714 hinc
1247 3650 1498 3713 animas
1528 3650 1931 3713 Acheruntis
1961 3649 2025 3711 in
2061 3669 2214 3711 oras

501 3765 746 3829 ducere
774 3765 951 3828 forte
984 3764 1149 3828 deos
1180 3765 1388 3828 manis
1416 3764 1672 3828 inferne
1702 3785 1992 3836 reamur,

507 4110 604 4157 736
653 4105 804 4156 albos
851 4104 1108 4157 decedere
1153 4106 1172 4174 Η
1225 4113 1321 4158 740
1373 4106 1518 4175 quod
1565 4107 1585 4175 ΙΙ
1632 4112 1727 4158 743
1780 4106 2023 4176 Remigio
2081 4105 2102 4175 ΙΙ
2155 4110 2254 4157 746
2305 4111 2389 4157 est
2435 4111 2681 4158 omissum.
2711 4093 2727 4162 ΙΙ

503 4187 768 4242 subiratus
806 4188 825 4256 ΙΙ
865 4193 961 4239 747
990 4189 1094 4240 ecri
1125 4189 1304 4258 suiper
1340 4190 1359 4258 ΙΙ
1399 4195 1497 4241 749
1537 4197 1589 4242 et
1624 4188 1643 4259 ΙΙ
1682 4188 1828 4259 piso.
1869 4188 1888 4257 ΙΙ
1928 4195 2025 4240 754
2060 4188 2253 4258 glaium
2292 4188 2312 4257 ΙΙ
2351 4194 2447 4238 755
2485 4186 2585 4237 1οοί
2620 4198 2726 4253 opus

505 4270 665 4323 efficit
713 4273 733 4339 ΙΙ
783 4276 879 4322 759
925 4270 1030 4324 sint
1079 4271 1098 4340 Η
1148 4280 1375 4324 mactata
1425 4271 1445 4339 ΙΙ
1495 4278 1588 4323 761
1631 4289 1658 4323 e
1695 4273 1821 4323 fiant
1868 4271 1888 4340 ΙΙ
1936 4288 2133 4341 appare
2184 4270 2203 4338 ΙΙ
2253 4276 2349 4321 762
2390 4270 2565 4339 poteis
2600 4270 2618 4337 ΙΙ
2651 4267 2725 4318 764

507 4354 713 4406 inferna
