2840 5008
1203 409 1303 478 1v
2028 363 2038 373 ’
2221 412 2360 487 243

242 588 408 652 570.
443 587 683 651 PARS
728 607 1063 650 somnxs
1107 606 1407 648 AD1.1SA
1450 606 1685 648 roms
1716 606 2076 648 nnn-:cm
2109 608 2362 651 sono·

67 711 111 751 R
126 710 168 750 E
183 710 239 750 M
272 686 346 749 R
364 709 409 747 E
431 707 483 747 D
504 707 557 747 D
582 709 604 747 1
621 708 661 747 r
678 733 691 747 .
723 684 935 747 Recte
968 691 1314 746 corrector
1333 681 1650 766 quadrati
1681 690 1749 745 et
1768 682 2101 746 Marullus
2129 707 2167 747 L
2185 708 2225 750 o
2242 709 2276 749 o
2291 709 2312 748 1
2329 708 2362 749 s

64 786 313 850 reiecta
336 832 359 864 ,
393 791 491 847 ut
524 782 737 868 paulo
767 789 927 866 post
956 780 1079 844 578
1108 782 1357 845 collibus
1383 782 1569 844 verba
1596 782 1973 865 repulsantes
1995 807 2016 843 .·
2046 804 2125 849 eo
2156 784 2359 847 modo
2413 826 2420 831 -

67 884 412 968 replmtur
447 883 606 945 loca
632 881 871 944 vocibus
898 879 1017 943 607
1038 903 1053 955 3
1076 880 1315 963 nequis
1345 877 1524 942 forte
1555 879 1919 964 coniungat
1945 881 2155 944 solidis
2181 883 2360 962 ῖοοὶε,

71 979 274 1066 quod
310 980 651 1043 debebat
681 1000 830 1042 esse
856 979 1065 1041 solidis
1091 979 1235 1041 solis
1274 1026 1287 1040 .
1329 979 1465 1041 loca
1506 977 1678 1040 enim
1721 984 1880 1039 sunt
1912 988 2171 1040 naturae
2200 980 2357 1044 loeo-

71 1102 220 1142 rum
242 1127 262 1157 ‚
300 1098 504 1162 quas
550 1077 853 1142 breviter
898 1074 1062 1139 dicit
1100 1086 1356 1139 naturas
1388 1073 1623 1138 Cicero
1667 1074 1754 1138 de
1794 1083 2039 1138 natura
2080 1075 2359 1143 deorum

74 1198 148 1248 11.
170 1176 301 1239 144
322 1224 340 1250 ,
370 1175 571 1262 quod
595 1174 689 1238 his
716 1175 953 1238 naturis
979 1175 1208 1237 relams
1236 1174 1649 1262 amplfficaszcr
1669 1195 1850 1236 sonus
1867 1222 1880 1235 .
1900 1173 2358 1243 Wakefieldus

75 1273 569 1337 Eichstadius
598 1271 927 1356 Forbiger
970 1272 1128 1355 lapis
1167 1273 1392 1333 reiecta
1418 1318 1437 1349 ,
1485 1269 1673 1353 quod
1701 1270 1982 1343 ridicule
2025 1272 2356 1359 interpre-

76 1379 329 1436 tantur
361 1372 573 1458 quasi
602 1372 759 1455 lapi-s
786 1371 1039 1433 reiectus
1057 1418 1071 1432 .

264 1471 423 1536 576.
459 1494 571 1533 ET
600 1490 925 1532 MAGNAS
970 1489 1417 1557 msrmzsos
1448 1489 1653 1537 vocE
1700 1489 2025 1530 omnus.
2050 1467 2357 1547 Quadra-

81 1577 198 1634 tus
234 1580 538 1655 ‘may'vm-s·
582 1568 931 1653 dispersus.
977 1567 1120 1630 eius
1163 1573 1513 1631 corre-otor
1554 1586 1834 1630 MAGNA
1876 1567 2217 1650 dispersos.
2264 1558 2359 1632 sie

24 1676 35 1679 “
89 1667 244 1732 ltali
279 1676 355 1733 et
389 1668 757 1752 impressi.

259 1767 415 1832 577.
465 1790 511 1828 L
534 1788 689 1830 ooA
734 1786 1036 1828 vmmm
1083 1785 1346 1828 onom:
1391 1783 1686 1827 voc1s.
1734 1762 1895 1826 Itali
1941 1768 2011 1824 et
2051 1727 2357 1849 impressi

90 1886 282 1927 vnn
332 1884 740 1939 REDDI-:RE
782 1884 982 1925 voceS.
2353 1918 2358 1923 .

263 1961 418 2027 578.
470 1981 622 2024 ITA
677 1982 977 2024 cormzs
1035 1980 1439 2023 comanus
1495 1980 1658 2022 1rsr
1712 1957 2000 2020 VERBA
2058 1982 2362 2027 REPUL-

99 2081 418 2123 SANTES
468 2079 944 2122 ITERABANT
984 2078 1234 2120 DICTA
1272 2077 1618 2119 nmmum
1651 2103 1664 2117 .
1706 2054 1784 2118 In
1808 2054 1913 2117 his
1934 2077 2156 2140 neque
2176 2061 2365 2129 verba.

101 2158 266 2222 dicta
293 2156 477 2222 ferri
511 2161 808 2242 possunt
829 2204 845 2231 ,
873 2176 1097 2238 neque
1123 2154 1428 2218 iterabant
1449 2153 1674 2240 referri
1705 2200 1717 2213 .
1761 2154 1910 2236 'ipsis
1943 2152 2357 2220 Veronensis

105 2257 315 2321 editio
334 2305 354 2336 ,
380 2253 732 2320 Marullus
751 2301 766 2327 ‚
792 2253 1000 2316 ceteri
1030 2258 1188 2315 ante
1201 2249 1731 2315 Wakefieldum:
1756 2251 1880 2314 sed
1902 2250 2232 2319 Marullus
2261 2265 2357 2319 re-

92 2353 268 2438 ferre
292 2402 308 2429 ,
340 2352 713 2419 Bentleius
741 2352 1042 2415 iterabant
1066 2352 1188 2414 icta
1215 2350 1451 2437 referre
1470 2398 1487 2429 ,
1517 2370 1657 2412 non
1685 2359 1873 2412 reete
1906 2399 1916 2410 .
1957 2371 2111 2413 nam
2139 2373 2362 2437 neque

106 2453 335 2517 iterare
364 2452 778 2517 infinitivum
811 2451 940 2515 sibi
968 2448 1243 2536 adiungi
1266 2448 1554 2534 patitur,
1580 2454 1901 2533 quantum
1930 2450 2104 2527 sci03
2130 2472 2358 2535 quam-

114 2572 317 2635 quam
361 2551 757 2616 orationem
798 2549 1138 2633 obliquam
1169 2549 1515 2613 subiunxit
1542 2548 1770 2612 Attius
1801 2596 1817 2621 ,
1857 2550 2013 2612 itera
2055 2552 2121 2612 in
2160 2553 2361 2635 quibu'

100 2652 392 2732 partibus
662 2661 721 2714 et
755 2672 874 2735 quo
915 2648 1110 2733 captu‘
1149 2649 1325 2711 modo
1346 2695 1365 2726 ‚
1391 2648 1735 2735 fortunam
1764 2671 1846 2710 an
1859 2647 2028 2733 forte
2055 2661 2328 2733 repertus
2341 2699 2358 2730 ,

115 2748 300 2831 apud
321 2748 633 2812 Nonium
661 2747 868 2831 p.425
886 2794 902 2822 ‚
923 2755 991 2810 et
1010 2747 1411 2831 Propertius
1442 2748 1698 2831 (neque
1728 2746 1901 2810 enim
1925 2748 2179 2812 mutavi
2208 2771 2359 2812 sen-

117 2846 440 2931 tentiam)
484 2848 603 2912 Cui
618 2847 848 2931 procul
869 2845 1120 2909 Alcides
1145 2846 1325 2910 iterat
1351 2867 1642 2929 responsa
1669 2846 1798 2919 det,
1824 2868 1866 2918 1,
1886 2844 1985 2919 20,
2003 2846 2118 2909 49:
2140 2869 2362 2932 neque

115 2943 234 3007 icta
262 2946 526 3008 collibus
554 2944 738 3007 verba
765 2943 1005 3006 Latine
1038 2942 1172 3008 dici
1199 2942 1257 3006 is
1287 2949 1494 3028 poiita
1526 2964 1723 3028 quem
1750 2942 2095 3009 Bentleius
2127 2953 2361 3010 aueto-

121 3061 260 3103 rem
284 3041 489 3106 dedit
509 3040 884 3127 persuadet
907 3089 920 3102 .
955 3047 1061 3104 est
1090 3041 1264 3104 enim
1291 3041 1350 3103 is
1382 3042 1675 3124 scriptor
1699 3042 1950 3127 elegiae
1979 3044 2046 3105 in
2077 3053 2364 3107 mortem

120 3135 376 3215 Drusi,
426 3160 634 3226 quam
676 3140 817 3203 scio
847 3138 1220 3222 Hauptium
1258 3160 1477 3202 meum
1518 3140 1787 3203 saeculo
1819 3163 1911 3202 xv
1940 3147 2168 3204 natam
2213 3163 2363 3205 esse

126 3238 463 3320 suspicari
496 3261 511 3300 ε
556 3258 777 3322 neque
807 3236 968 3299 mihi
999 3237 1141 3300 eius
1170 3257 1410 3300 versus
1442 3236 1565 3300 220
1588 3284 1603 3311 ,
1641 3237 1754 3321 qui
1783 3245 1888 3301 est
1916 3237 2361 3318 huiusmodi,

128 3333 207 3396 At
230 3357 349 3398 voa:
379 3337 655 3399 adversis
684 3337 933 3400 collibus
959 3337 1082 3398 icta
1109 3336 1309 3414 redit,
1356 3334 1777 3418 antiquitatis
1809 3337 2104 3400 colorem
2135 3346 2361 3402 osten—

130 3428 287 3496 dere
318 3435 630 3509 videtur‚
663 3435 768 3498 oui
801 3434 1209 3498 conveniunt
1237 3434 1466 3519 potius
1497 3435 1674 3498 colles
1699 3457 1840 3498 voce
1866 3436 1972 3498 icti
2002 3443 2071 3499 et
2099 3438 2365 3501 clamore

128 3541 350 3594 montes
379 3535 533 3607 icti,
580 3533 694 3617 qui
736 3541 895 3596 sunt
923 3532 993 3595 in
1017 3531 1193 3596 libro
1226 3549 1296 3606 11,
1315 3532 1485 3597 328.
1529 3552 1709 3595 nunc
1754 3531 1840 3596 de
1880 3532 1987 3596 his
2016 3532 2362 3616 Hauptius

130 3622 271 3706 ipse
302 3628 528 3695 dixit
512 3621 579 3693 111
605 3638 1104 3716 programmate
1145 3630 1488 3715 eleganter
1528 3631 1828 3713 scripte,
1875 3629 2066 3713 quod
2106 3631 2362 3694 editum

136 3730 235 3786 est
260 3728 489 3810 pridie
519 3729 603 3792 Κ.
625 3727 990 3793 Novembr.
1022 3727 1198 3802 1849,
1222 3749 1285 3811 p.
1303 3725 1424 3789 26.
1447 3748 1670 3809 neque
1702 3747 1826 3811 ego
1856 3748 2013 3789 saxa
2032 3727 2156 3790 icta
2187 3749 2360 3812 quae

136 3817 354 3887 sintin
380 3824 609 3891 Ovidii
632 3826 924 3891 tristium
946 3850 1016 3900 11,
1041 3825 1116 3889 16
1136 3825 1456 3909 intellego
1477 3873 1492 3900 ‚
1517 3823 1640 3888 sed
1661 3830 1829 3909 puto
1854 3830 2125 3910 poetam
2147 3826 2362 3911 serip-

137 3915 301 3984 81886
338 3925 522 3989 Tecta
548 3947 779 3988 memor
805 3923 1007 4010 refero
1036 3947 1253 3986 rursus
1282 3924 1368 3986 ad
1392 3924 1514 3986 icta
1528 3924 1752 4007 pedem
1772 3971 1789 4001 ,
1816 3922 2159 4006 quomodo
2192 3923 2365 3988 dixit

141 4011 207 4076 in
232 4037 291 4091 V,
308 4019 369 4095 4,
384 4022 469 4086 34
496 4024 636 4088 Nec
662 4024 876 4087 vellent
900 4024 1057 4086 ictae
1086 4022 1269 4086 limen
1300 4023 1475 4085 adire
1504 4022 1717 4086 domus
1739 4070 1753 4084 .
1784 4020 1991 4084 nihilo
2014 4022 2233 4085 minus
2261 4024 2360 4086 vi-

142 4109 217 4172 tii
240 4117 473 4184 sedem
500 4121 847 4186 Bentleius
877 4128 1018 4184 tum
1046 4127 1233 4185 reete
1261 4121 1616 4206 perspexit
1661 4123 1942 4205 (postea
1975 4120 2064 4184 ad
2095 4121 2364 4184 Horatii

145 4226 518 4281 sermonum
537 4218 781 4284 librum
805 4241 847 4295 1,
867 4220 925 4294 3,
944 4219 980 4281 7
1013 4219 1333 4303 probavit
1353 4218 1899 4304 Marullianum):
1932 4217 2365 4283 scribendum

149 4314 247 4370 est
274 4314 447 4379 enim
474 4339 517 4378 n
535 4340 575 4381 o
596 4340 631 4381 c
648 4340 740 4380 ΤΑ
770 4318 997 4405 referri
1014 4366 1028 4380 .
1050 4317 1147 4380 ita
1171 4316 1356 4401 apud
1378 4316 1731 4381 Horatium
1766 4320 1964 4381 amnis
1983 4316 2219 4380 Doctus
2247 4317 2364 4379 iter

1844 4414 1918 4477 16
1933 4417 1958 4441 ²
