2840 5008
1204 417 1266 483 11
1429 446 1430 449 ¹
2281 423 2368 488 53

70 591 298 656 dicere
334 592 538 654 enim
571 589 799 675 possis
828 589 1174 652 caelestem
1204 589 1492 653 fulminis
1521 590 1737 674 ignem

23 724 32 766 ἰ
69 707 398 790 suptilem
431 705 672 790 magis
706 725 738 766 e
767 704 988 788 parvis
1020 712 1330 768 constare
1358 704 1618 789 figuriS‚

70 827 274 904 atque
305 819 489 883 ideo
526 818 818 882 transire
844 818 1167 881 foramina
1197 840 1367 903 quae
1394 819 1628 902 nequit
1656 820 1828 904 ignis

71 941 305 996 noster
337 935 471 997 hic
508 955 547 995 e
580 932 772 1017 lignis
802 943 951 996 ortu
983 932 1311 1017 taedaque
1343 941 1637 997 creatus.
1805 926 1808 927 ⁷

71 1056 449 1131 praeterea
483 1049 717 1110 lumen
741 1069 860 1133 per
890 1069 1165 1110 cornum
1193 1049 1437 1110 transit
1454 1096 1469 1122 ‚
1493 1055 1564 1110 at
1591 1047 1800 1111 imber

69 1163 432 1246 respuitur
455 1216 470 1228 .
504 1182 718 1247 quare
735 1161 765 1222 P
785 1161 909 1224 nisi
938 1162 1197 1225 luminis
1225 1161 1337 1224 illa
1363 1161 1621 1224 minora

23 1296 31 1333 t
69 1296 369 1360 corpora
406 1285 585 1339 sunt
617 1297 811 1360 quam
843 1275 926 1339 de
957 1277 1198 1360 quibus
1230 1284 1333 1339 est
1360 1275 1580 1359 liquor
1611 1276 1819 1338 almus
1852 1296 2200 1358 aquarum.

70 1400 133 1454 et
162 1392 502 1474 quamvis
537 1390 759 1454 subito
788 1411 910 1474 per
941 1391 1155 1453 colum
1187 1390 1341 1452 vina
1370 1388 1671 1452 videmus

68 1502 455 1586 perfluere:
486 1513 560 1567 at
593 1511 827 1568 contra
854 1503 1118 1568 tardum
1150 1508 1502 1565 cunctatur
1534 1503 1806 1577 olivom‚

68 1628 179 1682 aut
209 1620 383 1703 quia
405 1668 423 1694 ‚
451 1619 526 1680 ni
556 1619 790 1680 mirum
810 1666 825 1691 ‚
848 1616 1206 1679 maioribus
1239 1624 1341 1679 est
1373 1617 1714 1680 elementis

69 1740 179 1794 aut
204 1733 443 1817 magis
481 1732 721 1794 amatis
751 1732 923 1795 inter
954 1752 1026 1794 se
1055 1751 1311 1816 perque
1339 1729 1662 1813 plicatiS,⁴

23 1884 27 1899 ·
66 1856 267 1930 atque
296 1845 480 1910 ideo
513 1845 593 1908 fit
619 1844 715 1907 uti
744 1867 881 1907 non
910 1852 1043 1908 tam
1076 1843 1352 1907 diducta
1378 1853 1655 1928 repente

64 1946 234 2024 inter
266 1951 349 2024 se
383 1960 671 2044 possint
697 1957 1061 2043 primordia
1089 1958 1345 2043 singula
1374 1939 1682 2043 quaeque

67 2075 334 2159 singula
365 2095 509 2160 per
541 2073 861 2156 cuiusque
889 2072 1215 2137 foramina
1241 2094 1663 2157 permanare.

141 2188 302 2252 Huc
337 2186 622 2253 accedit
649 2187 747 2250 uti
774 2187 983 2250 mellis
1010 2186 1335 2271 lactisque
1364 2187 1674 2271 liquores*

62 2302 367 2366 iucundo
406 2323 622 2366 sensu
651 2301 912 2386 linguae
938 2279 1316 2365 tractentur
1343 2303 1410 2365 in
1443 2323 1590 2364 ore:

24 2450 26 2465 ·
62 2428 127 2481 at
154 2426 420 2482 contra
449 2424 676 2479 taetra
703 2416 995 2481 absinthi
1023 2424 1267 2479 natura
1293 2416 1552 2500 ferique

64 2534 373 2597 centauri
404 2530 623 2595 foedo
653 2539 1102 2616 pertorquent
1132 2553 1252 2595 ora
1281 2553 1556 2616 sapore3

62 2657 133 2711 ut
157 2648 370 2711 facile
405 2667 746 2730 agnoscas
777 2668 812 2709 e
840 2646 1097 2711 levibus
1127 2655 1328 2731 atque
1357 2644 1668 2710 rutundis

66 2782 207 2826 esse
241 2784 328 2827 ea
362 2782 554 2847 quae
585 2781 820 2823 sensus
847 2759 1136 2824 iucunde
1168 2769 1445 2847 tangere
1477 2770 1793 2846 possunt,

63 2885 127 2939 at
154 2885 415 2941 contra
449 2896 628 2959 quae
658 2896 879 2939 amara
908 2882 1112 2959 atque
1144 2897 1384 2963 aspera
1413 2898 1696 2960 cumque
1726 2876 2066 2954 videntur,

24 3029 25 3038 κ
60 2990 221 3055 haec
251 2991 492 3076 magis
524 2990 757 3052 amatis
784 2989 962 3053 inter
993 3011 1066 3053 se
1094 3012 1268 3053 nexa
1293 2968 1536 3066 teneri,

62 3114 583 3192 proptereaque
613 3103 826 3166 solere
855 3105 996 3167 vias
1025 3104 1409 3170 rescindere
1437 3105 1690 3169 nostris

66 3220 382 3283 sensibus
413 3217 835 3301 introituque
866 3241 987 3282 suo
1017 3241 1451 3305 perrumpere
1482 3242 1756 3305 corpus.

141 3334 401 3397 Omnia
428 3338 781 3418 postremo
813 3334 992 3397 bona
1021 3335 1327 3398 sensibus
1360 3344 1427 3398 et
1454 3335 1625 3397 mala
1655 3341 1838 3397 tactu

66 3447 370 3512 dissimili
400 3449 588 3511 inter
619 3468 689 3509 se
715 3457 1020 3533 pugnant
1046 3449 1349 3533 perfecta
1374 3450 1619 3534 figura3

23 3587 27 3612 ³
60 3584 136 3625 ne
161 3572 239 3626 tu
267 3562 467 3626 forte
496 3568 695 3645 putes
726 3583 949 3625 serrae
981 3562 1326 3626 stridentis
1358 3564 1668 3626 acerbum

60 3675 420 3741 horrorem
454 3683 770 3737 constare
800 3676 1137 3739 elementis
1167 3676 1425 3739 levibus
1457 3698 1668 3760 aeque

61 3811 132 3853 ac
159 3812 450 3855 musaea
480 3789 686 3861 mele,
707 3810 828 3871 per
859 3789 1154 3853 chordas
1186 3791 1479 3875 organici
1512 3812 1681 3873 quae

60 3906 417 3969 mobilibus
452 3902 681 3987 digitis
712 3904 1180 3989 expergefacta
1206 3905 1527 3990 figurant3

60 4039 183 4081 neu
211 4018 415 4083 simili
445 4024 805 4103 penetrare
835 4024 1033 4102 putes
1063 4019 1428 4102 primordia
1455 4019 1669 4082 forma

66 4302 156 4349 384
191 4300 449 4351 fulmines
502 4297 523 4365 ΙΙ
577 4302 675 4348 387
716 4305 864 4349 ortus
891 4298 921 4364 -ss
959 4303 1054 4372 399
1091 4298 1274 4351 alimus
1312 4301 1331 4368 Η
1372 4306 1469 4351 396
1506 4300 1736 4368 singulta
1772 4300 1791 4366 ΙΙ
1831 4306 1926 4351 403
1968 4297 2216 4349 iucundct
2250 4305 2328 4349 ta-

66 4396 178 4433 cere
215 4383 236 4449 Η
276 4388 376 4434 403
419 4378 717 4433 Nobilibus
756 4379 777 4446 ΙΙ
814 4387 911 4431 414
947 4382 1215 4449 penetrale
