2840 5008
525 356 616 423 86
1603 361 1698 427 III

519 530 777 593 mobilis
810 531 1072 614 egregie
1092 580 1105 605 ‚
1138 554 1459 617 perquam
1490 529 1813 598 constare'
1831 544 2173 599 necessest

375 659 471 705 205
519 645 911 730 corporibus
941 647 1163 731 parvis
1197 653 1264 710 et
1291 648 1549 712 levibus
1580 656 1783 733 atque
1812 649 2151 713 rutundis.

521 780 690 843 quae
719 760 837 824 tibi
869 761 1136 844 cognita
1162 782 1273 825 res
1300 763 1369 824 in
1398 763 1657 847 multis,
1680 785 1720 827 o
1751 764 1927 827 bone
1945 812 1962 842 ,
1982 765 2188 828 rebus

522 873 697 937 utilis
724 875 1100 938 invenietur
1132 884 1200 939 et
1229 885 1614 962 opportuna
1643 878 1916 942 cluebit.

521 987 686 1052 haec
719 1011 988 1074 quoque
1017 1011 1126 1052 res
1158 991 1351 1054 etiam
1380 1000 1685 1055 naturam
1719 991 1988 1056 dedicat
2019 993 2157 1057 eius
2178 1042 2193 1067 ‚
2287 974 2288 977 Ἴ

524 1124 721 1186 quam
752 1105 932 1167 tenui
963 1113 1228 1170 constet
1256 1113 1523 1170 textura
1542 1156 1556 1182 ‚
1581 1127 1911 1191 quamque
1939 1107 2091 1171 loc‘o
2124 1129 2196 1171 se

379 1233 475 1279 210
522 1219 862 1283 contineat
888 1240 1100 1303 parvo
1121 1269 1135 1295 ‚
1161 1220 1217 1283 si
1245 1221 1462 1305 possit
1491 1221 2005 1307 conglomerari‚

523 1332 710 1416 quod
739 1335 929 1398 simul
959 1342 1162 1419 atque
1192 1334 1524 1399 hominem
1552 1337 1665 1399 leti
1696 1356 1933 1399 secura
1962 1336 2149 1420 quies
2180 1344 2284 1400 est

520 1445 797 1534 indepta
827 1456 1028 1533 atque
1059 1450 1254 1513 animi
1282 1459 1524 1515 natura
1552 1451 1939 1535 animaeque
1964 1451 2274 1526 recessit,

524 1562 615 1625 nil
642 1562 732 1626 ibi
762 1563 1032 1628 libatum
1065 1563 1149 1627 de
1180 1572 1325 1627 toto
1359 1586 1644 1651 corpore
1675 1586 1911 1629 cernas

525 1676 613 1740 ad
641 1678 926 1764 speciem
946 1727 961 1754 ,
984 1680 1077 1741 nil
1105 1679 1192 1743 ad
1221 1678 1525 1764 pondus:
1549 1702 1729 1744 mors
1762 1681 1982 1744 omnia
2009 1688 2339 1765 praestat,

383 1808 476 1851 215
522 1793 788 1856 vitalem
816 1803 1084 1879 praeter
1115 1816 1379 1858 sensum
1411 1794 1829 1880 calidumque
1858 1816 2201 1880 vaporem.

527 1927 685 1991 ergo
716 1909 996 1972 animam
1027 1916 1233 1973 totam
1264 1911 1610 1997 perparvis
1642 1931 1790 1974 esse
1818 1918 2166 1973 necessest

527 2023 916 2103 seminibus,
939 2045 1176 2088 nexam
1204 2046 1327 2108 per
1356 2046 1562 2089 venas
1591 2025 2155 2099 visceranervos3

529 2157 660 2219 qua
687 2144 884 2200 tenus
904 2187 918 2212 ‚
942 2140 1152 2202 omnis
1182 2140 1295 2203 ubi
1327 2161 1362 2202 e
1390 2147 1537 2203 toto
1567 2141 1693 2202 iam
1727 2160 2014 2224 corpore
2045 2139 2268 2214 cessit,

529 2253 773 2315 extima
798 2254 1239 2317 membrorum
1270 2255 1514 2317 circum
1546 2276 1823 2341 caesura
1850 2261 2072 2317 tamen
2103 2275 2175 2317 se

384 2382 480 2427 220
521 2365 914 2429 incolumem
943 2374 1244 2451 praestat
1272 2390 1395 2432 nec
1428 2368 1587 2433 defit
1614 2368 1933 2454 ponderis
1963 2367 2195 2431 hilum.

527 2481 709 2567 quod
739 2502 950 2567 genus
983 2489 1116 2557 est,
1138 2482 1386 2547 Bacchi
1417 2506 1562 2547 cum
1593 2483 1717 2547 flos
1749 2483 2050 2559 evanuit,
2073 2490 2189 2547 aut
2218 2504 2364 2547 cum

506 2598 799 2681 ,spiritus
830 2599 1188 2683 unguentei
1222 2600 1443 2663 suavis
1476 2598 1734 2684 diffugit
1760 2599 1829 2661 in
1861 2619 2084 2672 auras,

529 2719 643 2775 aut
673 2713 894 2797 aliquo
926 2736 1073 2777 cum
1102 2693 1230 2777 iarn
1261 2736 1462 2778 sucus
1494 2713 1578 2776 de
1610 2734 1895 2798 corpore
1926 2713 2157 2776 cessit:

527 2827 619 2889 nil
650 2827 857 2890 oculis
887 2813 1106 2890 tamen
1138 2850 1285 2891 esse
1314 2830 1529 2892 minor
1557 2850 1666 2892 res
1694 2829 1843 2912 ipsa
1868 2826 2137 2890 videtur

385 2958 481 3002 225
526 2947 887 3026 propterea
914 2963 1133 3025 neque
1165 2942 1535 3007 detractum
1568 2942 1652 3005 de
1682 2940 1983 3027 pondere
2014 2941 2364 3026 quicquam
2384 2991 2399 3017 ,

525 3056 593 3118 ni
621 3056 851 3117 mirum
870 3105 885 3131 ,
911 3056 1066 3140 quia
1092 3057 1299 3119 multa
1327 3057 1709 3141 minutaque
1740 3056 1988 3119 semina
2011 3077 2213 3120 *sucos

530 3169 820 3234 efficiunt
851 3178 915 3233 et
946 3170 1222 3235 odorem
1249 3172 1316 3235 in
1345 3179 1492 3236 toto
1526 3191 1811 3257 corpore
1840 3172 1970 3233 rei.

531 3306 737 3369 quare
769 3286 962 3349 etiam
992 3293 1192 3371 atque
1224 3288 1418 3351 etiam
1446 3287 1684 3350 mentis
1712 3293 2018 3349 naturam
2049 3286 2437 3368 animaeque

530 3400 700 3463 scire
728 3400 885 3464 licet
912 3422 1234 3485 perquam
1265 3402 1572 3485 pauxillis
1604 3421 1751 3464 esse
1782 3406 2073 3464 creatam
2227 3470 2230 3472 ,

383 3531 480 3577 230
529 3516 884 3578 seminibus
904 3562 918 3587 ‚
945 3516 1255 3599 quoniam
1283 3516 1543 3600 fugiens
1574 3516 1666 3579 nil
1694 3514 2013 3600 ponderis
2044 3512 2289 3576 aufert.

609 3630 753 3693 Nec
784 3637 1003 3693 tamen
1032 3629 1512 3715 haecsimplex
1542 3631 1733 3695 nobis
1764 3619 2004 3693 natura
2032 3626 2334 3713 putanda
2366 3635 2500 3691 est.

526 3746 747 3809 tenvis
779 3745 948 3808 enim
981 3744 1308 3830 quaedam
1336 3744 1773 3811 moribundos
1806 3742 2059 3806 deserit
2087 3761 2251 3803 aura

527 3859 730 3923 mixta
759 3881 1009 3944 vapore
1029 3909 1043 3935 ‚
1066 3881 1278 3944 vapor
1307 3883 1514 3945 porro
1544 3859 1751 3924 trahit
1780 3864 1937 3921 aera
1966 3877 2214 3920 secum.

528 3994 651 4035 nec
684 3973 865 4036 calor
897 3980 999 4036 est
1030 3974 1379 4058 quisquam
1400 4024 1415 4050 ‚
1440 3977 1542 4038 cui
1572 3974 1817 4037 mixtus
1846 3994 1984 4034 non
2014 3972 2141 4034 siet
2170 3977 2311 4033 aer:

535 4258 632 4304 210
669 4268 730 4305 se
767 4254 788 4321 ΙΙ
825 4258 922 4303 222
959 4261 1228 4321 unguente
1265 4254 1284 4321 Η
1324 4260 1419 4306 227
1448 4270 1650 4307 rerum.
1689 4252 1710 4320 ΙΙ
1746 4257 1842 4302 232
1872 4251 2055 4302 Tenus
2093 4251 2112 4318 Η
2146 4254 2248 4300 234
2286 4250 2369 4299 cui
2406 4267 2515 4301 non
2555 4246 2769 4320 sitinix-

532 4343 618 4387 tus
656 4343 710 4387 et
745 4353 860 4388 aer.
