2840 5008
1178 395 1272 461 III
2190 392 2323 459 159

98 575 215 637 diei
229 621 246 651 ,
253 573 421 662 fidei
440 620 455 645 ‚
462 572 561 660 fio
579 596 598 634 .·
622 591 837 655 neque
870 567 1315 634 dubitandum
1350 574 1455 630 est
1486 568 1643 651 quin
1673 587 1875 630 unum
1906 566 2015 629 vel
2045 566 2328 630 alterum

99 670 668 756 praetermiserim
697 717 709 732 .
742 669 1035 733 audaciai
1067 665 1498 731 scribendum
1532 673 1637 729 est
1665 666 1732 729 in
1763 666 2255 750 Amphitruone
2287 690 2328 741 1,

106 769 286 844 1‚211
315 817 330 841 ‚
371 769 736 832 Charmidai
766 768 1155 831 Trinummo
1189 788 1256 837 11,
1276 764 1332 838 2,
1352 764 1434 827 78
1469 810 1484 837 ‚
1529 765 1777 850 stipulai
1805 764 2016 827 Persa
2046 787 2116 837 11,
2134 764 2193 840 2,
2212 764 2292 828 62
2316 815 2331 840 ‚

87 868 368 954 familiai
398 866 791 929 Mercatore
820 887 882 939 v,
908 865 958 937 1,
980 865 1016 927 5
1036 911 1050 938 ‚
1073 864 1276 927 morai
1308 861 1546 925 Sticho
1579 885 1667 937 w,
1692 863 1743 935 1,
1764 862 1834 924 31
1862 911 1877 936 ‚
1903 869 1971 925 et
1998 862 2067 925 in
2098 864 2329 946 primis

100 963 434 1049 Amphitr.
458 987 503 1037 1,
529 963 579 1038 l,
602 963 724 1026 228
748 963 919 1027 Nam
943 961 1402 1047 Amphitr-‘emis
1422 959 1627 1023 Sosiai
1646 983 1742 1024 me
1764 983 1887 1024 esse
1906 961 2070 1023 volui
2091 962 2294 1025 dicere
2312 1012 2328 1042 ,

101 1062 211 1127 ubi
237 1061 398 1127 libri
426 1064 662 1126 socium
687 1085 764 1125 ne
789 1082 920 1123 me.
952 1080 1089 1121 non
1118 1065 1456 1143 repugnat
1485 1058 1758 1143 regulae
1791 1060 2009 1145 Neque
2037 1071 2356 1145 quantum1

104 1161 341 1245 aquaist
366 1160 438 1222 in
467 1160 665 1237 mari,
691 1156 878 1243 quod
909 1166 1014 1221 est
1041 1157 1108 1219 in
1138 1156 1440 1219 Poenulo
1474 1179 1515 1229 1,
1533 1157 1590 1230 3,
1608 1154 1688 1219 23
1707 1204 1721 1231 ‚
1746 1157 2038 1241 itemque
2065 1166 2328 1223 rectum

107 1264 206 1320 est
247 1259 334 1347 ad
376 1258 497 1321 hoc
537 1258 703 1345 quod
746 1259 922 1320 dieist
945 1256 1013 1319 in
1046 1255 1281 1319 eadem
1312 1255 1491 1329 1‚2‚8
1532 1304 1545 1318 .
1591 1256 1688 1320 ita
1716 1254 2075 1320 Terentius
2121 1257 2331 1323 habet

106 1356 252 1433 diei,
277 1356 518 1420 Cliniai
533 1404 550 1434 ,
575 1355 719 1417 sine
750 1355 1026 1419 elisione
1045 1376 1061 1428 ς
1082 1354 1239 1418 item
1273 1353 1612 1439 Vergilius
1642 1355 1863 1440 aquai,
1885 1356 2088 1436 aulai,
2113 1360 2327 1431 aurai,

105 1454 289 1538 pictai
311 1502 329 1533 ,
367 1455 591 1517 Aenea
609 1500 623 1527 ‚
659 1452 968 1531 Phoebea,
1004 1452 1158 1530 diei,
1196 1451 1369 1531 Elei,
1417 1451 1683 1537 Grynei,
1712 1452 2011 1516 Anchiseo
2037 1500 2055 1530 ‚
2093 1453 2327 1539 Sopho-

110 1552 258 1631 elec,
291 1552 649 1630 Achilleae,
684 1553 960 1628 Aeneae,
1003 1550 1187 1628 Ceae,
1226 1549 1747 1630 Laomedonteae,
1783 1549 2124 1631 Phoebeae,
2148 1552 2294 1616 eheu
2315 1601 2330 1627 ‚

113 1648 179 1712 Io
212 1698 229 1728 ‚
280 1650 411 1713 Clio
449 1698 464 1723 ‚
513 1649 804 1712 Peridiae
838 1696 852 1721 ‚
904 1647 1117 1726 Geloi,
1150 1669 1253 1711 eoo
1274 1694 1291 1726 ,
1323 1670 1505 1711 euroo
1527 1694 1543 1723 ‚
1576 1649 1769 1728 Inoo;
1795 1647 2193 1735 Propertius
2221 1650 2329 1715 his

115 1747 304 1811 etiam
335 1749 585 1834 plura‘‚
632 1747 756 1812 sed
788 1746 1088 1821 Graeca3
1137 1744 1245 1808 alii
1273 1751 1520 1829 poetae
1552 1746 1681 1809 alia
1727 1796 1740 1809 .
1784 1747 1853 1810 in
1886 1746 1992 1811 his
2021 1747 2331 1813 Tibullus

115 1866 241 1908 non
284 1846 565 1931 scripsit
596 1844 750 1909 Eleo
793 1855 877 1909 est
914 1844 1016 1919 1‚4,
1034 1844 1114 1908 32
1139 1891 1153 1918 ‚
1186 1843 1309 1908 sed
1340 1844 1585 1924 Eleost,
1619 1852 1688 1908 et
1714 1844 2070 1909 Lucretius
2116 1847 2185 1910 in
2232 1871 2329 1923 111,

116 1941 230 2006 624
257 1947 555 2009 animaist
582 1944 737 2027 (hoc
769 1944 939 2007 enim
961 1942 1222 2007 Nakius
1247 1950 1434 2007 recte
1454 1942 1649 2029 vidit)
1678 1943 1791 2007 ubi
1823 1943 1974 2008 libri
2004 1947 2332 2029 animae-st,-

119 2040 281 2105 idem
301 2043 371 2106 in
395 2066 487 2119 ιν,
512 2042 673 2106 1083
696 2088 712 2117 ,
741 2062 825 2105 ne
853 2024 1048 2105 rabiei
1075 2041 1235 2104 unde
1264 2039 1620 2104 dicendum
1654 2047 1836 2104 esset
1854 2087 1870 2115 ‚
1902 2042 2106 2105 semel
2132 2044 2335 2107 rabies

118 2140 179 2201 in
208 2141 528 2227 gignendi
561 2162 720 2204 casu
744 2141 1014 2225 ..itaque
1055 2140 1201 2203 vitai
1237 2162 1298 2202 es
1323 2139 1393 2202 in
1426 2139 1903 2223 epigrammate
1932 2146 2162 2203 vetere
2192 2188 2207 2216 ‚
2245 2141 2331 2206 de

74 2262 78 2267 ·
124 2258 246 2321 quo
279 2239 416 2303 dixi
449 2239 545 2304 ad
573 2239 816 2303 librum
840 2261 882 2312 1,
901 2237 1023 2301 993
1042 2285 1057 2311 ‚
1079 2235 1656 2321 pronuntiandum
1682 2242 1786 2299 est
1806 2238 2026 2300 vitai's.
2052 2238 2158 2300 alii
2187 2237 2331 2302 hia-

122 2343 248 2399 tum
276 2337 573 2401 vitiosae
605 2336 862 2400 elisioni
892 2334 1361 2419 praetulerunt
1382 2382 1398 2409 ‚
1429 2341 1507 2397 ut
1536 2335 1862 2420 Panopeae
1890 2346 1944 2398 et
1972 2336 2121 2400 Inoo
2141 2383 2157 2410 ‚
2189 2361 2334 2403 eoae

123 2433 477 2517 Atlantides,
511 2434 797 2523 Hyantea
825 2436 1148 2520 Aqanippe
1163 2483 1180 2516 ,
1206 2433 1483 2498 Bacchei
1508 2435 1777 2497 ululatus
1807 2482 1819 2496 .
1852 2434 1967 2519 qui
1994 2433 2164 2498 haec
2195 2435 2331 2500 sin-

124 2533 266 2614 gula
287 2541 472 2599 recte
501 2533 941 2617 perpenderit
959 2582 973 2609 ‚
995 2533 1189 2597 facile
1215 2531 1452 2596 credet
1470 2580 1484 2606 ‚
1509 2530 1732 2616 siquid
1754 2554 2036 2618 usquam
2059 2534 2334 2619 regulae

125 2648 495 2717 repugnare
524 2632 738 2696 visum
767 2630 971 2696 fuerit
1008 2681 1022 2707 ‚
1066 2630 1138 2695 id
1178 2631 1467 2696 librariis
1498 2631 1722 2714 potius
1754 2652 1953 2715 quam
1982 2638 2333 2715 poetarum

124 2727 582 2814 neglegentiae
613 2727 1134 2793 adscribendum
1167 2749 1314 2792 esse
1347 2778 1359 2792 .
1406 2728 1797 2792 notissimus
1828 2737 1932 2793 est
1959 2731 2335 2797 versiculus

128 2819 455 2891 Ciceronis
475 2874 496 2902 ‚
522 2827 633 2911 qui
663 2827 760 2891 ita
789 2827 1081 2912 scriptus
1114 2824 1334 2890 editur
1364 2826 1451 2889 de
1484 2825 1897 2890 divinatione
1928 2849 1969 2901 1,
1989 2825 2070 2890 22
2096 2875 2111 2902 ‚
2144 2830 2337 2918 Inque

128 2921 450 2989 Academia
482 2926 824 3013 umbrifera
851 2927 1158 3011 nitidoque
1188 2923 1393 3010 Lyceo
1413 2950 1438 3006 ,·
1459 2924 1530 2987 in
1560 2944 1695 3010 quo
1724 2924 2054 3014 rationem
2084 2926 2338 2993 habere

126 3017 347 3104 incipit
370 3021 563 3109 quod
584 3023 897 3086 Moserus
916 3022 1102 3085 nulla
1119 3043 1269 3085 cum
1290 3021 1557 3086 ratione
1577 3022 2007 3086 scribendum
2031 3025 2337 3102 coniecit,

140 3117 478 3207 UmbmJ'era
521 3123 704 3208 inque
732 3121 1072 3186 Academia
1113 3170 1125 3183 .
1175 3120 1297 3183 sed
1343 3119 1728 3185 credibilius
1773 3128 1879 3185 est
1912 3121 2299 3188 Ciceronem
2321 3173 2336 3198 ‚

132 3232 271 3279 cum
297 3219 404 3283 alii
436 3217 743 3285 Graecos
770 3219 1224 3293 imitarentur,
1248 3217 1514 3312 linguae
1535 3218 1824 3308 ,Latinae
1853 3222 2337 3305 proprietatem

133 3315 309 3397 sequi
335 3317 654 3381 maluisse
673 3366 688 3394 ‚
711 3324 788 3381 ut
817 3317 1223 3380 Academiam
1251 3316 1668 3400 paenultima
1699 3324 2017 3403 correpta
2048 3318 2305 3387 diceret
2324 3371 2338 3394 ,

135 3427 316 3491 quem
345 3414 707 3480 admodum
738 3423 1006 3479 veteres
1037 3436 1175 3478 non
1202 3436 1420 3499 pauca
1462 3405 1895 3502 diphthongo
1931 3415 2194 3482 Graeca
2224 3442 2337 3483 ex-

136 3509 397 3574 tenuata
411 3512 847 3597 protulerunt
862 3560 877 3587 ‚
894 3521 971 3577 ut
980 3514 1252 3598 plateam
1271 3561 1284 3588 ,
1297 3536 1669 3600 ,qynaeceum
1683 3563 1700 3593 ,
1716 3514 2057 3578 Seleuciam
2069 3564 2085 3594 ,
2100 3516 2338 3601 Epeum

138 3599 255 3681 (ita
281 3606 563 3675 Plautus
603 3611 673 3674 in
699 3632 901 3675 versu
935 3610 1279 3696 'quadrato
1312 3612 1921 3701 Epeumsumificum
1953 3613 2135 3696 apud
2165 3614 2336 3678 Var-

136 3716 352 3766 ronem
383 3706 472 3771 de
498 3708 727 3792 lingua
753 3707 1001 3773 Latina
1021 3729 1118 3771 vn
1149 3729 1212 3793 p.
1245 3709 1367 3774 324
1391 3757 1406 3784 ,
1439 3708 1564 3774 sed
1591 3709 1769 3774 idem
1796 3709 1864 3772 in
1888 3709 2339 3778 Bacchidibus

142 3798 292 3874 ΝΑ),
313 3802 386 3865 13
420 3806 646 3891 Epiust
674 3806 1108 3890 Pistoclerus),
1136 3806 1298 3870 item
1325 3808 1797 3873 Ptolemocratia
1825 3808 1895 3872 in
1923 3809 2238 3876 Rudente
2269 3835 2339 3888 11,

143 3889 193 3965 5,
209 3892 286 3958 24
312 3945 328 3973 ‚
358 3901 430 3964 in
460 3903 760 3987 Captivis
788 3906 996 3983 Alios,
1023 3903 1372 3990 Philippeos
1400 3907 1621 3972 tribus
1650 3907 1970 3973 brevibus
2004 3956 2021 3984 ‚
2056 3916 2123 3973 et
2154 3912 2339 3995 quod

143 3995 408 4062 maxime
435 4002 671 4065 mirum
702 4009 841 4077 est,
873 4002 991 4066 Coo
1022 4000 1164 4065 sive
1198 4003 1342 4066 Chio
1372 4003 1595 4089 (quod
1622 4005 1691 4067 in
1711 4006 2158 4071 Ambrosiano
2193 4031 2341 4074 esse

145 4083 514 4175 Geppertus
538 4147 553 4174 ‚
582 4100 688 4162 vir
719 4097 1149 4163 doctissimus
1173 4147 1189 4174 ‚
1216 4100 1378 4164 mihi
1407 4100 1772 4189 indicavit)
1805 4104 2208 4169 adiectivum
2241 4107 2340 4171 di-

145 4183 458 4266 syllabum
488 4197 714 4282 priore
746 4204 1064 4282 correpta
1089 4198 1160 4260 in
1182 4197 1486 4261 Poenulo
1518 4222 1615 4275 111,
1635 4201 1692 4275 3,
1712 4201 1794 4265 86
1814 4251 1826 4265 .
1848 4201 1971 4265 sed
2001 4205 2117 4268 Coo
2142 4203 2343 4269 Statii

146 4279 445 4356 silvarum
474 4317 516 4369 1,
534 4294 591 4369 2,
608 4293 731 4359 252
763 4302 868 4359 est
898 4316 939 4358 a
966 4301 1157 4358 recto
1192 4295 1373 4359 Κόωε
1408 4345 1419 4369 ,
1468 4296 1842 4383 eodemque
1883 4299 2084 4362 modo
2129 4302 2340 4385 scrip-

146 4379 273 4444 tum
293 4384 359 4447 in
384 4386 723 4455 Ciceronis
754 4391 842 4456 ad
863 4392 1159 4456 Atticum
1187 4394 1618 4477 epistularum
1645 4394 1817 4460 libro
1844 4419 1933 4470 xx,
1952 4397 2008 4471 9,
2027 4395 2098 4460 2:
2123 4418 2345 4482 neque
