2840 5008
1179 372 1273 441 111
2220 371 2347 439 101

87 552 377 617 omnibus
405 571 574 618 ,esse
603 550 806 635 igitur
834 556 1013 612 totas
1046 546 1339 611 dicemus
1368 546 1437 608 in
1466 546 1593 609 illis

26 688 49 731 5
85 667 419 755 particulis
452 663 765 728 animas?
789 670 860 727 at
890 684 969 725 ea
995 662 1253 725 ratione
1283 667 1607 745 sequetur

88 805 269 847 unam
300 781 719 845 animantem
748 778 999 841 animas
1027 775 1344 840 habuisse
1373 776 1442 838 in
1473 796 1759 861 corpore
1788 776 2028 838 multas

85 917 228 981 ergo
262 895 563 959 divisast
593 914 673 956 ea
702 914 872 976 quae
900 891 1028 955 fuit
1054 911 1187 953 una
1215 891 1406 954 simul
1435 912 1583 954 cum

86 1023 394 1097 corpore3
421 1030 565 1093 qua
595 1014 876 1093 propter
903 1006 1183 1070 mortale
1212 1013 1569 1090 utrumque
1598 1004 2063 1091 putandumst,

83 1127 141 1189 in
164 1125 407 1188 multas
445 1122 763 1207 quoniam
793 1121 1004 1206 partis
1034 1118 1381 1184 disciditur
1411 1141 1654 1204 aeque.

28 1260 49 1303 ο
156 1240 526 1330 Praeterea
555 1238 611 1299 si
641 1236 1002 1299 inmortalis
1033 1243 1270 1300 natura
1300 1235 1538 1299 animai

87 1361 339 1418 constat
371 1360 443 1416 et
475 1353 548 1415 in
580 1372 826 1436 corpus
855 1352 1282 1415 nascentibus
1311 1350 1712 1427 insinuatur,

86 1445 189 1531 cur
217 1490 427 1553 super
460 1475 625 1531 ante
656 1474 868 1529 actam
897 1474 1182 1531 aetatem
1213 1466 1581 1529 meminisse
1610 1467 1986 1551 nequimuS‚

84 1605 192 1645 nec
218 1583 517 1668 vestigia
545 1590 883 1667 gestarum
912 1602 1129 1644 rerum
1160 1581 1295 1643 ulla
1322 1581 1670 1644 tenemus?

84 1719 216 1760 nam
244 1698 298 1759 si
330 1705 535 1760 tanto
569 1704 841 1781 operest
870 1695 1067 1759 animi
1098 1703 1353 1759 mutata
1382 1704 1716 1781 potestas),

27 1828 47 1871 5
83 1813 273 1874 omnis
303 1819 381 1873 ut
414 1818 721 1874 actarum
750 1808 1072 1873 exciderit
1099 1809 1453 1874 retinentia
1479 1829 1734 1879 rerum,

86 1948 237 2000 non,
258 1935 336 1990 ut
367 1926 619 2011 opinor
638 1974 653 1999 ‚
674 1923 745 1987 id
775 1946 815 1987 a
845 1925 977 1988 leto
1007 1925 1137 1986 iam
1169 1924 1452 2004 longiter
1484 1928 1691 1994 errat3

90 2062 206 2123 qua
233 2047 524 2125 propter
553 2038 807 2103 fateare
836 2042 1177 2102 necessest
1207 2054 1376 2117 quae
1404 2032 1530 2096 fuit
1559 2043 1713 2098 ante

87 2155 400 2218 interiisse
421 2204 436 2229 ‚
463 2162 532 2217 et
564 2175 736 2238 quae
766 2173 939 2214 nunc
971 2157 1075 2212 est
1103 2169 1279 2211 nunc
1310 2169 1457 2210 esse
1489 2158 1806 2213 creatam.

156 2269 523 2333 Praeterea
551 2269 608 2330 si
635 2269 762 2329 iam
789 2262 1091 2348 perfecto
1125 2284 1409 2349 corpore
1440 2263 1633 2327 nobis

19 2397 54 2442 30
89 2383 298 2446 inferri
328 2383 601 2447 solitast
630 2378 823 2443 animi
851 2379 1080 2441 vivata
1108 2385 1408 2463 potestas

89 2506 212 2560 tum
240 2520 390 2561 cum
423 2493 751 2581 gignimur
781 2500 848 2557 et
876 2492 1052 2557 vitae
1084 2515 1230 2556 cum
1261 2492 1456 2557 limen
1485 2494 1750 2571 inimus,

89 2611 251 2675 haud
278 2612 375 2674 ita
408 2608 850 2672 conveniebat
876 2609 972 2671 uti
1004 2630 1152 2671 cum
1182 2630 1469 2693 corpore
1501 2617 1568 2672 et
1595 2632 1729 2674 una

89 2747 220 2788 cum
245 2723 563 2788 membris
593 2721 899 2786 videatur
926 2723 993 2785 in
1022 2723 1170 2807 ipso
1201 2723 1521 2807 sanguine
1554 2745 1808 2798 cresse,

90 2837 197 2901 sed
223 2840 330 2903 vel
358 2839 535 2902 utin
567 2858 771 2900 cavea
797 2859 919 2924 per
948 2859 1020 2900 se
1050 2838 1173 2902 sibi
1202 2839 1428 2901 vivere
1457 2838 1664 2901 solam

19 2966 53 3011 35
90 2954 385 3016 convenit
404 3001 419 3027 ‚
439 2961 519 3015 ut
548 2972 749 3014 sensu
779 2973 1023 3037 corpus
1053 2960 1275 3016 tamen
1306 2960 1535 3016 arceat
1565 2975 1790 3017 omne.

19 3078 55 3126 90
89 3067 255 3151 quod
280 3068 427 3131 fieri
455 3074 673 3130 totum
705 3072 938 3128 contra
966 3066 1314 3129 manifesta
1346 3065 1551 3130 docet
1579 3089 1715 3131 res:

94 3203 359 3267 namque
395 3182 491 3244 ita
520 3201 779 3244 conexa
810 3188 912 3244 est
941 3203 1062 3266 per
1091 3202 1295 3244 venas
1328 3182 1587 3245 viscera
1614 3203 1860 3246 nervos

95 3316 359 3381 ossaque
379 3346 394 3371 ‚
417 3296 518 3359 uti
548 3293 786 3357 dentes
817 3315 1087 3378 quoque
1116 3316 1317 3358 sensu
1347 3296 1861 3382 participenturg

97 3430 336 3474 morsus
364 3418 442 3474 ut
469 3407 724 3472 indicat
743 3457 757 3482 ‚
781 3416 847 3472 et
874 3408 1113 3494 gelidai
1143 3409 1439 3494 stringor
1468 3411 1693 3494 aquai,

98 3530 155 3584 et
177 3523 338 3609 lapis
370 3544 732 3610 expressus
763 3524 1031 3588 subiens
1064 3545 1099 3586 e
1127 3523 1428 3609 frugibus
1460 3545 1685 3610 asper.

19 3649 58 3693 86
95 3658 280 3720 quare
310 3639 509 3701 etiam
539 3645 742 3722 atque
771 3639 964 3703 etiam
993 3659 1212 3722 neque
1242 3638 1514 3722 originis
1545 3660 1692 3702 esse
1721 3637 2158 3723 putandumst

97 3753 370 3836 expertis
402 3751 655 3816 animas
685 3773 807 3815 nec
835 3752 950 3815 leti
977 3752 1125 3837 lege
1155 3752 1444 3815 solutas:

97 3884 228 3927 nam
254 3888 474 3951 neque
504 3873 696 3929 tanto
728 3888 932 3951 opere
962 3865 1226 3929 adnecti
1255 3867 1557 3951 potuisse
1586 3864 2022 3951 putandumst

98 3982 473 4065 corporibus
501 3981 755 4044 nostris
786 3981 1202 4044 extrinsecus
1229 3981 1602 4043 insinuatas
1623 4029 1637 4055 ‚

1431 4106 1456 4123 Q

102 4178 185 4227 665
221 4179 413 4232 animas
448 4180 552 4233 bie.
608 4179 629 4246 ΙΙ
682 4185 781 4232 674
819 4197 985 4249 opere
1019 4180 1228 4234 animist
1279 4180 1299 4248 11
1361 4185 1460 4233 676
1498 4180 1562 4231 ab
1616 4178 1636 4249 ΙΙ
1692 4180 1902 4249 longius
1965 4181 1985 4247 ΙΙ
2047 4184 2143 4231 680
2180 4179 2338 4231 solita

101 4259 288 4312 animist
339 4262 359 4329 ΙΙ
414 4266 512 4313 685
553 4261 715 4314 afluat
759 4262 780 4333 fl
831 4268 923 4315 691
967 4265 1170 4315 viscera
1203 4279 1300 4332 pei·
1335 4279 1497 4314 venas
1552 4263 1571 4330 ΙΙ
1630 4269 1725 4314 693
1765 4261 1990 4315 Morbus
2039 4262 2058 4327 ΙΙ
2110 4277 2267 4329 aque.
2316 4260 2336 4328 ΙΙ

105 4343 190 4393 694
227 4360 513 4414 oppressus
552 4345 743 4396 subitis
