2840 5008
502 415 592 480 44
1401 411 1405 415 ’
1596 417 1657 483 11

498 588 887 650 consociare
920 587 1112 650 etiam
1142 595 1362 651 motus
1395 597 1675 674 potuere
1705 599 2009 675 recepta.

496 702 679 764 cuius
699 751 714 777 ,
736 703 833 764 uti
864 723 1155 765 memoro
1176 751 1190 777 ,
1213 704 1309 765 rei
1339 704 1758 767 simulacrum
1792 712 1857 767 et
1883 707 2099 790 imago

497 823 653 879 ante
684 817 914 879 oculos
945 838 1204 901 semper
1234 818 1428 880 nobis
1457 827 1763 882 versatur
1795 827 1862 881 et
1889 821 2123 882 instat.

497 930 983 1015 contemplator
1014 932 1182 993 enim
1203 980 1216 1006 ,
1243 953 1388 994 cum
1420 933 1578 995 solis
1606 933 1853 995 lumina
1884 954 2162 1017 cumque

357 1062 448 1105 115
492 1045 725 1107 inserti
750 1044 1040 1108 fundunt
1067 1043 1237 1107 radii
1266 1068 1386 1130 per
1418 1068 1631 1136 opaca
1672 1046 2050 1110 domorum:

495 1159 701 1222 multa
729 1158 979 1222 minuta
1007 1159 1222 1222 modis
1251 1161 1473 1224 multis
1504 1182 1624 1246 per
1653 1163 1847 1224 inane
1877 1161 2134 1226 videbis

497 1296 786 1358 corpora
811 1275 1104 1349 misceri,
1127 1274 1467 1339 radiorum
1496 1275 1737 1338 lumine
1766 1276 1834 1338 in
1861 1277 2010 1360 ipso
2026 1326 2039 1350 ,

497 1397 563 1452 et
591 1389 698 1452 vel
725 1396 804 1452 ut
832 1396 1103 1452 aeterno
1137 1390 1491 1451 certamine
1525 1391 1777 1476 proelia
1807 1410 2064 1474 pugnas

497 1503 694 1567 edere
725 1503 1053 1565 turmatim
1085 1504 1408 1566 certantia
1437 1525 1561 1567 nec
1594 1503 1754 1567 dare
1783 1522 2086 1589 pausam,

355 1635 449 1679 120
495 1618 788 1680 conciliis
821 1627 888 1680 et
918 1616 1209 1679 discidiis
1242 1619 1537 1681 exercita
1568 1620 1849 1695 crebris3

497 1732 800 1794 conicere
830 1739 904 1794 111,
934 1733 1152 1816 possis
1186 1754 1269 1794 ex
1296 1732 1430 1795 hoc
1450 1781 1463 1807 ,
1489 1732 1855 1817 primordia
1883 1754 2102 1795 rerum

497 1847 690 1929 quale
720 1847 801 1908 sit
832 1847 900 1909 in
928 1867 1165 1930 magno
1197 1846 1431 1910 iactari
1461 1868 1721 1932 semper
1750 1848 1958 1913 inani.

495 1959 649 2023 dum
678 1967 867 2024 taxat
885 2010 899 2035 ,
923 1983 1141 2024 rerum
1174 1983 1569 2045 magnarum*
1590 1983 1800 2046 parva
1829 1969 2056 2046 potest
2083 1942 2190 2024 res

495 2075 869 2161 exemplare
901 2075 1060 2139 dare
1093 2083 1160 2138 et
1188 2077 1467 2160 vestigia
1496 2076 1778 2161 notitiai.

354 2205 446 2249 125
491 2189 625 2251 hoc
658 2191 851 2252 etiam
881 2191 1088 2274 magis
1118 2190 1287 2252 haec
1319 2192 1600 2253 animum
1633 2199 1700 2254 te
1732 2190 2085 2253 advertere
2116 2213 2237 2275 par
2270 2199 2374 2253 est

495 2326 781 2390 corpora
811 2326 981 2387 quae
1009 2306 1078 2366 in
1107 2305 1265 2367 solis
1297 2303 1499 2366 radiis
1529 2296 1803 2368 turbare
1834 2303 2173 2379 videntur,

496 2418 683 2504 quod.
711 2420 879 2482 tales
911 2420 1146 2483 turbae
1177 2427 1396 2482 motus
1432 2398 2029 2503 quoquemateriai

495 2535 866 2619 significant
896 2534 1346 2599 clandestinos
1379 2556 1752 2618 caecosque
1782 2536 2085 2598 subesse.

492 2651 699 2713 multa
725 2648 983 2714 videbis
1018 2650 1187 2712 enim
1218 2651 1428 2735 plagis
1458 2652 1548 2715 ibi
1580 2650 1834 2735 percita
1865 2650 2079 2711 caecis

354 2780 447 2824 130
493 2776 896 2826 commutare
929 2764 1099 2826 viam
1128 2774 1446 2848 retroque
1476 2765 1745 2849 repulsa
1773 2763 2052 2836 reverti,

493 2899 670 2942 1111116
697 2877 830 2939 huc
860 2899 1035 2938 nunc
1064 2878 1216 2940 illuc
1237 2880 1340 2953 ,in
1372 2887 1647 2941 cunctas
1678 2878 1975 2961 undique
2005 2878 2244 2961 partis.

490 2992 744 3053 scilicet
764 3040 778 3065 ,
800 2991 908 3054 hic
939 3012 977 3053 a
1008 2991 1342 3076 principiis
1376 3000 1478 3054 est
1507 2993 1809 3056 omnibus
1842 3013 2059 3054 error.

492 3106 704 3191 prima
731 3113 1085 3167 moventur
1116 3106 1283 3167 enim
1313 3128 1435 3194 per
1464 3128 1536 3185 se
1566 3083 1934 3193 primordia
1957 3127 2205 3168 rerum:

396 3267 401 3272 .
491 3219 647 3282 inde
680 3242 758 3283 ea
787 3241 958 3304 quae
991 3242 1198 3305 parvo
1230 3229 1388 3285 sunt
1418 3244 1705 3307 corpora
1735 3221 2087 3284 conciliatu

353 3352 445 3397 135
494 3343 560 3397 et
591 3336 780 3418 quasi
807 3336 1110 3420 proxima
1140 3343 1296 3399 sunt
1327 3336 1416 3399 ad.
1447 3338 1606 3401 viris
1639 3336 2140 3422 principiorum,

490 3450 730 3513 ictibus
758 3451 1017 3513 illorum
1049 3452 1261 3514 caecis
1290 3452 1554 3538 inpulsa
1587 3453 1871 3524 cientur,

490 3564 770 3651 ipsaque
800 3588 1133 3651 proporro
1165 3567 1364 3650 paulo
1393 3566 1645 3628 maiora
1674 3567 2036 3628 lacessunt.

490 3682 587 3742 sic
618 3702 656 3743 a
683 3680 1024 3764 principiis
1057 3679 1609 3743 ascendit-motus
1644 3688 1712 3743 et
1742 3680 1875 3741 exit

492 3795 807 3880 paulatim
837 3801 1109 3857 nostros
1142 3793 1230 3856 ad
1259 3816 1495 3857 sensus
1516 3844 1531 3869 ,
1554 3802 1631 3857 ut
1658 3801 2049 3857 moveantur

352 3927 445 3972 140
489 3910 599 3971 illa
631 3929 898 3992 quoque
918 3909 1019 3982 ,in
1050 3910 1208 3971 solis
1242 3931 1411 3993 quae
1445 3910 1681 3973 lumine
1714 3930 1985 3972 cernere
2018 3909 2273 3992 quimus

491 4045 613 4085 nec
648 4024 884 4106 quibus
914 4021 986 4084 id
1012 4022 1258 4087 faciant
1288 4025 1503 4109 plagis
1535 4033 1818 4109 apparet
1848 4031 2106 4107 aperte.

573 4136 769 4200 Nunc
801 4158 974 4220 quae
1002 4140 1334 4203 mobilitas
1366 4139 1452 4200 sit
1481 4137 1751 4201 reddita
1778 4138 2076 4200 materiai

501 4381 593 4435 112
631 4401 896 4437 memoror
934 4386 952 4452 ΙΙ
992 4384 1268 4436 simulacra
1303 4387 1321 4453 Η
1370 4392 1466 4436 134
1501 4383 1803 4437 conciliata.
1843 4383 1862 4450 ΙΙ
1907 4389 1999 4434 136
2039 4384 2273 4450 gientur.
2314 4382 2332 4450 Η
2378 4386 2469 4433 137
2511 4398 2671 4451 porro
