2840 5008
1154 415 1223 481 V
2180 419 2314 486 197

44 606 47 607 ’
76 590 421 678 corripiunt
452 589 681 681 divum
707 588 1012 673 percussi
1040 591 1338 654 membra
1364 591 1636 666 timore,

23 681 37 697 ’
73 705 297 792 nequid
327 707 416 770 ob
450 704 812 769 admissum
840 702 1042 767 foede
1073 703 1404 770 dictumve
1436 707 1724 792 superbe

19 840 50 886 ¹5
70 843 413 908 poenarum
445 841 652 906 grave
681 821 770 884 sit
797 819 1104 883 solvendi
1130 828 1393 906 tempus
1426 820 1774 897 adultum?

74 956 298 1000 summa
329 935 529 999 etiam
560 957 709 999 cum
737 935 837 998 vis
866 934 1142 999 violenti
1169 944 1504 1020 per'mare
1532 938 1718 1003 venti

71 1049 599 1136 induperatorem
629 1026 856 1113 classis
887 1072 1090 1136 super
1120 1038 1418 1136 aequora
1444 1053 1654 1118 verrit

72 1186 196 1228 cum
221 1163 463 1229 validis
491 1165 746 1255 pariter
772 1166 1143 1251 legionibus
1174 1174 1378 1252 atque
1409 1166 1780 1252 elephantis
1798 1218 1813 1243 ‚

68 1301 181 1343 non
212 1279 437 1344 divom
466 1302 704 1365 pacem
730 1281 905 1346 votis
937 1280 1079 1345 adit
1108 1302 1186 1345 ac
1215 1303 1418 1368 prece
1450 1283 1711 1367 quaesit

19 1404 51 1456 to
75 1395 444 1478 [ventorum
473 1394 762 1481 pavidus
790 1418 993 1482 paces
1024 1386 1408 1483 animasque
1441 1396 1810 1482 secundas]
1832 1448 1848 1473 ,

70 1510 139 1572 ne
166 1510 481 1595 quiquam
499 1558 514 1586 ,
541 1513 851 1596 quoniam
879 1513 1177 1576 violento
1205 1512 1473 1576 turbine
1504 1494 1706 1598 saepe

72 1633 397 1710 correptus
426 1626 566 1689 nilo
597 1626 811 1691 fertur
838 1628 1054 1692 minus
1085 1627 1173 1690 ad
1201 1627 1379 1693 vada
1406 1627 1567 1692 leti?

70 1761 255 1824 usque
284 1740 460 1804 adeo
493 1761 603 1804 res
631 1741 958 1805 humanas
986 1742 1088 1806 vis
1119 1741 1351 1806 abdita
1381 1742 1713 1828 quaedam

20 1892 50 1937 3
71 1855 289 1940 opterit
307 1905 321 1931 ‚
347 1865 418 1920 et
447 1856 768 1943 pulchros
797 1856 997 1921 fascis
1027 1879 1400 1943 saevasque
1433 1879 1702 1922 secures

19 1970 48 2029 15
67 1970 433 2053 proculcare
466 1992 546 2035 ac
573 1971 1019 2063 ludibrio‘sibi
1044 1971 1297 2037 habere
1325 1973 1623 2037 videtur.

71 2083 327 2171 denique
359 2087 491 2151 sub
520 2086 804 2173 pedibus
833 2088 1032 2152 tellus
1063 2110 1212 2153 cum
1242 2096 1388 2153 tota
1416 2089 1688 2153 vacillat

71 2220 546 2288 concussaeque
577 2201 824 2266 cadunt
853 2204 1055 2267 urbes
1086 2203 1463 2288 dubiaeque
1491 2204 1822 2268 minantur
1839 2252 1854 2279 ‚

19 2324 35 2437 f
71 2315 208 2398 quid
233 2317 473 2381 mirum
490 2367 505 2393 ‚
530 2318 586 2381 si
616 2339 689 2382 se
718 2325 1026 2382 temnunt
1051 2318 1355 2382 morta-lia
1385 2319 1606 2383 saecla

20 2498 21 2503 η
70 2438 244 2516 atque
268 2433 632 2521 potestatis
661 2455 935 2521 magnas
964 2434 1298 2520 mirasque
1326 2435 1666 2521 relinqunt

19 2507 122 2650 *oin
144 2548 335 2613 rebus
365 2550 532 2615 viris
565 2549 789 2615 divum
807 2599 822 2626 ‚
847 2572 1018 2635 quae
1049 2556 1290 2614 cuncta
1317 2550 1736 2636 gubernent?

20 2663 23 2746 ξ
136 2660 323 2741 Quod
352 2686 560 2749 super
592 2672 695 2729 est
713 2714 727 2741 ,
752 2686 864 2729 aes
895 2674 1097 2751 atque
1128 2686 1361 2729 aurum
1387 2665 1774 2751 ferrumque
1802 2671 2211 2757 repertumst

71 2783 123 2838 et
146 2778 326 2841 simul
356 2780 618 2865 argenti
647 2780 916 2865 pondus
946 2781 1332 2867 plumbique
1362 2788 1696 2866 potestaS‚

67 2888 209 2973 ignis
236 2894 348 2957 ubi
375 2894 670 2980 ingentis
701 2896 902 2959 silvas
934 2895 1178 2960 ardore
1209 2904 1539 2960 cremarat

66 3008 374 3073 montibus
404 3010 477 3073 in
504 3010 759 3095 magnis
779 3058 794 3085 ‚
818 3019 937 3074 s'eu
967 3011 1151 3075 caelo
1180 3011 1450 3075 fulmine
1479 3011 1709 3087 misso,

19 3103 180 3194 &sive
208 3124 391 3208 quod
420 3125 598 3188 inter
627 3146 700 3189 se
728 3125 972 3188 bellum
1000 3127 1307 3191 silvestre
1336 3134 1648 3212 gerentes

66 3233 342 3303 hostibus
369 3239 740 3304 intulerant
764 3240 985 3326 ignem
1012 3239 1382 3304 formidinis
1414 3262 1574 3326 ergo
1598 3289 1612 3315 ‚

65 3349 181 3414 sive
209 3354 394 3438 quod
420 3354 679 3419 inducti
708 3362 927 3420 terrae
956 3354 1263 3419 bonitate
1293 3355 1613 3420 volebant

63 3466 330 3547 pandere
361 3492 565 3557 agros
593 3470 859 3557 pinguis
892 3478 959 3534 et
985 3492 1238 3557 pascua
1265 3469 1555 3535 reddere
1582 3493 1772 3546 rura,

67 3580 185 3646 sive
209 3584 385 3650 feras
416 3584 792 3650 interficere
826 3593 892 3650 et
924 3585 1254 3651 ditescere
1285 3585 1570 3672 praeda:

19 3701 45 3754 50
63 3715 193 3761 nam
216 3698 414 3766 fovea
443 3707 649 3786 atque
675 3702 813 3788 igni
841 3702 1028 3788 prius
1061 3709 1163 3766 est
1192 3702 1498 3766 venarier
1528 3708 1748 3766 ortum

68 3830 238 3894 quam
268 3816 531 3902 saepire
558 3817 775 3903 plagis
807 3818 1048 3881 saltum
1080 3818 1489 3902 canibusque
1520 3817 1694 3880 ciere
1713 3863 1728 3878 .

69 3927 367 4015 quidquid
394 3929 469 3995 id
500 3939 603 3995 est
621 3981 637 4009 ‚
664 3954 796 4017 qua
826 3954 1109 4018 cumque
1140 3954 1175 3996 e
1207 3953 1408 3996 causa
1435 3932 1776 3996 flammeus
1808 3930 2011 3997 ardor

77 4242 187 4292 1224
217 4243 449 4315 Nequod
483 4245 505 4317 ΙΙ
548 4254 675 4300 1225
714 4247 1018 4301 adauctum.
1058 4246 1079 4317 ΙΙ
1120 4252 1249 4299 1226
1277 4245 1495 4300 Summe
1530 4247 1550 4318 ΙΙ
1594 4254 1723 4301 1229
1760 4266 1792 4299 a
1828 4245 1847 4316 ΙΙ
1890 4252 2016 4298 1232
2056 4243 2256 4314 aquada
2283 4244 2303 4312 Η

82 4326 190 4457 12ῗὲ
223 4329 297 4381 sui
350 4330 372 4398 ΙΙ
429 4338 559 4384 1241
601 4340 684 4385 est
719 4349 884 4402 aeque
938 4332 958 4402 ΙΙ
1020 4336 1147 4384 1243
1186 4330 1360 4401 gentis
1409 4332 1429 4400 ΙΙ
1484 4338 1612 4385 1248
1647 4332 1873 4402 panguis
1911 4329 1932 4397 Η
1972 4333 2098 4381 1252
2140 4325 2340 4388 Quic-·

79 4418 152 4470 qm
1403 4419 1405 4421 -
1857 4421 1862 4424 .
