2840 5008
484 375 619 442 176
1576 376 1638 440 V

474 561 672 634 qu’am
692 597 707 624 ,
728 549 980 613 nostris
1011 548 1218 612 oculis
1251 569 1383 632 qua
1413 533 1776 625 (301·111111118,1
1801 571 1949 614 esse
1979 550 2275 615 videtur.

475 685 625 726 nam
654 662 839 748 prius
871 663 1091 725 omnia
1109 711 1124 737 ,
1148 684 1319 747 quae
1349 664 1552 749 longe
1579 672 1839 728 semota
1867 673 2129 728 tuemur

332 796 427 842 580
473 785 629 842 aera
657 798 778 863 per
806 777 1081 841 multum
1101 825 1116 852 ,
1139 778 1362 861 specie
1388 778 1677 842 ‘confusa
1705 778 2022 843 videntur

475 914 674 977 quam
700 891 903 955 minui
930 892 1108 955 filum
1128 941 1141 954 .
1169 913 1301 976 qua
1328 901 1609 979 propter
1638 894 1797 957 luna
1825 916 2101 960 necesse
2132 906 2263 973 est,

475 1005 1019 1092 quandoquidem
1050 1007 1294 1070 claram
1325 1008 1615 1091 speciem
1643 1019 2024 1093 certamque
2053 1012 2329 1096 figuram

473 1123 785 1209 praebet,
809 1129 883 1185 ut
913 1130 1018 1185 est
1048 1121 1182 1185 oris
1214 1122 1526 1185 extremis
1558 1144 1839 1207 cumque
1870 1133 2106 1189 notata

476 1245 859 1323 quantaque
888 1244 1207 1321 quantast
1233 1236 1390 1300 hinc
1420 1238 1616 1302 nobis
1644 1237 1953 1302 videatur
1979 1239 2047 1301 111
2078 1240 2243 1304 alto.

329 1369 423 1416 585
468 1359 812 1439 postremo
844 1374 1015 1436 quos
1047 1373 1328 1435 cumque
1359 1350 1549 1415 vides
1578 1351 1735 1415 hinc
1765 1353 2054 1416 aetheris
2083 1355 2307 1440 igneS‚
2399 1399 2408 1404 -

472 1464 1019 1552 quandoquidem
1048 1487 1220 1550 quos
1251 1488 1546 1551 cumque
1563 1467 1632 1529 in
1660 1468 1858 1530 terris
1887 1469 2215 1546 cernimu'‚
2238 1471 2538 1535 flammae

475 1581 629 1645 dum
659 1589 911 1645 tremor
942 1587 1045 1643 est
1074 1579 1294 1644 clarus
1314 1631 1328 1654 ‚
1355 1580 1513 1644 dum
1545 1583 1838 1646 cernitur
1867 1581 2071 1647 ardor
2102 1605 2360 1660 eorum,

470 1717 873 1780 perparvom
906 1694 1223 1779 quiddam
1249 1696 1424 1759 inter
1456 1694 1611 1759 dum
1642 1709 1896 1760 mutare
1926 1697 2191 1761 videtur

470 1809 744 1874 alteram
774 1818 991 1874 utram
1017 1811 1086 1872 in
1115 1817 1371 1897 partem
1401 1812 1583 1874 filum
1601 1859 1616 1886 ,
1642 1832 1775 1895 quo
1806 1812 2069 1897 longius
2101 1815 2376 1888 absunt,

329 1941 425 1987 594
469 1925 640 1988 scire
668 1925 826 1988 licet
854 1945 1176 2010 perquam
1207 1926 1500 2009 pauxillo
1534 1947 1734 2011 posse
1765 1926 2053 1991 minores

472 2060 618 2102 esse
647 2040 756 2102 vel
787 2040 1026 2125 exigua
1054 2040 1322 2103 maioris
1351 2046 1544 2125 parte
1573 2031 1929 2123 brevique.

258 2141 267 2156 ⁸
327 2169 422 2216 590
547 2153 721 2218 Illud
751 2155 907 2218 item
936 2177 1074 2218 non
1106 2164 1210 2219 est
1236 2153 1609 2217 mirandum
1630 2203 1643 2228 ‚
1669 2176 1803 2238 qua
1831 2156 2086 2219 ratione

466 2269 762 2333 tantulus
791 2269 900 2332 ille
933 2278 1138 2353 queat
1164 2276 1425 2333 tantum
1454 2269 1558 2333 sol
1587 2269 1846 2336 mittere
1874 2270 2123 2345 lumen,

468 2383 653 2468 quod
683 2383 891 2445 maria
920 2404 999 2445 ac
1029 2392 1244 2447 terras
1275 2384 1487 2446 omnis
1520 2384 1907 2468 caelumque
1936 2383 2217 2468 rigando

466 2499 799 2585 compleat
829 2506 896 2562 et
925 2496 1143 2563 calido
1174 2496 1540 2584 perfundat
1569 2507 1810 2562 cuncta
1837 2520 2091 2585 vapore
2110 2548 2123 2561 .

324 2628 418 2675 597
464 2635 619 2677 113111
648 2614 802 2677 licet
831 2612 986 2676 hinc
1015 2612 1243 2696 mundi
1271 2613 1680 2699 patefactum
1709 2615 1917 2678 totius
1948 2602 2151 2676 unum

352 2711 356 2714 ’
462 2727 831 2810 largifluum
859 2727 1113 2792 fontem
1144 2736 1404 2793 scatere
1436 2736 1639 2812 atque
1671 2750 2015 2814 erumpere
2044 2729 2295 2803 lumen,

465 2862 550 2904 ex
579 2842 755 2903 omni
783 2841 1030 2906 mundo
1064 2843 1220 2927 quia
1248 2842 1345 2905 sic
1376 2842 1703 2930 elementa
1733 2844 2001 2927 vaporis

319 2970 417 3018 600
461 2954 758 3039 undique
791 2957 1198 3020 conveniunt
1229 2963 1297 3020 et
1325 2957 1423 3019 sic
1454 2956 1793 3020 coniectus
1825 2978 2051 3021 eorum

462 3058 736 3134 coufluit
753 3119 768 3146 ,
793 3091 877 3133 ex
903 3093 1038 3134 uno
1072 3071 1289 3157 capite
1318 3069 1429 3132 hic
1457 3077 1532 3134 ut
1560 3071 1853 3156 profluat
1881 3069 2111 3134 ardor.

460 3206 681 3248 nonne
709 3183 902 3248 vides
934 3186 1129 3249 etiam
1160 3207 1358 3270 quam
1387 3183 1520 3248 late
1551 3206 1798 3268 parvus
1829 3187 2026 3270 aquai

461 3308 657 3383 prata
684 3299 857 3383 riget
885 3298 1037 3362 fons
1066 3301 1240 3364 inter
1273 3298 1429 3362 dum
1462 3301 1844 3384 campisque
1873 3298 2258 3363 redundet?

461 3422 564 3478 est
595 3415 790 3477 etiam
820 3435 1091 3498 quoque
1120 3415 1217 3478 uti
1245 3435 1384 3477 11011
1413 3436 1652 3499 magno
1684 3415 1842 3478 solis
1873 3415 1956 3478 ab
1988 3414 2122 3500 igni

315 3542 412 3589 605
459 3533 615 3592 aera
643 3529 970 3614 percipiat
999 3528 1230 3592 calidis
1260 3528 1637 3592 fervoribus
1668 3528 1900 3605 ardor,

458 3652 880 3728 opportunus
911 3644 1005 3706 ita
1036 3651 1140 3706 est
1167 3643 1224 3706 si
1250 3643 1426 3706 forte
1458 3651 1523 3707 et
1550 3643 1832 3707 idoneus
1864 3649 2005 3715 aer,

457 3764 531 3820 ut
560 3765 765 3841 queat
794 3757 1068 3821 accendi
1096 3759 1321 3843 parvis
1352 3758 1705 3822 ardoribus
1733 3759 1936 3832 ictus3

458 3871 645 3955 quod
674 3894 884 3958 genus
915 3874 1090 3936 inter
1121 3873 1273 3936 dum
1308 3881 1572 3957 segetes
1604 3873 2047 3958 stipulamque
2077 3870 2379 3936 videmus

460 4190 556 4237 580
594 4186 740 4236 Aere
777 4185 796 4255 ΙΙ
837 4191 928 4236 581
974 4187 1042 4236 mi
1081 4184 1099 4253 ΙΙ
1138 4191 1235 4237 584
1277 4186 1488 4248 Quanta
1523 4205 1732 4256 quoque
1768 4195 2015 4256 quantast
2073 4187 2092 4255 ΙΙ
2148 4191 2245 4237 586
2283 4185 2527 4237 flammae
2560 4192 2689 4237 omis-

456 4287 592 4321 sum.
647 4268 666 4337 ΙΙ
724 4274 820 4319 587
863 4276 947 4320 est
980 4275 1248 4320 omissum.
1306 4268 1324 4337 ΙΙ
1379 4276 1476 4322 589
1514 4271 1677 4324 absit.
1734 4272 1752 4341 ΙΙ
1810 4277 1904 4322 595
1943 4279 2096 4340 perte
2133 4271 2151 4337 ΙΙ
2191 4273 2523 4319 596=584.
2560 4269 2577 4335 Η
2611 4269 2689 4317 599

458 4367 683 4419 vapore.
721 4351 741 4419 Η
781 4356 877 4402 605
918 4350 1199 4429 percipitat
1236 4349 1257 4420 ΙΙ
1296 4357 1393 4402 606
1433 4353 1533 4404 sita
1574 4362 1655 4406 est
