2840 5008
1242 367 1307 432 V
2266 369 2395 435 171

123 565 293 629 quae
327 563 624 627 cumque
653 543 829 605 inter
859 563 930 604 se
961 550 1245 627 possent
1275 562 1641 625 congressa
1670 535 1928 614 creare,

129 666 501 744 propterea
528 658 606 720 fit
635 658 735 720 uti
762 677 1071 741 magnum
1097 656 1368 741 volgata
1396 677 1517 741 per
1548 676 1783 718 aevom

131 794 325 837 omne
357 793 576 857 genus
609 779 842 834 coetus
875 779 941 833 et
968 777 1188 833 motus
1224 769 1643 855 experiundo

134 886 412 949 tandem
442 886 850 949 conveniant
880 906 958 947 ea
989 906 1159 969 quae
1191 893 1519 947 convecta
1545 892 1825 969 repente

24 1019 97 1063 430
134 1021 529 1086 magnarum
556 1021 779 1062 rerum
809 1000 978 1062 fiunt
1008 997 1286 1062 exordia
1316 1019 1579 1084 semper
1598 1047 1613 1073 ,

136 1116 337 1177 terrai
368 1115 572 1176 maris
604 1123 671 1177 et
701 1114 865 1177 caeli
894 1114 1292 1198 generisque
1323 1113 1761 1175 animantum.

218 1228 351 1291 Hic
380 1250 603 1313 neque
632 1237 774 1291 tum
804 1229 962 1292 solis
991 1236 1144 1290 rota
1173 1227 1353 1289 cerni
1383 1226 1625 1289 lumine
1653 1227 1842 1312 largo

144 1342 493 1406 altivolans
523 1350 796 1427 poterat
823 1364 947 1405 nec
976 1342 1197 1427 magni
1227 1340 1452 1404 sidera
1479 1340 1706 1404 mundi

145 1478 264 1519 nec
295 1479 474 1521 mare
503 1479 633 1520 nec
664 1457 916 1520 caelum
946 1478 1069 1519 nec
1102 1455 1389 1540 denique
1418 1464 1603 1519 terra
1631 1478 1853 1541 neque
1883 1464 1996 1521 aer

39 1586 112 1631 435
150 1593 271 1634 nec
304 1572 528 1634 similis
557 1572 808 1635 nostris
837 1572 1040 1635 rebus
1069 1592 1179 1633 res
1208 1570 1343 1632 ulla
1371 1569 1612 1645 videri,

150 1684 268 1748 sed
298 1707 474 1750 nova
504 1695 871 1773 tempestas
903 1684 1230 1770 quaedam
1258 1686 1602 1770 molesque
1632 1694 1867 1750 coorta

42 1815 113 1859 440
152 1822 341 1862 omne
369 1822 581 1885 genus
614 1799 699 1863 de
729 1801 1067 1886 principiis
1088 1849 1102 1874 ‚
1127 1798 1466 1863 discordia
1497 1822 1777 1884 quorum

22 1973 25 2042 ἴ
150 1914 497 1978 intervalla
528 1917 672 1978 vias
705 1936 1001 1978 conexus
1030 1914 1334 2002 pondera
1365 1915 1597 1999 plagas

22 2107 23 2112 η
155 2050 512 2093 concursus
542 2039 764 2093 motus
793 2030 1110 2093 turbabat
1140 2030 1394 2114 proelia
1422 2030 1737 2103 miscenS‚

22 2141 27 2332 ν
154 2150 425 2227 propter
455 2142 789 2207 dissimilis
817 2143 1069 2207 formas
1097 2144 1451 2228 variasque
1480 2144 1727 2228 figuras

158 2256 335 2339 quod
361 2279 497 2320 non
531 2259 749 2321 omnia
779 2259 874 2321 sic
903 2251 1225 2345 poterant
1253 2259 1615 2322 coniuncta
1641 2280 1909 2322 manere

22 2357 118 2525 ,445
155 2391 274 2434 1166
300 2379 516 2436 motus
545 2374 720 2436 inter
749 2394 899 2437 sese
931 2372 1093 2436 dare
1125 2374 1613 2436 convenientis,

51 2497 121 2544 437
162 2484 469 2573 diffugere
498 2487 656 2552 inde
683 2489 815 2552 loci
843 2495 1072 2575 partes
1104 2510 1386 2574 coepere
1406 2540 1422 2563 ‚
1444 2510 1778 2574 paresque

22 2536 27 2675 l
162 2623 300 2664 cum
327 2605 600 2688 paribus
627 2605 811 2688 iungi
838 2625 949 2667 res
979 2611 1046 2667 et
1076 2602 1455 2666 discludere
1483 2603 1802 2667 mundum

162 2719 574 2804 membraque
607 2718 907 2783 dividere
937 2727 1006 2782 et
1033 2739 1307 2804 magnas
1339 2717 1697 2804 disponere
1727 2727 1956 2805 partes
1975 2771 1989 2796 ,

58 2844 128 2890 446
164 2831 284 2896 hoc
314 2844 417 2898 est
435 2885 449 2910 ‚
472 2857 513 2898 a
541 2835 741 2898 terris
772 2835 975 2897 altum
1006 2854 1357 2896 secernere
1386 2834 1670 2906 caelum,

22 2970 23 3053 1
169 2957 227 3011 et
253 2971 509 3012 sorsum
536 2971 718 3012 mare
748 2951 842 3012 uti
873 2957 1133 3012 secreto
1165 2970 1397 3011 umore
1425 2955 1719 3033 pateret,

168 3084 421 3127 seorsus
450 3065 606 3127 item
636 3066 788 3150 puri
818 3064 1190 3147 secretique
1221 3062 1513 3126 aetheris
1543 3064 1760 3147 ignes,

239 3178 498 3264 Quippe
528 3180 770 3242 etenim
798 3179 1080 3264 primum
1108 3178 1314 3241 terrai
1345 3198 1634 3261 corpora
1664 3199 1970 3264 quaeque
1991 3231 2005 3254 ‚

63 3272 132 3350 456
166 3304 512 3377 propterea
542 3292 728 3378 quod
759 3300 950 3356 erant
978 3293 1209 3377 gravia
1239 3300 1305 3354 et
1333 3291 1687 3378 perplexa,
1712 3294 1984 3359 coibant

167 3406 224 3468 in
251 3407 467 3471 medio
498 3417 702 3492 atque
731 3409 895 3471 ima-s
927 3408 1280 3492 capiebant
1310 3407 1530 3470 omnia
1559 3406 1790 3486 sedes3

154 3536 321 3606 'quae
353 3530 608 3608 quanto
637 3523 846 3607 magis
875 3523 1049 3585 inter
1080 3544 1152 3585 se
1185 3522 1505 3607 perplexa
1536 3521 1807 3586 coibant
1828 3573 1842 3599 ,

167 3643 286 3700 tam
313 3639 522 3723 magis
555 3658 950 3723 expressere
982 3658 1061 3700 ea
1090 3658 1262 3721 quae
1290 3658 1471 3700 mare
1503 3635 1728 3700 sidera
1757 3639 1966 3703 solem

167 3736 506 3838 lunamque
538 3751 881 3816 efficerent
910 3760 977 3815 et
1005 3752 1226 3836 magni
1255 3752 1517 3815 moenia
1544 3751 1806 3841 mundi:

64 3879 133 3924 455
170 3869 368 3930 omnia
399 3868 570 3931 enim
598 3868 808 3952 magis
836 3867 1004 3929 haec
1036 3887 1071 3929 6
1098 3866 1358 3930 levibus
1390 3874 1596 3951 atque
1622 3866 1933 3931 rutundis

178 4188 261 4233 428
294 4184 625 4253 Omnigenus
680 4184 700 4252 ΙΙ
755 4188 854 4234 429
891 4188 1155 4234 conventa
1208 4180 1228 4250 ΙΙ
1262 4187 1382 4235 ⁷430
1419 4182 1592 4236 fluunt
1630 4182 1648 4253 ΙΙ
1686 4200 1871 4253 saepe.
1930 4184 1950 4252 ΙΙ
2005 4191 2098 4235 431
2143 4184 2348 4238 Terrae
2394 4188 2414 4254 ΙΙ

179 4271 258 4315 433
296 4266 417 4320 Alte
453 4266 641 4318 volans
713 4267 732 4334 ΙΙ
806 4273 906 4318 440
945 4266 1273 4334 Omnigenus
1313 4282 1341 4316 e
1412 4264 1433 4337 ΙΙ
1506 4274 1599 4318 441
1643 4268 1726 4319 via
1787 4267 1807 4334 Η
1867 4275 1964 4320 437
2004 4267 2166 4320 indue.
2223 4268 2243 4335 ΙΙ
2315 4275 2414 4320 439

22 4340 25 4445 >
181 4365 344 4416 magna
380 4350 399 4417 ΙΙ
437 4356 535 4402 447
578 4358 728 4402 umor
764 4347 784 4418 ΙΙ
825 4355 923 4400 449
960 4357 1137 4401 terrae

22 4452 27 4591 1

22 4668 25 4779 l
