2840 5008
463 310 600 379 128
733 405 742 413 ἰ
1153 391 1165 404 ,
1518 309 1644 377 1111

456 482 1005 573 quandoquidem*
1028 483 1268 569 longos
1298 483 1519 547 obitus
1552 490 1791 546 exorta
1817 484 2151 558 revisunt,

455 623 603 664 eum
631 619 983 686 permensa
1013 613 1148 661 suo'
1168 606 1326 662 sunt
1354 598 1606 662 eaelum
1638 619 1924 690 corpore
1954 599 2167 664 claro·

313 732 410 779 395
457 717 694 800 solque
722 713 870 800 pari
894 713 1157 786 ratione
1186 734 1453 777 manere
1485 721 1554 776 et
1581 714 1740 777 luna
1767 712 2081 777 videntur

456 833 524 895 in
553 830 875 909 statione,
901 850 980 892 ea
1009 849 1181 914 quae
1209 827 1369 892 ferri
1396 849 1508 892 res
1535 827 1787 891 indicat
1812 828 1986 913 ipsa.

461 953 729 1010 exstant
756 965 972 1029 usque
999 943 1237 1029 procul
1263 942 1483 1006 medio
1517 941 1602 1005 de
1631 943 1891 1028 gurgite
1919 944 2161 1006 montis
2178 993 2191 1017 ‚

462 1061 784 1125 elassibus
811 1060 985 1123 inter
1017 1080 1187 1143 quos
1218 1059 1382 1122 liber
1411 1065 1601 1145 patet
1629 1058 1847 1122 exitus
1875 1049 2138 1143 ingens:

457 1176 677 1241 insula
705 1174 1075 1247 coniunctis
1103 1181 1325 1238 tamen
1356 1193 1440 1236 ex
1469 1171 1574 1236 his
1602 1194 1737 1236 una
1763 1171 2058 1237 videtur.

317 1309 417 1355 400
464 1292 635 1356 atria
659 1290 913 1354 versari
944 1296 1011 1353 et
1040 1288 1286 1353 circum
1317 1303 1589 1351 cursare
1618 1288 1961 1351 columnae

461 1428 677 1493 usque
706 1403 876 1468 adeo
906 1405 982 1468 fit
1009 1405 1105 1467 uti
1133 1403 1358 1490 pueris
1386 1400 1745 1467 videantur
1763 1452 1778 1478 ‚
1800 1403 1913 1466 ubi
1941 1402 2069 1489 ipsi

464 1521 806 1585 desierunt
831 1520 1036 1596 verti,
1057 1520 1171 1582 vix
1198 1519 1425 1582 utiam
1456 1516 1730 1582 eredere
1757 1518 2020 1605 possint

462 1658 601 1700 non
629 1656 832 1720 supra
861 1656 1009 1698 sese
1040 1655 1235 1707 ruere
1266 1635 1485 1698 omnia
1511 1641 1691 1698 tecta
1718 1633 1977 1697 minari.

463 1753 723 1836 iamque
751 1750 1026 1814 rubrum
1052 1750 1346 1813 tremulis
1373 1750 1566 1814 iubar
1593 1749 1854 1835 ignibus
1886 1749 2135 1835 erigere
2166 1749 2301 1813 alte

318 1884 416 1930 405
463 1888 613 1931 eum
642 1873 915 1952 coeptat
943 1872 1183 1929 natura
1209 1886 1549 1951 supraque
1579 1863 1900 1929 extollere
1931 1873 2218 1938 monteS‚

467 2003 638 2067 quos
667 1980 787 2045 tibi
815 1988 955 2044 tum
984 2002 1188 2068 supra
1216 1981 1320 2045 sol
1348 1981 1593 2045 montis
1625 2000 1771 2044 esse
1800 1978 2065 2043 videtur

466 2096 827 2162 comminus
854 2096 998 2183 ipse
1027 2117 1150 2160 suo
1183 2097 1578 2181 contingens
1604 2093 1904 2162 fervidus
1931 2095 2101 2181 igni,

467 2214 581 2277 vix
609 2213 852 2276 absunt
878 2212 1075 2275 nobis
1105 2212 1342 2275 missus
1371 2212 1476 2275 bis
1506 2210 1677 2274 mille
1709 2210 1990 2296 sagittae
2007 2258 2023 2283 ‚

465 2329 580 2392 vix
609 2328 805 2391 etiam
833 2348 1070 2390 cursus
1102 2327 1502 2411 quingentos
1533 2347 1734 2412 saepe
1764 2327 2009 2389 veruti:

323 2461 420 2509 410
461 2445 636 2510 inter
668 2464 784 2508 eos
816 2443 1156 2528 solemque
1184 2441 1403 2504 iacent
1430 2441 1736 2506 immania
1763 2425 1961 2529 ponti

468 2581 765 2645 aequora
794 2560 1136 2646 substrata
1165 2557 1479 2622 aetheriis
1509 2557 1889 2643 ingentibus
1919 2557 2084 2627 oris,

470 2675 950 2760 interiectaque
981 2682 1140 2738 sunt
1169 2682 1497 2738 terrarum
1526 2673 1700 2737 milia
1733 2672 1969 2747 multa,

470 2810 644 2875 quae
671 2770 895 2853 variae
922 2791 1212 2854 retinent
1239 2798 1475 2875 gentes
1506 2795 1573 2852 et
1601 2789 1821 2852 saecla
1845 2786 2160 2851 ferarum.

470 2912 542 2968 at
571 2905 913 2968 conlectus
942 2926 1158 2989 aquae
1187 2904 1461 2989 digitum
1493 2925 1628 2967 non
1658 2903 1856 2967 altior
1883 2924 2085 2966 unum
2103 2951 2118 2976 ‚

326 3037 424 3083 415
473 3019 587 3105 qui
615 3018 868 3105 lapides
897 3020 1069 3084 inter
1101 3019 1278 3084 sistit
1306 3041 1427 3104 per
1458 3027 1670 3082 strata
1696 2998 1979 3094 viarum,

475 3134 861 3221 despectum
889 3136 1167 3220 praebet
1196 3136 1320 3198 sub
1354 3143 1568 3197 terras
1596 3134 1819 3218 inpete
1850 3141 2039 3197 tanto
2056 3180 2071 3206 ‚

472 3272 513 3314 a
538 3250 735 3314 terris
767 3257 1084 3347 quantum
1114 3251 1281 3314 eaeli
1309 3256 1498 3335 patet
1527 3250 1700 3313 altus
1728 3248 1982 3313 hiatus·
1968 3298 1983 3326 ‚

328 3381 426 3428 419
469 3374 544 3429 ut
571 3385 783 3452 prope
814 3366 1082 3451 miraelo
1115 3366 1241 3431 sub.
1270 3373 1494 3431 terras}
1516 3364 1758 3429 abdita
1774 3365 1936 3428 caeli

328 3498 428 3545 418
469 3482 696 3546 nubila
727 3479 1051 3566 dispicere
1083 3488 1150 3542 et
1179 3480 1434 3545 eaelum
1462 3479 1733 3543 videare
1761 3476 2020 3543 videre.

329 3613 428 3659 420
475 3596 761 3680 denique
789 3596 901 3659 ubi
928 3595 996 3658 in
1025 3593 1244 3667 medio
1272 3596 1469 3660 nobis
1501 3617 1659 3659 ecus
1695 3606 1862 3659 acer.
1880 3594 2186 3659 obhaesit

474 3711 738 3775 flumine
769 3720 836 3774 et
860 3712 928 3774 in
956 3710 1224 3796 rapidas
1255 3711 1463 3775 amnis
1489 3710 1912 3796 despeximus
1940 3708 2186 3781 undaS,

477 3827 714 3889 stantis
746 3827 896 3911 equi
927 3849 1171 3912 eorpus
1199 3835 1656 3891 transversum
1682 3825 1859 3889 ferre
1888 3823 2156 3889 videtur

476 3941 678 4004 viset
704 3941 770 4004 iu
800 3941 1150 4005 adversum
1182 3941 1426 4007 flumen
1456 3940 1861 4006 contrudere
1890 3941 2161 4025 raptim,

482 4229 581 4275 395
621 4222 849 4275 videtur.
887 4223 906 4292 Η
949 4227 1044 4274 397
1081 4222 1462 4294 Exstantisque
1500 4226 1520 4294 ΙΙ
1557 4229 1657 4276 406
1692 4225 1783 4276 ubi
1821 4225 1841 4293 ΙΙ
1877 4231 1978 4276 414
2017 4224 2289 4277 coniectus
2338 4224 2358 4291 ΙΙ
2408 4229 2505 4275 417
2546 4221 2673 4274 alius
2705 4218 2723 4286 11

481 4313 581 4359 419
610 4306 851 4376 Corpora
875 4305 1109 4357 mirande
1134 4305 1153 4374 ΙΙ
1186 4306 1361 4360 caelo.
1386 4309 1407 4378 ΙΙ
1435 4313 1535 4361 418
1556 4306 1831 4378 despicere
1856 4308 1876 4377 Η
1903 4314 1996 4359 421
2023 4307 2345 4377 dispeximus
2368 4308 2387 4375 ΙΙ
2416 4311 2514 4358 423
2535 4305 2724 4359 fulmen
