2840 5008
439 342 583 409 248
1516 347 1618 414 VI

435 514 749 600 languida
777 517 1133 580 semanimo
1165 539 1312 581 cum
1344 540 1629 606 corpore
1657 522 1952 584 membra
1981 524 2243 588 videres

435 628 714 722 horrida
743 629 1038 715 paedore
1069 640 1137 695 et
1163 633 1400 718 pannis
1433 644 1755 719 cooperta
1783 637 2034 721 perire,

277 759 405 807 1270
441 744 782 829 [corporis
810 744 1054 809 inluvie
1073 794 1088 822 ‚
1112 726 1503 834 pelli‘super
1535 749 1800 814 ossibus
1829 753 2032 835 una,]

434 857 766 921 ulceribus
796 860 1030 923 taetris
1060 883 1274 946 prope
1301 863 1432 924 iam
1462 862 1780 948 sordique
1811 865 2104 950 sepulta.

437 974 656 1036 omnia
685 972 973 1058 denique
1003 985 1237 1039 sancta
1269 975 1466 1038 deum
1496 976 1776 1041 delubra
1804 980 2098 1063 replerat

435 1089 830 1172 corporibus
860 1110 1040 1152 mors
1073 1090 1388 1154 exanimis
1420 1101 1844 1177 onerataque·
1862 1095 2108 1178 passim

435 1211 677 1266 cuncta
707 1203 1146 1267 cadaveribus
1178 1206 1536 1269 caelestum
1564 1198 1812 1292 templa
1841 1208 2148 1282 tenebat,
2185 1198 2206 1203 ’

273 1332 398 1378 1275
430 1316 806 1401 hospitibus
837 1317 986 1382 loca
1016 1340 1189 1404 quae
1220 1320 1634 1403 complerant
1660 1319 2108 1384 aedituenteS.

431 1453 554 1493 nec
582 1431 711 1494 iam
742 1432 970 1517 religio
1002 1432 1225 1497 divom
1253 1455 1379 1497 nec
1407 1435 1677 1497 numina
1705 1435 1928 1519 magni

430 1546 898 1631 pendebantur
930 1533 1132 1610 enim:
1155 1569 1477 1632 praesens
1510 1546 1707 1612 dolor
1739 1550 2212 1634 exsuperabat.

431 1681 557 1723 nec
585 1682 730 1724 mos
760 1662 868 1724 ille
898 1663 1278 1747 sepulturae
1307 1664 1694 1726 remanebat
1718 1664 1787 1726 in
1817 1664 1983 1726 urbe
2002 1712 2020 1739 ,

433 1796 566 1859 quo
595 1775 745 1860 pius
773 1774 885 1838 hic
911 1776 1202 1861 populus
1232 1798 1494 1863 semper
1526 1786 1884 1842 consuerat
1910 1777 2195 1841 humari:

270 1905 397 1952 1280
427 1890 859 1973 perturbatus
891 1891 1059 1952 enim
1090 1898 1274 1954 totus
1304 1890 1717 1975 trepidabat,
1750 1899 1817 1955 et
1844 1914 2016 1955 unus

432 2005 715 2089 quisque
744 2026 933 2068 suum
965 2027 1087 2089 pro
1119 1996 1192 2068 re
1224 2015 1619 2091 conpostum
1647 2014 1941 2069 maestus
1969 2006 2318 2069 humabat.

429 2119 772 2203 multaque
801 2140 910 2182 res
940 2120 1199 2183 subitae
1231 2128 1299 2182 et
1324 2128 1689 2205 paupertas
1717 2119 1996 2187 horrida
2023 2120 2267 2183 suasit:

428 2253 713 2317 namque
743 2255 900 2297 suos
932 2235 1465 2318 consanguineos
1497 2234 1710 2297 aliena
1738 2255 2053 2319 rogorum

425 2348 699 2432 insuper
731 2355 1038 2411 extructa
1063 2348 1315 2432 ingenti
1347 2349 1634 2412 clamore
1662 2348 2002 2424 locabant,

266 2476 392 2524 1285
425 2461 936 2548 subdebantque
965 2462 1145 2526 faces
1164 2512 1178 2538 ,
1201 2463 1409 2527 multo
1442 2485 1589 2527 cum
1620 2464 1940 2549 sanguine
1969 2483 2170 2548 saepe

427 2578 726 2641 rixantes
757 2578 979 2662 potius
1012 2599 1207 2663 quam
1239 2600 1526 2663 corpora
1556 2578 2053 2643 desererentur.

441 2864 569 2910 1270
604 2857 760 2927 pellis
793 2856 818 2926 H
858 2864 980 2908 127]
1016 2856 1297 2910 Viceribus
1325 2856 1343 2927 ΙΙ
1371 2857 1637 2926 sordeque
1667 2858 1686 2928 ΙΙ
1717 2864 1843 2909 1272
1871 2857 2107 2909 rellerat.
2148 2855 2167 2926 ΙΙ
2210 2863 2338 2909 1274
2364 2843 2637 2909 manebat.
2668 2859 2688 2928 Η

438 2947 562 2993 1281
604 2948 919 3010 conpostum
955 2949 1220 2993 omissum.
1261 2939 1280 3009 ΙΙ
1324 2946 1454 2993 1282
1491 2957 1580 2993 res
1617 2948 1879 2996 omis-sum.
1922 2938 1942 3009 ΙΙ
1978 2939 2180 2993 subitaf
2210 2940 2230 3009 Η
2274 2946 2398 2992 1285
2436 2938 2616 2991 fauces
