2840 5008
1193 414 1292 481 VI
2208 409 2344 477 383

127 597 503 659 substramen
519 641 536 671 ,
566 594 888 656 discrimen
903 639 920 669 ,
952 590 1248 653 abdomen
1261 635 1279 666 ‚
1311 608 1633 671 coynomen
1650 633 1666 663 ,
1683 607 2057 669 praenomen
2075 631 2089 646 .
2120 584 2189 646 in
2209 584 2352 648 Silii

132 718 243 769 ΧΠ,
262 692 392 757 444
421 692 791 755 substamina
819 738 836 768 ,
882 689 997 754 ubi
1027 695 1214 751 recte
1247 685 1435 751 docti
1461 684 1864 748 substramina
1888 731 1902 756 ‚
1946 682 2223 746 Lubrica
2251 707 2351 746 ro·-

129 793 319 856 boreis
347 791 460 853 sed
486 800 660 853 erant
684 788 1091 851 substramina
1109 786 1408 871 plaustris
1425 833 1442 864 ,
1476 784 1669 869 Inque
1698 781 1874 864 (libri
1896 780 2116 866 Atque)
2147 804 2352 845 recens

129 892 285 953 caesi
312 900 483 974 teryo.
491 889 794 972 prolapsa
821 886 1059 949 iuvenci
1079 886 1467 970 Aequoream
1496 893 1630 946 rota
1651 879 1907 944 ducebat
1919 902 2042 963 per
2061 881 2352 963 qramina

117 989 377 1073 puppim
404 1035 417 1048 .
465 1007 505 1048 a
548 985 770 1050 verbis
813 984 1069 1068 primae
1113 991 1179 1045 et
1217 989 1502 1066 quartae
1532 976 1997 1042 declinationis
2026 998 2163 1039 non
2192 984 2349 1040 ante

133 1085 449 1149 Ovidium
473 1082 655 1147 facta
673 1103 1027 1144 revoc-amen
1042 1129 1059 1159 ,
1080 1102 1441 1144 renovamen
1455 1126 1473 1157 ,
1494 1077 1935 1155 remoramina,
1956 1077 2350 1154 relevamina,
2393 1126 2397 1133 .

126 1185 502 1267 respiramen
519 1229 534 1256 ‚
565 1180 990 1264 adspira-mina
1007 1226 1021 1253 ‚
1053 1179 1414 1241 oblectamen
1435 1225 1449 1250 ‚
1479 1178 1803 1239 inritamen
1818 1222 1836 1252 ,
1864 1174 2147 1263 suffimen
2164 1222 2177 1236 .
2211 1174 2346 1237 exi-

127 1302 292 1366 guae
322 1279 435 1343 vel
464 1278 708 1342 nullius
741 1276 1165 1340 auctoritatis
1209 1276 1500 1363 adfamen
1520 1322 1537 1353 ,
1583 1273 1871 1361 effamina
1891 1320 1910 1350 ‚
1946 1272 2311 1358 praefamen
2328 1321 2345 1351 ,

119 1377 458 1467 perflamen
484 1426 502 1456 ‚
546 1378 875 1460 alliyamen
903 1424 919 1454 ‚
965 1377 1389 1460 adspectamen
1417 1421 1436 1452 ,
1480 1371 1908 1436 adhortamina
1934 1419 1953 1449 ‚
2002 1382 2347 1434 antecanta-

131 1478 325 1555 mina,
358 1477 732 1539 incolumen.

290 1573 434 1637 616.
479 1572 983 1635 PRAETEREA
1049 1593 1193 1634 sox,
1261 1590 1607 1634 MAGNAM
1651 1617 1663 1630 .
1730 1564 2081 1651 Oblongus
2136 1568 2351 1651 prima

133 1693 323 1734 manu
352 1693 647 1755 maynum
665 1718 679 1733 .
712 1668 1038 1733 Marullus
1071 1690 1175 1731 MA
1193 1691 1235 1732 e
1249 1692 1292 1730 N
1309 1690 1354 1730 A
1371 1690 1419 1729 M
1462 1687 1495 1729 s
1512 1687 1551 1729 o
1569 1688 1608 1728 L
1634 1714 1646 1726 .

287 1769 431 1834 621.
477 1791 521 1831 A
537 1792 578 1830 n
624 1791 662 1830 E
683 1791 722 1844 Q
739 1790 782 1830 u
797 1790 836 1831 o
854 1789 895 1829 R
912 1789 948 1829 n
975 1816 987 1830 .
1032 1765 1499 1851 Antiquissimi
1530 1769 1952 1828 correctores
1983 1785 2030 1825 A
2044 1787 2082 1826 B
2110 1813 2121 1824 .

286 1867 428 1930 624.
475 1885 953 1929 vnmumrns
998 1885 1387 1940 AEQUORA
1429 1885 1715 1926 vnum-1.
1762 1860 2082 1926 Absurda
2111 1871 2180 1926 et
2209 1862 2350 1926 sine

131 1965 428 2048 pondere
472 1965 785 2050 repetitio
809 2011 824 2037 ‚
875 1984 1027 2026 cum
1051 1962 1500 2046 praecesserit
1537 1961 1692 2024 Tum
1708 1983 1905 2045 porro
1933 1962 2090 2023 venti
2118 1983 2352 2046 quoque

130 2086 407 2148 maynam
445 2064 652 2127 tollere
685 2073 930 2146 partem
971 2059 1208 2123 Umoris
1236 2069 1524 2144 possunt.
1571 2078 1697 2121 nec
1729 2066 1955 2121 tamen
1985 2066 2168 2123 recte
2198 2059 2350 2123 Itali

133 2184 395 2246 aequora
403 2163 587 2247 ponti
605 2186 624 2223 .·
645 2181 800 2223 nam
825 2179 998 2242 quae
1023 2166 1344 2222 secuntur
1369 2156 1535 2220 satis
1555 2156 1853 2241 intellegi
1873 2178 2011 2220 non
2034 2167 2351 2242 possunt,

134 2259 251 2322 nisi
281 2259 598 2323 addimus
630 2279 764 2343 qua
793 2278 867 2320 re
898 2256 1275 2320 efficiantur
1297 2303 1312 2330 ,
1342 2256 1441 2318 ita
1463 2303 1478 2329 ,
1521 2277 1617 2318 vn
1633 2278 1677 2317 Ν
1694 2279 1734 2317 T
1751 2278 1773 2317 1
1791 2276 1823 2317 s
1865 2254 2003 2319 Una
2028 2267 2197 2320 nocte
2222 2257 2354 2319 vias

133 2359 411 2440 quoniam
427 2380 732 2442 persaepe
759 2355 1025 2419 videmus
1055 2353 1299 2419 ›Siccari
1316 2402 1330 2417 .

288 2456 427 2521 626.
484 2478 519 2519 c
538 2478 634 2519 Ru
649 2475 842 2519 s'rRA
860 2475 893 2518 s
917 2502 931 2517 .
980 2452 1416 2518 Correctores
1449 2458 1715 2517 veteres
1747 2475 1781 2516 c
1802 2475 1845 2516 n
1862 2475 1948 2517 us
1964 2475 2065 2517 ΤΑ
2083 2476 2115 2518 s
2140 2501 2155 2518 .

285 2554 426 2618 629.
479 2577 502 2616 1
518 2577 564 2616 Ν
609 2576 649 2618 o
665 2577 757 2617 RB
772 2576 795 2617 1
812 2576 844 2616 s
870 2601 882 2615 .
929 2554 1006 2617 In
1037 2575 1076 2617 o
1095 2576 1136 2615 R
1151 2576 1190 2615 B
1206 2576 1229 2616 1
1260 2551 1587 2616 Marullus
1607 2599 1621 2614 .
1665 2552 1987 2636 proximis
2013 2551 2350 2638 Vergilius

133 2653 335 2716 utitur
363 2655 535 2718 Aen.
565 2676 628 2727 x,
647 2652 768 2716 807
799 2653 894 2716 ita
912 2701 927 2727 ‚
967 2653 1140 2716 Dum
1157 2654 1358 2737 pluvit
1383 2654 1448 2714 in
1478 2652 1689 2715 terris.
1735 2651 1851 2715 ubi
1882 2650 2158 2715 Servius
2188 2652 2351 2715 mire

137 2751 556 2815 archaismon
586 2751 751 2815 dicit
779 2753 845 2814 in
875 2751 1052 2814 terris
1074 2798 1089 2825 ,
1135 2751 1392 2814 scilicet
1431 2750 1938 2813 constructione
1968 2750 2351 2835 antiquata3

140 2850 316 2932 quod
344 2851 508 2914 mihi
540 2851 819 2935 antiqua
849 2849 1272 2934 simplicitate
1304 2848 1609 2913 additum
1633 2869 1783 2912 esse
1805 2848 2033 2932 potius
2054 2848 2350 2922 videtur,

137 2966 276 3010 cum
307 2951 552 3013 abesse
579 2955 816 3033 posset
840 2997 854 3009 .
899 2949 1102 3012 debuit
1127 2949 1287 3012 enim
1307 2996 1325 3027 ‚
1367 2947 1590 3031 inquit
1611 2995 1627 3022 ‚
1656 2947 1858 3010 dicere
1886 2948 1952 3010 in
1982 2958 2218 3010 terras:
2260 2958 2350 3010 ta·

135 3066 261 3109 men
286 3049 598 3112 sciendum
624 3046 1058 3110 hemistichium
1096 3047 1208 3111 hoc
1236 3045 1516 3110 Lucretii
1552 3069 1677 3109 esse
1697 3094 1716 3126 ,
1761 3046 1926 3131 quod
1960 3046 2047 3108 ita
2087 3056 2155 3108 ut
2188 3047 2350 3108 inve·

135 3143 215 3205 nit
245 3144 546 3231 Veryilius
577 3145 664 3209 ad
685 3167 864 3207 suwm
891 3146 1200 3208 transtulit
1229 3166 1476 3207 carmen
1497 3191 1510 3205 .

289 3242 429 3307 632.
462 3265 503 3306 ο
519 3265 620 3306 RA
639 3264 671 3306 s
699 3263 807 3305 MA
823 3263 903 3305 αι
919 3265 950 3305 s
969 3291 983 3306 .
1019 3241 1382 3305 Corrector
1406 3240 1719 3325 quadrati
1751 3247 1820 3303 et
1839 3241 2175 3304 Antonius
2197 3242 2351 3307 Flo·

133 3342 430 3405 rentinus
460 3362 569 3404 MA
589 3364 667 3403 ιιι
686 3363 718 3404 s
745 3390 758 3403 .

289 3438 429 3503 638.
462 3460 811 3516 LIQUIDO
843 3462 1043 3502 PEDE
1077 3461 1315 3502 ‘tumr
1347 3461 1621 3502 UNDAS
1646 3488 1659 3502 .
1686 3437 2048 3503 Corrector
2079 3439 2354 3527 oblongi

132 3554 170 3593 n
186 3556 222 3596 E
241 3560 280 3598 ‘r
298 3560 341 3600 U
354 3561 393 3601 L
406 3562 485 3602 ιτ
504 3584 519 3601 .
548 3539 645 3601 ita
676 3538 983 3602 scholion
1005 3538 1263 3602 Lucani
1283 3561 1347 3613 x,
1365 3537 1490 3602 248
1509 3539 1581 3602 in
1608 3539 1782 3604 libro
1806 3538 2133 3602 Bernensi
2156 3561 2353 3622 quem

133 3636 394 3698 saeculo
444 3636 704 3702 decimo
751 3637 1077 3720 scriptum
1107 3636 1433 3701 Sinnerus
1481 3636 1645 3700 dicit
1668 3683 1681 3697 .
1725 3638 1795 3698 in
1841 3657 1919 3698 eo
1952 3635 2211 3699 scholio
2241 3636 2351 3700 hic

133 3748 363 3797 versus
396 3757 548 3798 cum
579 3736 876 3820 quinque
906 3735 1230 3819 proximis
1254 3733 1605 3820 profertur
1636 3755 1720 3796 ex
1749 3733 1920 3798 libro
1953 3743 2148 3797 sexto
2168 3781 2183 3810 ‚
2212 3756 2350 3798 non

133 3845 166 3886 e
195 3849 253 3901 v,
272 3829 394 3894 272
415 3881 428 3894 .
662 3841 665 3844 ’

289 3929 431 3994 639.
476 3954 628 3994 PER
670 3952 981 3995 FAUCAS
1026 3951 1332 3993 MON'HS
1379 3953 1476 3993 Ur
1520 3952 1899 3993 AETHNAE
1925 3978 1938 3994 .
1987 3929 2351 3997 Corrector

131 4023 400 4113 oblongi
427 4052 519 4092 EA
538 4053 582 4094 U
598 4052 632 4092 c
649 4052 686 4091 E
702 4051 734 4091 s
755 4077 768 4091 .
798 4029 859 4093 th
886 4028 1150 4092 litteras
1183 4028 1517 4113 oblongus
1546 4028 1757 4093 habet
1782 4030 1853 4093 in
1884 4030 2117 4108 litura3
2148 4054 2349 4095 versu

131 4116 248 4183 669
292 4134 377 4188 et.
404 4125 522 4191 681
586 4127 768 4191 idem
809 4129 1072 4190 Aetneus
1127 4136 1194 4189 et
1238 4126 1397 4191 Etne
1429 4175 1446 4205 ,
1504 4126 1880 4210 quadratus
1924 4129 2227 4193 Aethneus
2281 4137 2349 4194 et

126 4215 346 4283 Aethne
361 4248 386 4304 ‚-
434 4224 503 4287 in
536 4248 576 4298 1,
596 4224 717 4288 722
750 4230 1035 4308 uterque
1065 4227 1339 4305 Aetnea;
1367 4225 1436 4287 in
1468 4247 1539 4300 11,
1560 4225 1680 4290 593
1712 4226 2043 4311 oblongus
2074 4229 2311 4292 Aetnae
2330 4277 2346 4306 ,

133 4317 500 4394 quadratus
530 4323 804 4386 Aethnae
823 4370 836 4384 .

287 4414 425 4479 641.
451 4442 711 4495 NEQUE
752 4441 950 4484 ΕΝΙΜ
992 4444 1248 4486 MED1A
1292 4444 1597 4487 GREGIA
1627 4446 1721 4485 DE
1756 4443 2070 4486 coonrA
2094 4421 2346 4487 FLAM-
