2840 5008
383 390 522 457 246
1457 388 1561 454 VI

377 561 517 624 ibat
547 568 614 623 et
639 560 705 622 in
734 559 946 644 partis
975 559 1279 653 genitalis
1311 560 1618 645 corporis
1643 560 1825 644 ipsas
1844 608 1858 622 .

381 682 448 737 et
475 668 765 760 graviter
793 674 1033 759 partim
1062 680 1432 737 metuentes
1463 674 1683 736 limina
1711 674 1826 737 leti

378 789 690 851 vivebant
716 787 896 850 ferro
927 788 1169 872 privati
1199 795 1391 873 parte
1426 788 1591 850 virili
1615 837 1630 863 ‚

218 919 347 965 1210
380 910 446 964 et
472 902 772 965 manibus
803 902 943 964 sine
973 923 1110 963 non
1138 902 1297 964 nulli
1329 901 1751 986 pedibusque
1781 903 2137 967 manebant

375 1017 442 1080 in
470 1017 606 1080 vita
635 1024 856 1081 tamen
876 1065 890 1091 ‚
921 1022 989 1078 et
1016 1015 1394 1100 perdebant
1422 1016 1665 1080 lumina
1695 1016 1962 1100 partim:

376 1153 589 1215 usque
620 1131 790 1194 adeo
820 1130 1054 1193 mortis
1084 1137 1300 1194 metus
1329 1130 1436 1193 his
1466 1131 1833 1194 incesserat
1862 1136 2046 1194 acer'.

378 1254 576 1331 atque
608 1245 803 1308 etiam
834 1243 1161 1329 quosdam
1193 1265 1432 1328 cepere
1463 1245 1709 1307 oblivia
1736 1266 1958 1307 rerum

379 1367 761 1423 cunctarum
781 1408 795 1435 ‚
819 1379 1037 1443 neque
1069 1379 1142 1421 se
1172 1367 1452 1443 possent
1483 1379 1895 1443 cognoscere
1923 1367 1998 1423 ut
2024 1359 2182 1446 ipsi.

215 1492 342 1537 1215
372 1476 707 1558 multaque
738 1473 920 1536 humi
950 1495 1097 1536 cum
1126 1472 1468 1535 inhumata
1495 1473 1791 1537 iacerent
1822 1496 2107 1559 corpora
2137 1476 2348 1562 supra

375 1587 767 1672 corporibus
787 1634 801 1660 ,
826 1594 1047 1650 tamen
1078 1586 1347 1650 alituum
1380 1608 1592 1671 genus
1624 1595 1826 1673 atque
1857 1588 2146 1666 ferarum

380 1708 492 1764 aut
521 1701 754 1785 procul
784 1701 1162 1786 apsiliebat‚
1186 1708 1263 1764 ut
1293 1722 1513 1764 acrem
1544 1702 1797 1765 exeiret
1826 1700 2130 1777 odorem,

379 1794 661 1889 autssubi
689 1822 1023 1900 gustarat,
1054 1815 1412 1900 languebat
1439 1824 1656 1878 morte
1686 1817 2091 1901 propinqua.

378 1953 499 1994 nec
529 1940 749 1994 tamen
780 1930 1044 1992 omnino
1075 1937 1323 1992 temere
1353 1930 1479 1994 illis
1510 1930 1762 1993 solibus
1791 1930 1927 1993 ulla

216 2061 344 2108 1220
377 2045 805 2130 comparebat
832 2045 972 2108 avis
992 2093 1006 2119 ‚
1028 2065 1153 2107 nec
1182 2045 1400 2107 tristia
1430 2044 1648 2107 saecla
1675 2041 1963 2106 ferarum

378 2160 689 2223 exeibant
719 2159 933 2223 silvis:
958 2159 1367 2243 languebant
1395 2159 1716 2243 pleraque
1745 2158 1979 2221 morbo

381 2283 448 2338 et
476 2275 963 2338 moriebantur.
989 2294 1132 2335 cum
1169 2273 1392 2356 primis
1422 2272 1559 2335 fida
1590 2293 1826 2335 canum
1855 2272 1955 2336 vis

377 2396 591 2452 strata
619 2389 740 2451 viis
772 2388 1051 2451 animam
1081 2387 1378 2471 ponebat
1406 2388 1474 2450 in
1506 2387 1808 2451 omnibus
1840 2407 2068 2472 aegre:

378 2504 826 2589 extorquebat
855 2502 1024 2566 enim
1054 2502 1258 2566 vitam
1289 2501 1388 2566 vis
1416 2501 1725 2566 morbida
1751 2502 2091 2566 membris,

217 2635 343 2681 1226
373 2640 498 2682 nec
528 2620 698 2682 ratio
726 2618 977 2682 remedi
1008 2617 1370 2683 communis
1403 2625 1588 2681 certa
1621 2616 1938 2680 dabatur:

379 2755 530 2797 nam
563 2731 748 2818 quod
778 2733 863 2795 ali
894 2731 1177 2795 dederat
1204 2732 1425 2802 vitalis
1456 2732 1627 2795 aeris
1658 2753 1856 2795 auras

376 2849 650 2911 volvere
677 2848 746 2910 in
777 2868 891 2910 ore
920 2848 1122 2910 licere
1154 2855 1222 2909 et
1252 2846 1417 2910 caeli
1446 2847 1693 2930 templa
1720 2847 1926 2921 tueri,

378 2963 512 3027 hoc
543 2962 683 3025 aliis
715 2969 860 3025 erat
891 2961 1092 3025 exitio
1124 2962 1465 3046 letumque
1495 2962 1804 3046 parabat.

220 3095 345 3142 1230
459 3077 633 3140 Illud
661 3078 729 3140 in
758 3076 863 3138 his
894 3076 1094 3138 rebus
1125 3074 1573 3138 miserandum
1602 3095 2007 3160 magnopere
2037 3076 2239 3145 unum

380 3192 824 3256 aerumnabile
857 3197 999 3253 erat
1017 3239 1031 3265 ,
1055 3189 1238 3275 quod
1267 3190 1382 3254 ubi
1412 3211 1486 3253 se
1519 3190 1800 3275 quisque
1830 3188 2105 3252 videbat

376 3306 761 3393 implicitum
789 3306 1024 3368 morbo
1045 3354 1060 3380 ‚
1082 3305 1278 3368 morti
1311 3304 1667 3368 damnatus
1697 3312 1773 3367 ut
1804 3311 2010 3378 esset,

383 3421 698 3484 deficiens
729 3419 944 3481 animo
974 3427 1231 3484 maesto
1264 3442 1413 3483 cum
1446 3418 1650 3509 corde
1678 3419 1970 3492 iacebat,

379 3536 617 3599 funera
643 3541 1031 3619 respectans
1062 3533 1342 3598 animam
1372 3535 1721 3598 amittebat
1748 3532 1991 3597 ibidem
2011 3583 2024 3595 .

220 3668 347 3714 1235
380 3652 628 3737 quippe
660 3650 898 3714 etenim
929 3649 1110 3712 nullo
1143 3652 1500 3714 cessabant
1527 3657 1830 3733 tempore
1861 3647 2066 3731 apisci

385 3788 468 3829 ex
498 3766 640 3830 aliis
672 3766 836 3830 alios
868 3764 1051 3828 avidi
1080 3765 1389 3850 contagia
1414 3765 1661 3838 morbi,

221 3897 349 3942 1245
381 3880 711 3964 lanigeras
741 3887 877 3943 tam
909 3900 1106 3964 quam
1134 3878 1434 3965 pecudes
1468 3886 1535 3943 et
1561 3879 1813 3941 bucera
1841 3877 2090 3939 saecla.

222 4012 347 4058 1237
380 3994 587 4078 idque
617 3994 724 4056 vel
752 3994 820 4056 in
848 3994 1076 4079 primis
1107 3994 1489 4058 cumulabat
1515 3991 1750 4058 fun'ere
1778 3992 2007 4058 funus.

394 4281 522 4327 1212
562 4276 626 4328 iis
663 4275 959 4327 incusserat
1010 4273 1028 4344 Η
1089 4280 1216 4325 1213
1257 4276 1387 4327 eiam
1436 4274 1454 4344 ΙΙ
1513 4282 1638 4326 1217
1683 4275 1881 4327 exciret
1918 4272 1936 4343 Η
1978 4278 2106 4323 1220
2143 4271 2217 4323 tia
2256 4271 2275 4340 Η
2318 4277 2444 4322 1221
2493 4271 2675 4325 Exie-

389 4358 518 4410 bant
557 4357 575 4427 ΙΙ
619 4364 748 4409 1228
786 4358 918 4409 turi.
955 4355 976 4426 ΙΙ
1021 4363 1147 4408 1235
1187 4359 1398 4426 apiscit.
