2840 5008
474 324 562 388 72
1565 320 1629 386 11

324 511 420 557 965
467 495 821 558 sollicitata
848 493 985 556 suis
1014 492 1358 580 trepidant
1384 493 1453 556 in
1483 491 1753 569 sedibus
1780 494 1961 557 intus
1980 543 1996 569 ‚

467 609 668 693 inque
698 608 914 672 locum
945 607 1214 692 quando
1245 609 1640 693 remigrant‚
1660 607 1735 672 fit
1763 606 2012 671 blanda
2038 609 2390 694 voluptaS‚

470 722 639 786 scire
670 724 825 787 licet
851 724 1033 786 nullo
1065 721 1428 807 primordia
1455 743 1656 808 posse
1689 720 1924 785 dolore

471 839 787 924 temptari
816 837 1196 921 nullamque
1224 837 1639 921 voluptatem
1670 856 1909 921 capere
1941 858 2025 900 ex
2053 859 2156 914 se3

471 950 1012 1036 quandoquidem
1042 973 1181 1015 non
1209 959 1395 1026 sunt,
1420 972 1503 1013 ex
1532 952 1679 1015 ullis
1711 951 2186 1037 principiorum

321 1079 425 1128 970
469 1067 861 1150 corporibus
880 1116 894 1142 ‚
922 1087 1203 1152 quorum
1230 1073 1452 1129 motus
1480 1066 1777 1130 novitate
1804 1067 2114 1130 laborent

472 1189 587 1244 aut
615 1181 900 1266 aliquem
928 1180 1217 1244 fructum
1250 1179 1517 1264 capiant
1547 1178 1916 1243 dulcedinis
1946 1180 2185 1245 almae:

472 1294 639 1359 haut
666 1295 865 1380 igitur
896 1293 1148 1357 debent
1177 1314 1324 1356 esse
1354 1293 1490 1356 ullo
1520 1293 1828 1380 praedita
1856 1315 2083 1357 sensu.

556 1409 863 1493 Denique
893 1409 990 1471 uti
1018 1407 1280 1492 possint
1306 1408 1557 1470 sentire
1585 1408 1889 1471 animalia
1918 1407 2248 1492 quaeque,

472 1523 813 1609 principiis
843 1522 900 1584 si
925 1522 1055 1585 iam
1086 1531 1189 1585 est
1219 1543 1455 1584 sensus
1486 1520 1882 1585 tribuendus
1914 1542 2168 1598 eorum,

330 1654 427 1699 975
474 1634 636 1720 quid
655 1685 670 1712 ,
693 1657 900 1721 genus
928 1636 1285 1700 humanum
1316 1636 1667 1722 propritim
1698 1634 1783 1697 de
1813 1635 2033 1719 quibu'
2060 1636 2429 1702 factumst?

475 1751 728 1815 scilicet
745 1801 759 1827 ,
786 1758 853 1813 et
879 1751 1018 1813 risu
1044 1752 1327 1814 tremulo
1361 1771 1688 1814 concussa
1717 1750 2118 1813 cachinnant

477 1872 545 1927 et
572 1864 855 1928 lacrimis
886 1872 1214 1950 spargunt
1240 1865 1622 1929 rorantibus
1654 1886 1773 1928 ora
1800 1885 2174 1950 genasque,

475 1980 814 2064 multaque
845 1979 928 2042 de
958 2001 1176 2042 rerum
1204 1978 1494 2057 mixtura
1524 1979 1746 2042 dicere
1778 1980 2050 2053 callent,

479 2102 545 2158 et
572 2093 697 2157 sibi
726 2115 1059 2178 proporro
1094 2114 1264 2177 quae
1294 2093 1429 2156 sint
1459 2092 1820 2179 primordia
1850 2102 2207 2177 quaerunt3

332 2224 431 2271 980
477 2206 1020 2300 quandoquidem
1049 2208 1207 2272 totis
1237 2208 1621 2272 mortalibus
1653 2208 2050 2271 adsimulata

476 2324 624 2408 ipsa
654 2343 922 2406 quoque
954 2342 1037 2384 ex
1066 2321 1208 2385 aliis
1240 2322 1492 2385 debent
1522 2331 1833 2387 constare
1866 2323 2231 2397 elementiS‚

475 2437 634 2501 inde
664 2438 791 2502 alia
821 2459 904 2500 ex
933 2436 1073 2499 aliis
1093 2484 1108 2512 ,
1130 2456 1460 2522 nusquam
1491 2437 1858 2501 consistere
1887 2446 1963 2509 ut
1992 2438 2203 2500 ausis:

479 2553 725 2638 quippe
755 2574 999 2638 sequar
1017 2601 1032 2628 ‚
1058 2551 1243 2637 quod
1274 2574 1555 2637 cumque
1584 2553 1771 2636 loqui
1801 2552 2155 2637 ridereque
2187 2552 2371 2617 dices

482 2675 549 2731 et
577 2688 814 2751 sapere
832 2716 847 2742 ‚
871 2688 955 2729 ex
983 2666 1125 2729 aliis
1157 2666 1389 2730 eadem
1417 2667 1587 2731 haec
1614 2666 2014 2730 facientibus
2044 2675 2118 2731 ut
2148 2668 2260 2731 sit.

339 2793 436 2843 985
485 2779 669 2866 quod
702 2781 757 2843 si
789 2780 998 2844 delira
1024 2781 1193 2843 haec
1222 2780 1610 2865 furiosaque
1640 2781 1966 2845 cernimus
1999 2778 2188 2858 esse,v

485 2903 552 2959 et
579 2893 798 2957 ridere
830 2869 1057 2979 potest
1084 2917 1220 2958 non
1253 2916 1335 2957 ex
1364 2893 1716 2959 ridentibu’
1745 2894 1965 2959 factus
1983 2944 1998 2970 ‚

482 3016 550 3071 et
577 3029 814 3094 sapere
846 3017 913 3073 et
944 3008 1160 3073 doctis
1188 3009 1517 3072 rationem
1544 3008 1831 3072 reddere
1862 3009 2055 3073 dictis

480 3144 619 3185 non
651 3144 734 3186 ex
762 3124 1115 3187 seminibus
1146 3123 1555 3209 sapientibus
1587 3131 1789 3209 atque
1822 3123 2087 3187 disertis
2107 3173 2121 3198 ‚

486 3236 599 3321 qui
625 3238 838 3300 minus
871 3259 1017 3300 esse
1049 3245 1298 3321 queant
1328 3258 1406 3300 ea
1436 3259 1608 3321 quae
1639 3235 2216 3302 sentire‘videmus

341 3367 442 3413 990
487 3350 844 3414 seminibus
874 3351 1205 3435 permixta
1234 3351 1613 3416 carentibus
1642 3351 1940 3436 undique
1971 3349 2217 3416 sensu?

564 3466 869 3549 Denique
888 3465 1170 3528 caelesti
1200 3466 1426 3528 sumus
1459 3487 1686 3530 omnes
1716 3465 2291 3530 semineoriundi:

485 3581 788 3645 omnibus
816 3580 926 3643 ille
954 3579 1132 3642 idem
1160 3586 1354 3663 pater
1386 3587 1492 3642 est
1509 3629 1524 3656 ‚
1547 3581 1726 3644 unde
1755 3581 1925 3646 alma
1952 3581 2268 3666 liquentis

484 3694 730 3757 umoris
760 3700 984 3779 guttas
1015 3695 1225 3757 mater
1258 3716 1402 3757 cum
1435 3702 1618 3757 terra
1645 3696 1929 3780 recepit,

483 3806 621 3871 feta
648 3808 823 3891 parit
849 3807 1094 3872 nitidas
1123 3808 1348 3894 fruges
1377 3810 1785 3895 arbustaque
1814 3810 1991 3874 laeta

343 3938 440 3985 995
488 3930 556 3985 et
583 3903 792 4006 genus
822 3921 1183 3985 humanum
1201 3972 1215 3998 ,
1240 3923 1416 4009 parit
1447 3925 1667 4018 omnia
1695 3923 1915 3987 saecla
1940 3922 2229 3987 ferarum
2254 3972 2269 3996 ,

492 4207 590 4253 966
627 4200 692 4251 In
727 4217 830 4268 quo
881 4200 900 4269 ΙΙ
950 4207 1046 4253 975
1088 4208 1377 4255 auctumst.
1426 4202 1446 4271 ΙΙ
1496 4205 1591 4255 977
1630 4210 1862 4272 pargunt
1906 4203 1926 4270 ΙΙ
1973 4208 2069 4254 982
2107 4202 2173 4253 ali
2212 4219 2275 4253 ex
2324 4201 2344 4269 ΙΙ
2381 4207 2481 4253 985
2520 4200 2678 4253 deth-a
2708 4190 2725 4258 ΙΙ

492 4289 589 4335 986
627 4289 836 4335 auctus.
