<?xml version="1.0" encoding="UTF-8"?>
<!DOCTYPE html PUBLIC "-//W3C//DTD XHTML 1.0 Transitional//EN"
    "http://www.w3.org/TR/xhtml1/DTD/xhtml1-transitional.dtd">
<html xmlns="http://www.w3.org/1999/xhtml" xml:lang="en" lang="en">
 <head>
  <title>
</title>
<meta http-equiv="Content-Type" content="text/html;charset=utf-8" />
  <meta name='ocr-system' content='tesseract 3.04.00' />
  <meta name='ocr-capabilities' content='ocr_page ocr_carea ocr_par ocr_line ocrx_word'/>
</head>
<body>
  <div class='ocr_page' id='page_1' title='image "./tlucreticarider02lachgoog_0613.png"; bbox 0 0 2840 5008; ppageno 0'>
   <div class='ocr_carea' id='block_1_1' title="bbox 1223 401 2360 471">
    <p class='ocr_par' dir='ltr' id='par_1_1' title="bbox 1223 401 2360 471">
     <span class='ocr_line' id='line_1_1' title="bbox 1223 401 2360 471; baseline 0.003 -3"><span class='ocrx_word' id='word_1_1' title='bbox 1223 401 1293 468; x_wconf 91' lang='lat' dir='ltr'><strong>V</strong></span> <span class='ocrx_word' id='word_1_2' title='bbox 1886 461 1893 470; x_wconf 90' lang='lat'>.</span> <span class='ocrx_word' id='word_1_3' title='bbox 2214 405 2360 471; x_wconf 80' lang='lat'>339</span> 
     </span>
    </p>
   </div>
   <div class='ocr_carea' id='block_1_2' title="bbox 143 574 2430 3311">
    <p class='ocr_par' dir='ltr' id='par_1_2' title="bbox 143 574 2430 2808">
     <span class='ocr_line' id='line_1_2' title="bbox 149 574 2363 662; baseline -0 -16"><span class='ocrx_word' id='word_1_4' title='bbox 149 604 240 651; x_wconf 62' lang='lat' dir='ltr'>Au</span> <span class='ocrx_word' id='word_1_5' title='bbox 254 600 463 645; x_wconf 68' lang='lat' dir='ltr'>crum</span> <span class='ocrx_word' id='word_1_6' title='bbox 478 627 502 641; x_wconf 91' lang='lat'>..</span> <span class='ocrx_word' id='word_1_7' title='bbox 517 578 623 641; x_wconf 89' lang='lat' dir='ltr'>Ita</span> <span class='ocrx_word' id='word_1_8' title='bbox 642 577 812 642; x_wconf 85' lang='lat' dir='ltr'>haec</span> <span class='ocrx_word' id='word_1_9' title='bbox 833 574 1380 662; x_wconf 71' lang='lat' dir='ltr'>intel-pungenda</span> <span class='ocrx_word' id='word_1_10' title='bbox 1400 581 1560 640; x_wconf 91' lang='lat' dir='ltr'>sunt</span> <span class='ocrx_word' id='word_1_11' title='bbox 1582 581 1821 640; x_wconf 86' lang='lat' dir='ltr'>contra</span> <span class='ocrx_word' id='word_1_12' title='bbox 1840 584 2131 641; x_wconf 88' lang='lat' dir='ltr'>mentem</span> <span class='ocrx_word' id='word_1_13' title='bbox 2157 578 2363 645; x_wconf 88' lang='lat' dir='ltr'>inter-</span> 
     </span>
     <span class='ocr_line' id='line_1_3' title="bbox 144 674 2424 764; baseline -0.004 -20"><span class='ocrx_word' id='word_1_14' title='bbox 144 687 402 764; x_wconf 90' lang='lat' dir='ltr'>pretum</span> <span class='ocrx_word' id='word_1_15' title='bbox 427 725 444 752; x_wconf 91' lang='lat'>‚</span> <span class='ocrx_word' id='word_1_16' title='bbox 492 677 607 762; x_wconf 90' lang='lat' dir='ltr'>qui</span> <span class='ocrx_word' id='word_1_17' title='bbox 635 677 733 740; x_wconf 88' lang='lat' dir='ltr'>ita</span> <span class='ocrx_word' id='word_1_18' title='bbox 759 683 1167 759; x_wconf 87' lang='lat' dir='ltr'>acceperunt</span> <span class='ocrx_word' id='word_1_19' title='bbox 1188 722 1205 749; x_wconf 92' lang='lat'>,</span> <span class='ocrx_word' id='word_1_20' title='bbox 1250 674 1445 760; x_wconf 89' lang='lat' dir='ltr'>quasi</span> <span class='ocrx_word' id='word_1_21' title='bbox 1475 680 1655 738; x_wconf 89' lang='lat' dir='ltr'>esset</span> <span class='ocrx_word' id='word_1_22' title='bbox 1684 674 1941 760; x_wconf 78' lang='lat' dir='ltr'>Neqm&#39;d</span> <span class='ocrx_word' id='word_1_23' title='bbox 1951 722 1969 754; x_wconf 88' lang='lat'><strong><em>,</em></strong></span> <span class='ocrx_word' id='word_1_24' title='bbox 1999 677 2270 764; x_wconf 81' lang='lat' dir='ltr'>Nequod</span> <span class='ocrx_word' id='word_1_25' title='bbox 2292 681 2365 743; x_wconf 80' lang='lat' dir='ltr'>ol&gt;</span> <span class='ocrx_word' id='word_1_26' title='bbox 2409 718 2424 735; x_wconf 94' lang='lat'><em>.</em></span> 
     </span>
     <span class='ocr_line' id='line_1_4' title="bbox 147 771 2363 863; baseline 0 -22"><span class='ocrx_word' id='word_1_27' title='bbox 147 778 473 841; x_wconf 66' lang='lat' dir='ltr'>admismn</span> <span class='ocrx_word' id='word_1_28' title='bbox 484 776 676 863; x_wconf 86' lang='lat' dir='ltr'>foede</span> <span class='ocrx_word' id='word_1_29' title='bbox 699 823 712 837; x_wconf 94' lang='lat'><strong>.</strong></span> <span class='ocrx_word' id='word_1_30' title='bbox 743 772 974 858; x_wconf 86' lang='lat' dir='ltr'>itaque</span> <span class='ocrx_word' id='word_1_31' title='bbox 1006 773 1373 836; x_wconf 83' lang='lat' dir='ltr'><strong>scribemus</strong></span> <span class='ocrx_word' id='word_1_32' title='bbox 1402 771 1632 856; x_wconf 88' lang='lat' dir='ltr'>potius</span> <span class='ocrx_word' id='word_1_33' title='bbox 1662 772 1946 857; x_wconf 77' lang='lat' dir='ltr'>Nequid,</span> <span class='ocrx_word' id='word_1_34' title='bbox 1979 774 2036 836; x_wconf 94' lang='lat' dir='ltr'>si</span> <span class='ocrx_word' id='word_1_35' title='bbox 2063 796 2175 839; x_wconf 90' lang='lat' dir='ltr'>res</span> <span class='ocrx_word' id='word_1_36' title='bbox 2203 797 2363 860; x_wconf 90' lang='lat' dir='ltr'>pos-</span> 
     </span>
     <span class='ocr_line' id='line_1_5' title="bbox 145 868 2363 958; baseline 0 -20"><span class='ocrx_word' id='word_1_37' title='bbox 145 874 418 950; x_wconf 85' lang='lat' dir='ltr'>tulabit3</span> <span class='ocrx_word' id='word_1_38' title='bbox 439 872 844 958; x_wconf 86' lang='lat' dir='ltr'>praesertim</span> <span class='ocrx_word' id='word_1_39' title='bbox 867 892 1017 935; x_wconf 93' lang='lat' dir='ltr'>cum</span> <span class='ocrx_word' id='word_1_40' title='bbox 1042 891 1122 934; x_wconf 93' lang='lat' dir='ltr'>eo</span> <span class='ocrx_word' id='word_1_41' title='bbox 1146 868 1351 933; x_wconf 91' lang='lat' dir='ltr'>modo</span> <span class='ocrx_word' id='word_1_42' title='bbox 1373 869 1485 933; x_wconf 84' lang='lat' dir='ltr'>vel</span> <span class='ocrx_word' id='word_1_43' title='bbox 1504 869 1574 932; x_wconf 91' lang='lat' dir='ltr'>in</span> <span class='ocrx_word' id='word_1_44' title='bbox 1592 869 1881 952; x_wconf 91' lang='lat' dir='ltr'>publicis</span> <span class='ocrx_word' id='word_1_45' title='bbox 1901 870 2363 938; x_wconf 75' lang='lat' dir='ltr'><strong>instrumentis</strong></span> 
     </span>
     <span class='ocr_line' id='line_1_6' title="bbox 143 966 2364 1056; baseline 0 -20"><span class='ocrx_word' id='word_1_46' title='bbox 143 978 495 1056; x_wconf 90' lang='lat' dir='ltr'>peccatum</span> <span class='ocrx_word' id='word_1_47' title='bbox 530 991 677 1035; x_wconf 89' lang='lat' dir='ltr'>esse</span> <span class='ocrx_word' id='word_1_48' title='bbox 704 968 1052 1035; x_wconf 86' lang='lat' dir='ltr'>videamus</span> <span class='ocrx_word' id='word_1_49' title='bbox 1076 1017 1089 1031; x_wconf 91' lang='lat'><strong>.</strong></span> <span class='ocrx_word' id='word_1_50' title='bbox 1133 975 1319 1032; x_wconf 90' lang='lat' dir='ltr'>certe</span> <span class='ocrx_word' id='word_1_51' title='bbox 1358 967 1432 1031; x_wconf 91' lang='lat' dir='ltr'>in</span> <span class='ocrx_word' id='word_1_52' title='bbox 1458 966 1604 1053; x_wconf 88' lang='lat' dir='ltr'>lege</span> <span class='ocrx_word' id='word_1_53' title='bbox 1635 967 1804 1031; x_wconf 88' lang='lat' dir='ltr'>Iulia</span> <span class='ocrx_word' id='word_1_54' title='bbox 1830 968 2214 1055; x_wconf 86' lang='lat' dir='ltr'>municipali</span> <span class='ocrx_word' id='word_1_55' title='bbox 2245 973 2364 1037; x_wconf 90' lang='grc'>120</span> 
     </span>
     <span class='ocr_line' id='line_1_7' title="bbox 146 1066 2362 1154; baseline 0.001 -22"><span class='ocrx_word' id='word_1_56' title='bbox 146 1068 470 1154; x_wconf 78' lang='lat' dir='ltr'>scriptu&#39;m</span> <span class='ocrx_word' id='word_1_57' title='bbox 517 1074 622 1131; x_wconf 92' lang='lat' dir='ltr'>est</span> <span class='ocrx_word' id='word_1_58' title='bbox 661 1089 905 1154; x_wconf 79' lang='lat' dir='ltr'>quemve</span> <span class='ocrx_word' id='word_1_59' title='bbox 944 1066 1300 1130; x_wconf 75' lang='lat' dir='ltr'><em>kalumniae</em></span> <span class='ocrx_word' id='word_1_60' title='bbox 1327 1067 1883 1151; x_wconf 55' lang='lat' dir='ltr'>praevaricationis</span> <span class='ocrx_word' id='word_1_61' title='bbox 1910 1090 2126 1133; x_wconf 74' lang='lat' dir='ltr'>caussa</span> <span class='ocrx_word' id='word_1_62' title='bbox 2152 1094 2362 1135; x_wconf 74' lang='lat' dir='ltr'>aecus-</span> 
     </span>
     <span class='ocr_line' id='line_1_8' title="bbox 145 1162 2364 1255; baseline 0.001 -24"><span class='ocrx_word' id='word_1_63' title='bbox 145 1165 604 1254; x_wconf 73' lang='lat' dir='ltr'>sassefecisseoe</span> <span class='ocrx_word' id='word_1_64' title='bbox 623 1166 787 1253; x_wconf 78' lang='lat' dir='ltr'>quod</span> <span class='ocrx_word' id='word_1_65' title='bbox 802 1165 1141 1230; x_wconf 65' lang='lat' dir='ltr'>iudicatum</span> <span class='ocrx_word' id='word_1_66' title='bbox 1170 1175 1255 1229; x_wconf 73' lang='lat' dir='ltr'>eet</span> <span class='ocrx_word' id='word_1_67' title='bbox 1279 1166 1428 1245; x_wconf 79' lang='lat' dir='ltr'>erit,</span> <span class='ocrx_word' id='word_1_68' title='bbox 1459 1162 1648 1249; x_wconf 91' lang='lat' dir='ltr'>quod</span> <span class='ocrx_word' id='word_1_69' title='bbox 1678 1163 1885 1228; x_wconf 90' lang='lat' dir='ltr'>debet</span> <span class='ocrx_word' id='word_1_70' title='bbox 1913 1186 2061 1230; x_wconf 90' lang='lat' dir='ltr'>esse</span> <span class='ocrx_word' id='word_1_71' title='bbox 2070 1168 2364 1255; x_wconf 58' lang='lat' dir='ltr'>feci-§seve</span> 
     </span>
     <span class='ocr_line' id='line_1_9' title="bbox 147 1260 2364 1351; baseline 0.001 -24"><span class='ocrx_word' id='word_1_72' title='bbox 147 1266 291 1349; x_wconf 82' lang='lat' dir='ltr'>qaid</span> <span class='ocrx_word' id='word_1_73' title='bbox 309 1290 330 1327; x_wconf 91' lang='lat'>.·</span> <span class='ocrx_word' id='word_1_74' title='bbox 374 1270 446 1327; x_wconf 90' lang='lat' dir='ltr'>et</span> <span class='ocrx_word' id='word_1_75' title='bbox 473 1262 724 1329; x_wconf 80' lang='lat' dir='ltr'>ibidem</span> <span class='ocrx_word' id='word_1_76' title='bbox 752 1263 830 1326; x_wconf 78' lang='lat'>71</span> <span class='ocrx_word' id='word_1_77' title='bbox 860 1286 1004 1326; x_wconf 78' lang='lat' dir='ltr'>neve</span> <span class='ocrx_word' id='word_1_78' title='bbox 1045 1284 1253 1326; x_wconf 80' lang='lat' dir='ltr'>eorum</span> <span class='ocrx_word' id='word_1_79' title='bbox 1293 1262 1461 1347; x_wconf 81' lang='lat' dir='ltr'>quod</span> <span class='ocrx_word' id='word_1_80' title='bbox 1480 1308 1496 1336; x_wconf 94' lang='lat'>,</span> <span class='ocrx_word' id='word_1_81' title='bbox 1538 1260 1672 1324; x_wconf 92' lang='lat' dir='ltr'>hoc</span> <span class='ocrx_word' id='word_1_82' title='bbox 1717 1267 1822 1326; x_wconf 92' lang='lat' dir='ltr'>est</span> <span class='ocrx_word' id='word_1_83' title='bbox 1863 1264 2017 1349; x_wconf 80' lang='lat' dir='ltr'>qaid</span> <span class='ocrx_word' id='word_1_84' title='bbox 2035 1311 2050 1339; x_wconf 92' lang='lat'>,</span> <span class='ocrx_word' id='word_1_85' title='bbox 2090 1277 2364 1351; x_wconf 72' lang='lat' dir='ltr'>saeptum</span> 
     </span>
     <span class='ocr_line' id='line_1_10' title="bbox 147 1358 2361 1446; baseline 0 -20"><span class='ocrx_word' id='word_1_86' title='bbox 147 1363 489 1436; x_wconf 72' lang='lat' dir='ltr'><strong><em>clausumve</em></strong></span> <span class='ocrx_word' id='word_1_87' title='bbox 516 1360 724 1425; x_wconf 77' lang='lat' dir='ltr'>habeto</span> <span class='ocrx_word' id='word_1_88' title='bbox 746 1408 762 1425; x_wconf 89' lang='lat'><strong>.</strong></span> <span class='ocrx_word' id='word_1_89' title='bbox 803 1361 933 1425; x_wconf 87' lang='lat' dir='ltr'>iam</span> <span class='ocrx_word' id='word_1_90' title='bbox 961 1360 1215 1446; x_wconf 81' lang='lat' dir='ltr'>aliquod</span> <span class='ocrx_word' id='word_1_91' title='bbox 1237 1359 1508 1424; x_wconf 69' lang='lat' dir='ltr'>coivendi</span> <span class='ocrx_word' id='word_1_92' title='bbox 1534 1368 1767 1443; x_wconf 76' lang='lat' dir='ltr'>tempas</span> <span class='ocrx_word' id='word_1_93' title='bbox 1793 1359 1854 1423; x_wconf 93' lang='lat' dir='ltr'>si</span> <span class='ocrx_word' id='word_1_94' title='bbox 1881 1358 2223 1426; x_wconf 81' lang='lat' dir='ltr'>diceretur</span> <span class='ocrx_word' id='word_1_95' title='bbox 2250 1364 2361 1427; x_wconf 84' lang='lat' dir='ltr'>ad-</span> 
     </span>
     <span class='ocr_line' id='line_1_11' title="bbox 148 1454 2361 1544; baseline 0.001 -20"><span class='ocrx_word' id='word_1_96' title='bbox 148 1460 386 1524; x_wconf 73' lang='lat' dir='ltr'>ducmm</span> <span class='ocrx_word' id='word_1_97' title='bbox 425 1479 581 1523; x_wconf 89' lang='lat' dir='ltr'>esse</span> <span class='ocrx_word' id='word_1_98' title='bbox 602 1507 617 1534; x_wconf 92' lang='lat'>‚</span> <span class='ocrx_word' id='word_1_99' title='bbox 658 1457 1154 1544; x_wconf 79' lang='lat' dir='ltr'>intellegerem:</span> <span class='ocrx_word' id='word_1_100' title='bbox 1198 1458 1480 1522; x_wconf 80' lang='lat' dir='ltr'>adactum</span> <span class='ocrx_word' id='word_1_101' title='bbox 1502 1504 1520 1536; x_wconf 88' lang='lat'><strong><em>,</em></strong></span> <span class='ocrx_word' id='word_1_102' title='bbox 1566 1455 1758 1540; x_wconf 92' lang='lat' dir='ltr'>quod</span> <span class='ocrx_word' id='word_1_103' title='bbox 1799 1454 1962 1521; x_wconf 89' lang='lat' dir='ltr'>fecit</span> <span class='ocrx_word' id='word_1_104' title='bbox 1999 1458 2327 1526; x_wconf 86' lang='lat' dir='ltr'>Marullus</span> <span class='ocrx_word' id='word_1_105' title='bbox 2344 1509 2361 1536; x_wconf 91' lang='lat'>,</span> 
     </span>
     <span class='ocr_line' id='line_1_12' title="bbox 149 1554 2365 1642; baseline 0.003 -23"><span class='ocrx_word' id='word_1_106' title='bbox 149 1577 282 1620; x_wconf 89' lang='lat' dir='ltr'>non</span> <span class='ocrx_word' id='word_1_107' title='bbox 308 1558 510 1641; x_wconf 87' lang='lat' dir='ltr'>capio</span> <span class='ocrx_word' id='word_1_108' title='bbox 531 1604 546 1632; x_wconf 91' lang='lat'>‚</span> <span class='ocrx_word' id='word_1_109' title='bbox 578 1558 736 1642; x_wconf 88' lang='lat' dir='ltr'>quia</span> <span class='ocrx_word' id='word_1_110' title='bbox 762 1559 1011 1642; x_wconf 73' lang='lat' dir='ltr'>adiqere</span> <span class='ocrx_word' id='word_1_111' title='bbox 1040 1555 1226 1620; x_wconf 88' lang='lat' dir='ltr'>aliud</span> <span class='ocrx_word' id='word_1_112' title='bbox 1255 1562 1362 1620; x_wconf 86' lang='lat' dir='ltr'>est</span> <span class='ocrx_word' id='word_1_113' title='bbox 1391 1576 1594 1640; x_wconf 85' lang='lat' dir='ltr'>quam</span> <span class='ocrx_word' id='word_1_114' title='bbox 1623 1554 2003 1621; x_wconf 85' lang='lat' dir='ltr'>adducere.</span> <span class='ocrx_word' id='word_1_115' title='bbox 2038 1560 2365 1625; x_wconf 77' lang='lat' dir='ltr'>adauctum</span> 
     </span>
     <span class='ocr_line' id='line_1_13' title="bbox 149 1652 2366 1741; baseline 0.003 -25"><span class='ocrx_word' id='word_1_116' title='bbox 149 1675 335 1718; x_wconf 92' lang='lat' dir='ltr'>nemo</span> <span class='ocrx_word' id='word_1_117' title='bbox 364 1654 498 1719; x_wconf 83' lang='lat' dir='ltr'>fuit</span> <span class='ocrx_word' id='word_1_118' title='bbox 529 1654 645 1741; x_wconf 90' lang='lat' dir='ltr'>qui</span> <span class='ocrx_word' id='word_1_119' title='bbox 671 1662 1009 1718; x_wconf 88' lang='lat' dir='ltr'>tueretur:</span> <span class='ocrx_word' id='word_1_120' title='bbox 1041 1654 1344 1740; x_wconf 85' lang='lat' dir='ltr'>quivero</span> <span class='ocrx_word' id='word_1_121' title='bbox 1375 1652 1687 1718; x_wconf 87' lang='lat' dir='ltr'>solvendi</span> <span class='ocrx_word' id='word_1_122' title='bbox 1713 1659 1980 1739; x_wconf 88' lang='lat' dir='ltr'>tempus</span> <span class='ocrx_word' id='word_1_123' title='bbox 2012 1656 2097 1721; x_wconf 86' lang='lat' dir='ltr'>ad</span> <span class='ocrx_word' id='word_1_124' title='bbox 2121 1670 2366 1723; x_wconf 82' lang='lat' dir='ltr'>aactwm</span> 
     </span>
     <span class='ocr_line' id='line_1_14' title="bbox 152 1750 2365 1841; baseline 0.004 -27"><span class='ocrx_word' id='word_1_125' title='bbox 152 1772 290 1816; x_wconf 90' lang='lat' dir='ltr'>esse</span> <span class='ocrx_word' id='word_1_126' title='bbox 319 1751 642 1817; x_wconf 80' lang='lat' dir='ltr'>dixerunt</span> <span class='ocrx_word' id='word_1_127' title='bbox 685 1751 793 1836; x_wconf 94' lang='lat' dir='ltr'>(id</span> <span class='ocrx_word' id='word_1_128' title='bbox 822 1758 930 1817; x_wconf 94' lang='lat' dir='ltr'>est</span> <span class='ocrx_word' id='word_1_129' title='bbox 958 1750 1048 1815; x_wconf 87' lang='lat' dir='ltr'>ad</span> <span class='ocrx_word' id='word_1_130' title='bbox 1075 1751 1345 1836; x_wconf 80' lang='lat' dir='ltr'>plenam</span> <span class='ocrx_word' id='word_1_131' title='bbox 1372 1751 1830 1815; x_wconf 76' lang='lat' dir='ltr'>maturitatem</span> <span class='ocrx_word' id='word_1_132' title='bbox 1859 1774 2050 1818; x_wconf 92' lang='lat' dir='ltr'>suam</span> <span class='ocrx_word' id='word_1_133' title='bbox 2077 1756 2365 1841; x_wconf 90' lang='lat' dir='ltr'>perduc-</span> 
     </span>
     <span class='ocr_line' id='line_1_15' title="bbox 152 1849 2367 1935; baseline 0.003 -21"><span class='ocrx_word' id='word_1_134' title='bbox 152 1857 285 1914; x_wconf 91' lang='lat' dir='ltr'>tum</span> <span class='ocrx_word' id='word_1_135' title='bbox 305 1899 322 1926; x_wconf 91' lang='lat'>‚</span> <span class='ocrx_word' id='word_1_136' title='bbox 362 1859 443 1916; x_wconf 92' lang='lat' dir='ltr'>ut</span> <span class='ocrx_word' id='word_1_137' title='bbox 472 1849 976 1935; x_wconf 88' lang='lat' dir='ltr'>Wakefieldus)</span> <span class='ocrx_word' id='word_1_138' title='bbox 1023 1857 1141 1914; x_wconf 92' lang='lat' dir='ltr'>aut</span> <span class='ocrx_word' id='word_1_139' title='bbox 1187 1872 1339 1915; x_wconf 91' lang='lat' dir='ltr'>cum</span> <span class='ocrx_word' id='word_1_140' title='bbox 1367 1850 1702 1915; x_wconf 82' lang='lat' dir='ltr'>Brixiensi</span> <span class='ocrx_word' id='word_1_141' title='bbox 1730 1850 2025 1917; x_wconf 85' lang='lat' dir='ltr'>editione</span> <span class='ocrx_word' id='word_1_142' title='bbox 2053 1856 2142 1918; x_wconf 84' lang='lat' dir='ltr'>ad</span> <span class='ocrx_word' id='word_1_143' title='bbox 2164 1868 2367 1920; x_wconf 76' lang='lat' dir='ltr'>aetum</span> 
     </span>
     <span class='ocr_line' id='line_1_16' title="bbox 154 1946 2366 2037; baseline 0.004 -27"><span class='ocrx_word' id='word_1_144' title='bbox 154 1946 252 2028; x_wconf 89' lang='lat' dir='ltr'>(id</span> <span class='ocrx_word' id='word_1_145' title='bbox 282 1956 385 2013; x_wconf 92' lang='lat' dir='ltr'>est</span> <span class='ocrx_word' id='word_1_146' title='bbox 411 1949 723 2035; x_wconf 82' lang='lat' dir='ltr'>proxime</span> <span class='ocrx_word' id='word_1_147' title='bbox 753 1954 909 2037; x_wconf 87' lang='lat' dir='ltr'>ante</span> <span class='ocrx_word' id='word_1_148' title='bbox 941 1954 1165 2012; x_wconf 89' lang='lat' dir='ltr'>actum</span> <span class='ocrx_word' id='word_1_149' title='bbox 1194 1969 1417 2012; x_wconf 90' lang='lat' dir='ltr'>rerum</span> <span class='ocrx_word' id='word_1_150' title='bbox 1451 1954 1520 2011; x_wconf 90' lang='lat' dir='ltr'>et</span> <span class='ocrx_word' id='word_1_151' title='bbox 1551 1947 1696 2011; x_wconf 92' lang='lat' dir='ltr'>dies</span> <span class='ocrx_word' id='word_1_152' title='bbox 1722 1947 1941 2013; x_wconf 85' lang='lat' dir='ltr'>fastos</span> <span class='ocrx_word' id='word_1_153' title='bbox 1965 1998 1980 2024; x_wconf 92' lang='lat'>,</span> <span class='ocrx_word' id='word_1_154' title='bbox 2023 1958 2101 2014; x_wconf 91' lang='lat' dir='ltr'>ut</span> <span class='ocrx_word' id='word_1_155' title='bbox 2139 1955 2366 2037; x_wconf 84' lang='lat' dir='ltr'>priore</span> 
     </span>
     <span class='ocr_line' id='line_1_17' title="bbox 154 2044 2366 2137; baseline 0.004 -31"><span class='ocrx_word' id='word_1_156' title='bbox 154 2044 532 2131; x_wconf 84' lang='lat' dir='ltr'>eclogarum</span> <span class='ocrx_word' id='word_1_157' title='bbox 562 2045 862 2110; x_wconf 89' lang='lat' dir='ltr'>editione</span> <span class='ocrx_word' id='word_1_158' title='bbox 889 2044 1222 2129; x_wconf 90' lang='lat' dir='ltr'>Orellius)</span> <span class='ocrx_word' id='word_1_159' title='bbox 1247 2094 1262 2120; x_wconf 90' lang='lat'>‚</span> <span class='ocrx_word' id='word_1_160' title='bbox 1304 2066 1446 2108; x_wconf 90' lang='lat' dir='ltr'>non</span> <span class='ocrx_word' id='word_1_161' title='bbox 1480 2044 1798 2108; x_wconf 84' lang='lat' dir='ltr'>videntur</span> <span class='ocrx_word' id='word_1_162' title='bbox 1823 2045 2203 2112; x_wconf 72' lang='lat' dir='ltr'>meminisse</span> <span class='ocrx_word' id='word_1_163' title='bbox 2232 2052 2366 2137; x_wconf 92' lang='lat' dir='ltr'>gri-</span> 
     </span>
     <span class='ocr_line' id='line_1_18' title="bbox 152 2135 2430 2231; baseline 0.004 -26"><span class='ocrx_word' id='word_1_164' title='bbox 152 2141 319 2225; x_wconf 90' lang='lat' dir='ltr'>phos</span> <span class='ocrx_word' id='word_1_165' title='bbox 341 2152 413 2209; x_wconf 88' lang='lat' dir='ltr'>et</span> <span class='ocrx_word' id='word_1_166' title='bbox 427 2143 920 2229; x_wconf 85' lang='lat' dir='ltr'>implicationes</span> <span class='ocrx_word' id='word_1_167' title='bbox 941 2145 1301 2208; x_wconf 85' lang='lat' dir='ltr'>verborum</span> <span class='ocrx_word' id='word_1_168' title='bbox 1326 2143 1412 2207; x_wconf 88' lang='lat' dir='ltr'>ab</span> <span class='ocrx_word' id='word_1_169' title='bbox 1437 2142 1634 2205; x_wconf 91' lang='lat' dir='ltr'>huius</span> <span class='ocrx_word' id='word_1_170' title='bbox 1654 2149 1899 2226; x_wconf 71' lang='lat' dir='ltr'>poetae</span> <span class='ocrx_word' id='word_1_171' title='bbox 1920 2144 2188 2231; x_wconf 88' lang='lat' dir='ltr'>ingenio</span> <span class='ocrx_word' id='word_1_172' title='bbox 2207 2149 2366 2213; x_wconf 84' lang='lat' dir='ltr'>alie·</span> <span class='ocrx_word' id='word_1_173' title='bbox 2404 2135 2430 2158; x_wconf 74' lang='grc'><strong><em>’</em></strong></span> 
     </span>
     <span class='ocr_line' id='line_1_19' title="bbox 151 2240 2365 2330; baseline 0.004 -28"><span class='ocrx_word' id='word_1_174' title='bbox 151 2261 266 2305; x_wconf 87' lang='lat' dir='ltr'>nas</span> <span class='ocrx_word' id='word_1_175' title='bbox 290 2263 436 2307; x_wconf 90' lang='lat' dir='ltr'>esse</span> <span class='ocrx_word' id='word_1_176' title='bbox 452 2290 470 2307; x_wconf 88' lang='lat'><strong>.</strong></span> <span class='ocrx_word' id='word_1_177' title='bbox 495 2263 660 2328; x_wconf 91' lang='lat' dir='ltr'>ergo</span> <span class='ocrx_word' id='word_1_178' title='bbox 685 2244 743 2306; x_wconf 92' lang='lat' dir='ltr'>si</span> <span class='ocrx_word' id='word_1_179' title='bbox 764 2242 1164 2307; x_wconf 87' lang='lat' dir='ltr'>vocabulum</span> <span class='ocrx_word' id='word_1_180' title='bbox 1186 2240 1469 2325; x_wconf 82' lang='lat' dir='ltr'>simplex</span> <span class='ocrx_word' id='word_1_181' title='bbox 1489 2246 1558 2303; x_wconf 89' lang='lat' dir='ltr'>et</span> <span class='ocrx_word' id='word_1_182' title='bbox 1572 2240 1673 2303; x_wconf 93' lang='lat' dir='ltr'>rei</span> <span class='ocrx_word' id='word_1_183' title='bbox 1690 2249 2146 2327; x_wconf 86' lang='lat' dir='ltr'>opportunum</span> <span class='ocrx_word' id='word_1_184' title='bbox 2162 2267 2365 2330; x_wconf 86' lang='lat' dir='ltr'>quae-</span> 
     </span>
     <span class='ocr_line' id='line_1_20' title="bbox 153 2338 2364 2425; baseline 0.003 -23"><span class='ocrx_word' id='word_1_185' title='bbox 153 2340 426 2405; x_wconf 87' lang='lat' dir='ltr'>rendum</span> <span class='ocrx_word' id='word_1_186' title='bbox 448 2348 590 2416; x_wconf 90' lang='lat' dir='ltr'>est,</span> <span class='ocrx_word' id='word_1_187' title='bbox 619 2339 782 2404; x_wconf 87' lang='lat' dir='ltr'>mihi</span> <span class='ocrx_word' id='word_1_188' title='bbox 803 2389 818 2416; x_wconf 92' lang='lat'>‚</span> <span class='ocrx_word' id='word_1_189' title='bbox 847 2348 926 2405; x_wconf 93' lang='lat' dir='ltr'>ut</span> <span class='ocrx_word' id='word_1_190' title='bbox 953 2352 1119 2405; x_wconf 71' lang='lat' dir='ltr'>aetas</span> <span class='ocrx_word' id='word_1_191' title='bbox 1147 2341 1358 2404; x_wconf 76' lang='lat' dir='ltr'>adulta</span> <span class='ocrx_word' id='word_1_192' title='bbox 1381 2338 1627 2403; x_wconf 88' lang='lat' dir='ltr'>dicitur</span> <span class='ocrx_word' id='word_1_193' title='bbox 1643 2386 1660 2413; x_wconf 91' lang='lat'>‚</span> <span class='ocrx_word' id='word_1_194' title='bbox 1688 2339 1982 2425; x_wconf 86' lang='lat' dir='ltr'>itemque</span> <span class='ocrx_word' id='word_1_195' title='bbox 2009 2365 2114 2405; x_wconf 83' lang='lat' dir='ltr'>ver</span> <span class='ocrx_word' id='word_1_196' title='bbox 2135 2351 2206 2407; x_wconf 90' lang='lat' dir='ltr'>et</span> <span class='ocrx_word' id='word_1_197' title='bbox 2235 2368 2364 2409; x_wconf 68' lang='lat' dir='ltr'>aes·-</span> 
     </span>
     <span class='ocr_line' id='line_1_21' title="bbox 155 2435 2366 2528; baseline 0.004 -28"><span class='ocrx_word' id='word_1_198' title='bbox 155 2446 241 2500; x_wconf 73' lang='lat' dir='ltr'>tac</span> <span class='ocrx_word' id='word_1_199' title='bbox 256 2485 271 2513; x_wconf 92' lang='lat'>‚</span> <span class='ocrx_word' id='word_1_200' title='bbox 297 2439 395 2503; x_wconf 88' lang='lat' dir='ltr'>ita</span> <span class='ocrx_word' id='word_1_201' title='bbox 421 2460 566 2503; x_wconf 91' lang='lat' dir='ltr'>non</span> <span class='ocrx_word' id='word_1_202' title='bbox 594 2440 810 2504; x_wconf 89' lang='lat' dir='ltr'>minus</span> <span class='ocrx_word' id='word_1_203' title='bbox 832 2439 1107 2528; x_wconf 85' lang='lat' dir='ltr'>proprie</span> <span class='ocrx_word' id='word_1_204' title='bbox 1129 2437 1403 2503; x_wconf 87' lang='lat' dir='ltr'>videtur</span> <span class='ocrx_word' id='word_1_205' title='bbox 1425 2435 1556 2500; x_wconf 91' lang='lat' dir='ltr'>dici</span> <span class='ocrx_word' id='word_1_206' title='bbox 1578 2457 1784 2521; x_wconf 90' lang='lat' dir='ltr'>posse</span> <span class='ocrx_word' id='word_1_207' title='bbox 1806 2437 2157 2504; x_wconf 77' lang='lat' dir='ltr'>Poenarwm</span> <span class='ocrx_word' id='word_1_208' title='bbox 2178 2464 2366 2528; x_wconf 65' lang='lat' dir='ltr'>grave</span> 
     </span>
     <span class='ocr_line' id='line_1_22' title="bbox 151 2534 2366 2625; baseline 0.003 -28"><span class='ocrx_word' id='word_1_209' title='bbox 151 2537 404 2603; x_wconf 63' lang='lat' dir='ltr'>solvendi</span> <span class='ocrx_word' id='word_1_210' title='bbox 443 2551 679 2625; x_wconf 76' lang='lat' dir='ltr'>tempas</span> <span class='ocrx_word' id='word_1_211' title='bbox 719 2561 928 2602; x_wconf 72' lang='grc' dir='ltr'>Λυσι,</span> <span class='ocrx_word' id='word_1_212' title='bbox 945 2560 1040 2601; x_wconf 76' lang='grc' dir='ltr'>ΤΠ</span> <span class='ocrx_word' id='word_1_213' title='bbox 1056 2561 1106 2601; x_wconf 80' lang='grc' dir='ltr'><strong>Μ</strong></span> <span class='ocrx_word' id='word_1_214' title='bbox 1127 2585 1144 2612; x_wconf 88' lang='grc'><strong>,</strong></span> <span class='ocrx_word' id='word_1_215' title='bbox 1189 2534 1465 2621; x_wconf 83' lang='lat' dir='ltr'>quando</span> <span class='ocrx_word' id='word_1_216' title='bbox 1507 2542 1841 2599; x_wconf 87' lang='lat' dir='ltr'>maturum</span> <span class='ocrx_word' id='word_1_217' title='bbox 1880 2543 1950 2601; x_wconf 90' lang='lat' dir='ltr'>et</span> <span class='ocrx_word' id='word_1_218' title='bbox 1988 2538 2366 2622; x_wconf 85' lang='lat' dir='ltr'>perfectum</span> 
     </span>
     <span class='ocr_line' id='line_1_23' title="bbox 155 2633 2427 2727; baseline 0.004 -32"><span class='ocrx_word' id='word_1_219' title='bbox 155 2641 281 2698; x_wconf 89' lang='lat' dir='ltr'>est.</span> <span class='ocrx_word' id='word_1_220' title='bbox 321 2636 458 2702; x_wconf 91' lang='lat' dir='ltr'>hoc</span> <span class='ocrx_word' id='word_1_221' title='bbox 491 2643 716 2711; x_wconf 90' lang='lat' dir='ltr'>autem</span> <span class='ocrx_word' id='word_1_222' title='bbox 746 2636 802 2699; x_wconf 95' lang='lat' dir='ltr'>si</span> <span class='ocrx_word' id='word_1_223' title='bbox 830 2637 1229 2720; x_wconf 87' lang='lat' dir='ltr'>probamus,</span> <span class='ocrx_word' id='word_1_224' title='bbox 1260 2633 1533 2720; x_wconf 81' lang='lat' dir='ltr'>Neqaod</span> <span class='ocrx_word' id='word_1_225' title='bbox 1555 2633 1775 2698; x_wconf 90' lang='lat' dir='ltr'>locum</span> <span class='ocrx_word' id='word_1_226' title='bbox 1805 2655 1942 2698; x_wconf 91' lang='lat' dir='ltr'>non</span> <span class='ocrx_word' id='word_1_227' title='bbox 1969 2635 2214 2712; x_wconf 86' lang='lat' dir='ltr'>habet,</span> <span class='ocrx_word' id='word_1_228' title='bbox 2243 2640 2369 2704; x_wconf 90' lang='lat' dir='ltr'>sed</span> <span class='ocrx_word' id='word_1_229' title='bbox 2400 2674 2427 2727; x_wconf 55' lang='lat'><em>3</em></span> 
     </span>
     <span class='ocr_line' id='line_1_24' title="bbox 155 2729 513 2808; baseline 0.014 -14"><span class='ocrx_word' id='word_1_230' title='bbox 155 2729 211 2792; x_wconf 88' lang='lat' dir='ltr'>N</span> <span class='ocrx_word' id='word_1_231' title='bbox 227 2755 264 2794; x_wconf 80' lang='grc' dir='ltr'><strong>Ε</strong></span> <span class='ocrx_word' id='word_1_232' title='bbox 278 2754 319 2808; x_wconf 80' lang='lat' dir='ltr'>Q</span> <span class='ocrx_word' id='word_1_233' title='bbox 331 2757 375 2798; x_wconf 83' lang='lat' dir='ltr'>u</span> <span class='ocrx_word' id='word_1_234' title='bbox 385 2760 410 2799; x_wconf 92' lang='lat'>1</span> <span class='ocrx_word' id='word_1_235' title='bbox 424 2760 470 2799; x_wconf 81' lang='lat' dir='ltr'>n</span> <span class='ocrx_word' id='word_1_236' title='bbox 501 2784 513 2798; x_wconf 89' lang='lat'><strong>.</strong></span> 
     </span>
    </p>

    <p class='ocr_par' dir='ltr' id='par_1_3' title="bbox 157 2828 2365 3014">
     <span class='ocr_line' id='line_1_25' title="bbox 316 2828 2364 2908; baseline 0.002 -12"><span class='ocrx_word' id='word_1_237' title='bbox 316 2832 791 2896; x_wconf 70' lang='lat' dir='ltr'>1226.Sm1m</span> <span class='ocrx_word' id='word_1_238' title='bbox 821 2851 1076 2894; x_wconf 72' lang='grc' dir='ltr'><strong>ΕΤῙΑΜ</strong></span> <span class='ocrx_word' id='word_1_239' title='bbox 1106 2851 1259 2893; x_wconf 73' lang='lat' dir='ltr'>cnm</span> <span class='ocrx_word' id='word_1_240' title='bbox 1289 2828 2364 2908; x_wconf 77' lang='lat' dir='ltr'>V1s.QuadratusSwnmetetiam.</span> 
     </span>
     <span class='ocr_line' id='line_1_26' title="bbox 157 2924 2365 3014; baseline 0.005 -27"><span class='ocrx_word' id='word_1_241' title='bbox 157 2924 479 2994; x_wconf 89' lang='lat' dir='ltr'>Marullus</span> <span class='ocrx_word' id='word_1_242' title='bbox 499 2928 548 2993; x_wconf 91' lang='lat' dir='ltr'>S</span> <span class='ocrx_word' id='word_1_243' title='bbox 563 2952 606 2992; x_wconf 79' lang='lat' dir='ltr'>u</span> <span class='ocrx_word' id='word_1_244' title='bbox 620 2952 668 2991; x_wconf 86' lang='lat' dir='ltr'><strong>M</strong></span> <span class='ocrx_word' id='word_1_245' title='bbox 683 2951 731 2991; x_wconf 72' lang='grc' dir='ltr'><strong>Μ</strong></span> <span class='ocrx_word' id='word_1_246' title='bbox 746 2950 789 2991; x_wconf 78' lang='lat' dir='ltr'>A</span> <span class='ocrx_word' id='word_1_247' title='bbox 804 2978 817 2992; x_wconf 94' lang='lat'><strong>.</strong></span> <span class='ocrx_word' id='word_1_248' title='bbox 843 2949 1045 2992; x_wconf 88' lang='lat' dir='ltr'>versu</span> <span class='ocrx_word' id='word_1_249' title='bbox 1062 2927 1371 3012; x_wconf 68' lang='lat' dir='ltr'>proidmo</span> <span class='ocrx_word' id='word_1_250' title='bbox 1392 2926 1722 3013; x_wconf 90' lang='lat' dir='ltr'>oblongus</span> <span class='ocrx_word' id='word_1_251' title='bbox 1745 2930 1972 2993; x_wconf 76' lang='lat' dir='ltr'>clausis</span> <span class='ocrx_word' id='word_1_252' title='bbox 1987 2952 2115 3014; x_wconf 92' lang='lat' dir='ltr'>pro</span> <span class='ocrx_word' id='word_1_253' title='bbox 2134 2928 2365 2998; x_wconf 72' lang='lat' dir='ltr'>classis.</span> 
     </span>
    </p>

    <p class='ocr_par' dir='ltr' id='par_1_4' title="bbox 158 3026 2369 3311">
     <span class='ocr_line' id='line_1_27' title="bbox 318 3026 2369 3100; baseline 0.002 -10"><span class='ocrx_word' id='word_1_254' title='bbox 318 3026 499 3091; x_wconf 83' lang='lat'><strong>1229.</strong></span> <span class='ocrx_word' id='word_1_255' title='bbox 529 3048 775 3090; x_wconf 76' lang='lat' dir='ltr'>vorrs</span> <span class='ocrx_word' id='word_1_256' title='bbox 805 3048 1066 3089; x_wconf 73' lang='lat' dir='ltr'>ADITA</span> <span class='ocrx_word' id='word_1_257' title='bbox 1096 3048 1242 3088; x_wconf 77' lang='lat' dir='ltr'>PRE</span> <span class='ocrx_word' id='word_1_258' title='bbox 1263 3047 1352 3089; x_wconf 72' lang='lat' dir='ltr'>cs</span> <span class='ocrx_word' id='word_1_259' title='bbox 1384 3046 1703 3100; x_wconf 71' lang='lat' dir='ltr'>Qunsxr.</span> <span class='ocrx_word' id='word_1_260' title='bbox 1726 3028 2277 3094; x_wconf 85' lang='lat' dir='ltr'>AntoniusMarii</span> <span class='ocrx_word' id='word_1_261' title='bbox 2299 3040 2369 3096; x_wconf 90' lang='lat' dir='ltr'>et</span> 
     </span>
     <span class='ocr_line' id='line_1_28' title="bbox 159 3119 2367 3210; baseline 0.004 -27"><span class='ocrx_word' id='word_1_262' title='bbox 159 3119 477 3189; x_wconf 87' lang='lat' dir='ltr'>Marullus</span> <span class='ocrx_word' id='word_1_263' title='bbox 500 3125 632 3188; x_wconf 77' lang='lat' dir='ltr'>adit</span> <span class='ocrx_word' id='word_1_264' title='bbox 655 3145 701 3186; x_wconf 82' lang='lat' dir='ltr'>A</span> <span class='ocrx_word' id='word_1_265' title='bbox 715 3146 750 3188; x_wconf 89' lang='lat' dir='ltr'>c</span> <span class='ocrx_word' id='word_1_266' title='bbox 767 3147 989 3210; x_wconf 81' lang='lat' dir='ltr'>prece.</span> <span class='ocrx_word' id='word_1_267' title='bbox 1023 3123 1398 3209; x_wconf 79' lang='lat' dir='ltr'>quadratus</span> <span class='ocrx_word' id='word_1_268' title='bbox 1408 3146 1668 3208; x_wconf 77' lang='lat' dir='ltr'>praece,</span> <span class='ocrx_word' id='word_1_269' title='bbox 1694 3124 1882 3208; x_wconf 90' lang='lat' dir='ltr'>quod</span> <span class='ocrx_word' id='word_1_270' title='bbox 1901 3123 2367 3209; x_wconf 87' lang='lat' dir='ltr'>frequentissi-</span> 
     </span>
     <span class='ocr_line' id='line_1_29' title="bbox 158 3221 2368 3311; baseline 0.005 -31"><span class='ocrx_word' id='word_1_271' title='bbox 158 3238 325 3284; x_wconf 90' lang='lat' dir='ltr'>mum</span> <span class='ocrx_word' id='word_1_272' title='bbox 366 3222 711 3289; x_wconf 87' lang='lat' dir='ltr'>scribendi</span> <span class='ocrx_word' id='word_1_273' title='bbox 753 3243 963 3309; x_wconf 90' lang='lat' dir='ltr'>genus</span> <span class='ocrx_word' id='word_1_274' title='bbox 1013 3228 1119 3285; x_wconf 90' lang='lat' dir='ltr'>est</span> <span class='ocrx_word' id='word_1_275' title='bbox 1145 3223 1216 3285; x_wconf 90' lang='lat' dir='ltr'>in</span> <span class='ocrx_word' id='word_1_276' title='bbox 1243 3221 1433 3285; x_wconf 91' lang='lat' dir='ltr'>libris</span> <span class='ocrx_word' id='word_1_277' title='bbox 1460 3241 1642 3284; x_wconf 90' lang='lat' dir='ltr'>nono</span> <span class='ocrx_word' id='word_1_278' title='bbox 1674 3222 1943 3285; x_wconf 86' lang='lat' dir='ltr'>saeculo</span> <span class='ocrx_word' id='word_1_279' title='bbox 1975 3223 2368 3311; x_wconf 88' lang='lat' dir='ltr'>antiquiori-</span> 
     </span>
    </p>
   </div>
   <div class='ocr_carea' id='block_1_3' title="bbox 157 3306 2487 3407">
    <p class='ocr_par' dir='ltr' id='par_1_5' title="bbox 157 3306 2487 3407">
     <span class='ocr_line' id='line_1_30' title="bbox 157 3306 2487 3407; baseline 0.005 -29"><span class='ocrx_word' id='word_1_280' title='bbox 157 3315 276 3382; x_wconf 92' lang='lat' dir='ltr'>bus</span> <span class='ocrx_word' id='word_1_281' title='bbox 294 3367 310 3395; x_wconf 95' lang='lat'>,</span> <span class='ocrx_word' id='word_1_282' title='bbox 335 3328 415 3384; x_wconf 92' lang='lat' dir='ltr'>ut</span> <span class='ocrx_word' id='word_1_283' title='bbox 433 3323 746 3407; x_wconf 74' lang='lat' dir='ltr'>praetium</span> <span class='ocrx_word' id='word_1_284' title='bbox 763 3369 779 3399; x_wconf 87' lang='lat'>‚</span> <span class='ocrx_word' id='word_1_285' title='bbox 798 3343 1125 3406; x_wconf 79' lang='lat' dir='ltr'>praemere</span> <span class='ocrx_word' id='word_1_286' title='bbox 1140 3368 1158 3401; x_wconf 83' lang='lat'><em>,</em></span> <span class='ocrx_word' id='word_1_287' title='bbox 1176 3342 1433 3405; x_wconf 72' lang='lat' dir='ltr'>qraeyes</span> <span class='ocrx_word' id='word_1_288' title='bbox 1446 3367 1464 3399; x_wconf 84' lang='lat'><strong><em>,</em></strong></span> <span class='ocrx_word' id='word_1_289' title='bbox 1488 3319 1701 3384; x_wconf 73' lang='lat' dir='ltr'>haebes</span> <span class='ocrx_word' id='word_1_290' title='bbox 1713 3368 1734 3400; x_wconf 86' lang='lat'><em>,</em></span> <span class='ocrx_word' id='word_1_291' title='bbox 1758 3320 2152 3387; x_wconf 75' lang='lat' dir='ltr'>adcae‘lerare</span> <span class='ocrx_word' id='word_1_292' title='bbox 2166 3371 2184 3403; x_wconf 88' lang='lat'>‚</span> <span class='ocrx_word' id='word_1_293' title='bbox 2208 3324 2368 3389; x_wconf 87' lang='lat' dir='ltr'>Pae—</span> <span class='ocrx_word' id='word_1_294' title='bbox 2486 3306 2487 3309; x_wconf 8' lang='grc' dir='ltr'><strong>Ἴ</strong></span> 
     </span>
    </p>
   </div>
   <div class='ocr_carea' id='block_1_4' title="bbox 148 3414 2371 4290">
    <p class='ocr_par' dir='ltr' id='par_1_6' title="bbox 148 3414 2371 3972">
     <span class='ocr_line' id='line_1_31' title="bbox 149 3414 2367 3507; baseline 0.004 -29"><span class='ocrx_word' id='word_1_295' title='bbox 149 3414 368 3481; x_wconf 55' lang='grc' dir='ltr'>Δἀίαηιιε</span> <span class='ocrx_word' id='word_1_296' title='bbox 386 3468 405 3500; x_wconf 82' lang='grc'>,</span> <span class='ocrx_word' id='word_1_297' title='bbox 436 3420 724 3504; x_wconf 71' lang='lat' dir='ltr'>aepulari</span> <span class='ocrx_word' id='word_1_298' title='bbox 742 3467 760 3499; x_wconf 87' lang='lat'><strong><em>,</em></strong></span> <span class='ocrx_word' id='word_1_299' title='bbox 793 3420 1060 3493; x_wconf 82' lang='lat' dir='ltr'>caecidi,</span> <span class='ocrx_word' id='word_1_300' title='bbox 1091 3419 1403 3506; x_wconf 81' lang='lat' dir='ltr'>quaerella</span> <span class='ocrx_word' id='word_1_301' title='bbox 1425 3467 1443 3497; x_wconf 86' lang='lat'><strong><em>,</em></strong></span> <span class='ocrx_word' id='word_1_302' title='bbox 1472 3420 1836 3504; x_wconf 75' lang='lat' dir='ltr'>vaeprecula</span> <span class='ocrx_word' id='word_1_303' title='bbox 1854 3468 1872 3500; x_wconf 91' lang='lat'><strong><em>,</em></strong></span> <span class='ocrx_word' id='word_1_304' title='bbox 1903 3422 2338 3507; x_wconf 77' lang='lat' dir='ltr'>interpraetari</span> <span class='ocrx_word' id='word_1_305' title='bbox 2349 3473 2367 3503; x_wconf 86' lang='lat'><strong><em>,</em></strong></span> 
     </span>
     <span class='ocr_line' id='line_1_32' title="bbox 149 3515 2367 3600; baseline 0.001 -21"><span class='ocrx_word' id='word_1_306' title='bbox 149 3515 380 3595; x_wconf 74' lang='lat' dir='ltr'>piaetas</span> <span class='ocrx_word' id='word_1_307' title='bbox 397 3567 417 3597; x_wconf 81' lang='lat'><em>,</em></span> <span class='ocrx_word' id='word_1_308' title='bbox 443 3519 734 3581; x_wconf 74' lang='lat' dir='ltr'>sociaetas</span> <span class='ocrx_word' id='word_1_309' title='bbox 753 3565 771 3597; x_wconf 91' lang='lat'><strong><em>,</em></strong></span> <span class='ocrx_word' id='word_1_310' title='bbox 800 3516 960 3579; x_wconf 90' lang='lat' dir='ltr'>item</span> <span class='ocrx_word' id='word_1_311' title='bbox 976 3518 1244 3600; x_wconf 77' lang='lat' dir='ltr'>plaewas</span> <span class='ocrx_word' id='word_1_312' title='bbox 1262 3564 1281 3596; x_wconf 84' lang='grc'>,</span> <span class='ocrx_word' id='word_1_313' title='bbox 1311 3517 1590 3580; x_wconf 72' lang='grc' dir='ltr'><strong><em>αἶὶαεπυε</em></strong></span> <span class='ocrx_word' id='word_1_314' title='bbox 1609 3565 1628 3596; x_wconf 90' lang='grc'>,</span> <span class='ocrx_word' id='word_1_315' title='bbox 1656 3517 1849 3580; x_wconf 78' lang='lat' dir='ltr'>raeda</span> <span class='ocrx_word' id='word_1_316' title='bbox 1869 3566 1887 3596; x_wconf 86' lang='lat'><strong><em>,</em></strong></span> <span class='ocrx_word' id='word_1_317' title='bbox 1929 3519 2334 3582; x_wconf 77' lang='lat' dir='ltr'>laenocinium</span> <span class='ocrx_word' id='word_1_318' title='bbox 2349 3570 2367 3600; x_wconf 86' lang='lat'><strong><em>,</em></strong></span> 
     </span>
     <span class='ocr_line' id='line_1_33' title="bbox 150 3611 2369 3701; baseline 0.002 -25"><span class='ocrx_word' id='word_1_319' title='bbox 150 3611 577 3701; x_wconf 76' lang='lat' dir='ltr'>plaerwmque,</span> <span class='ocrx_word' id='word_1_320' title='bbox 609 3636 782 3700; x_wconf 88' lang='lat' dir='ltr'>quae</span> <span class='ocrx_word' id='word_1_321' title='bbox 810 3614 1057 3678; x_wconf 91' lang='lat' dir='ltr'>indicio</span> <span class='ocrx_word' id='word_1_322' title='bbox 1082 3622 1241 3678; x_wconf 91' lang='lat' dir='ltr'>sunt</span> <span class='ocrx_word' id='word_1_323' title='bbox 1259 3614 1432 3677; x_wconf 87' lang='lat' dir='ltr'>haec</span> <span class='ocrx_word' id='word_1_324' title='bbox 1454 3614 1788 3678; x_wconf 85' lang='lat' dir='ltr'>vocabula</span> <span class='ocrx_word' id='word_1_325' title='bbox 1815 3638 1848 3678; x_wconf 91' lang='lat' dir='ltr'>e</span> <span class='ocrx_word' id='word_1_326' title='bbox 1877 3622 2115 3698; x_wconf 85' lang='lat' dir='ltr'>aperto</span> <span class='ocrx_word' id='word_1_327' title='bbox 2135 3665 2150 3690; x_wconf 91' lang='lat'>‚</span> <span class='ocrx_word' id='word_1_328' title='bbox 2183 3616 2369 3700; x_wconf 87' lang='lat' dir='ltr'>quod</span> 
     </span>
     <span class='ocr_line' id='line_1_34' title="bbox 157 3705 2371 3797; baseline 0.004 -29"><span class='ocrx_word' id='word_1_329' title='bbox 157 3705 300 3773; x_wconf 86' lang='lat' dir='ltr'>Itali</span> <span class='ocrx_word' id='word_1_330' title='bbox 322 3711 592 3788; x_wconf 91' lang='lat' dir='ltr'>dicunt,</span> <span class='ocrx_word' id='word_1_331' title='bbox 621 3711 1033 3797; x_wconf 85' lang='lat' dir='ltr'>proferenda</span> <span class='ocrx_word' id='word_1_332' title='bbox 1063 3732 1210 3775; x_wconf 91' lang='lat' dir='ltr'>esse</span> <span class='ocrx_word' id='word_1_333' title='bbox 1230 3760 1243 3773; x_wconf 91' lang='lat'><strong>.</strong></span> <span class='ocrx_word' id='word_1_334' title='bbox 1274 3710 1408 3775; x_wconf 91' lang='lat' dir='ltr'>hoc</span> <span class='ocrx_word' id='word_1_335' title='bbox 1432 3718 1668 3796; x_wconf 88' lang='lat' dir='ltr'>aperto</span> <span class='ocrx_word' id='word_1_336' title='bbox 1694 3732 1861 3775; x_wconf 91' lang='lat' dir='ltr'>sono</span> <span class='ocrx_word' id='word_1_337' title='bbox 1886 3712 2028 3775; x_wconf 86' lang='lat' dir='ltr'>ruri</span> <span class='ocrx_word' id='word_1_338' title='bbox 2051 3711 2371 3778; x_wconf 90' lang='lat' dir='ltr'>dicebant</span> 
     </span>
     <span class='ocr_line' id='line_1_35' title="bbox 148 3807 2371 3896; baseline 0.003 -26"><span class='ocrx_word' id='word_1_339' title='bbox 148 3819 354 3885; x_wconf 75' lang='lat' dir='ltr'>pretor</span> <span class='ocrx_word' id='word_1_340' title='bbox 392 3830 528 3896; x_wconf 89' lang='lat' dir='ltr'>quo</span> <span class='ocrx_word' id='word_1_341' title='bbox 567 3819 874 3896; x_wconf 91' lang='lat' dir='ltr'>tempore</span> <span class='ocrx_word' id='word_1_342' title='bbox 913 3810 984 3872; x_wconf 85' lang='lat' dir='ltr'>in</span> <span class='ocrx_word' id='word_1_343' title='bbox 1023 3810 1190 3873; x_wconf 93' lang='lat' dir='ltr'>urbe</span> <span class='ocrx_word' id='word_1_344' title='bbox 1220 3833 1294 3872; x_wconf 86' lang='lat' dir='ltr'>ae</span> <span class='ocrx_word' id='word_1_345' title='bbox 1324 3807 1790 3894; x_wconf 85' lang='lat' dir='ltr'>diphthongus</span> <span class='ocrx_word' id='word_1_346' title='bbox 1821 3809 2040 3874; x_wconf 87' lang='lat' dir='ltr'>audiri</span> <span class='ocrx_word' id='word_1_347' title='bbox 2068 3810 2371 3876; x_wconf 91' lang='lat' dir='ltr'>nondum</span> 
     </span>
     <span class='ocr_line' id='line_1_36' title="bbox 162 3899 480 3972; baseline 0.035 -10"><span class='ocrx_word' id='word_1_348' title='bbox 162 3899 448 3972; x_wconf 86' lang='lat' dir='ltr'>desierat</span> <span class='ocrx_word' id='word_1_349' title='bbox 466 3956 480 3972; x_wconf 90' lang='lat'><strong><em>.</em></strong></span> 
     </span>
    </p>

    <p class='ocr_par' dir='ltr' id='par_1_7' title="bbox 159 4004 2370 4290">
     <span class='ocr_line' id='line_1_37' title="bbox 321 4004 2370 4074; baseline 0.002 -7"><span class='ocrx_word' id='word_1_350' title='bbox 321 4005 976 4070; x_wconf 66' lang='lat' dir='ltr'>1230.Vssmonum</span> <span class='ocrx_word' id='word_1_351' title='bbox 1006 4027 1357 4069; x_wconf 77' lang='lat' dir='ltr'>PAvas</span> <span class='ocrx_word' id='word_1_352' title='bbox 1388 4026 1662 4069; x_wconf 62' lang='lat' dir='ltr'>paens,</span> <span class='ocrx_word' id='word_1_353' title='bbox 1686 4004 1789 4070; x_wconf 90' lang='lat' dir='ltr'>De</span> <span class='ocrx_word' id='word_1_354' title='bbox 1811 4005 1945 4070; x_wconf 92' lang='lat' dir='ltr'>hoc</span> <span class='ocrx_word' id='word_1_355' title='bbox 1968 4029 2171 4072; x_wconf 89' lang='lat' dir='ltr'>versu</span> <span class='ocrx_word' id='word_1_356' title='bbox 2192 4009 2370 4074; x_wconf 90' lang='lat' dir='ltr'>idem</span> 
     </span>
     <span class='ocr_line' id='line_1_38' title="bbox 159 4094 2366 4190; baseline 0.005 -31"><span class='ocrx_word' id='word_1_357' title='bbox 159 4094 509 4167; x_wconf 89' lang='lat' dir='ltr'>dicendum</span> <span class='ocrx_word' id='word_1_358' title='bbox 538 4110 643 4169; x_wconf 91' lang='lat' dir='ltr'>est</span> <span class='ocrx_word' id='word_1_359' title='bbox 673 4104 859 4189; x_wconf 91' lang='lat' dir='ltr'>quod</span> <span class='ocrx_word' id='word_1_360' title='bbox 889 4125 1095 4190; x_wconf 90' lang='lat' dir='ltr'>supra</span> <span class='ocrx_word' id='word_1_361' title='bbox 1124 4104 1263 4168; x_wconf 87' lang='lat' dir='ltr'>dixi</span> <span class='ocrx_word' id='word_1_362' title='bbox 1295 4103 1380 4168; x_wconf 90' lang='lat' dir='ltr'>de</span> <span class='ocrx_word' id='word_1_363' title='bbox 1416 4103 1570 4168; x_wconf 88' lang='grc'><strong>1031</strong></span> <span class='ocrx_word' id='word_1_364' title='bbox 1605 4104 1758 4169; x_wconf 91' lang='lat' dir='ltr'>libri</span> <span class='ocrx_word' id='word_1_365' title='bbox 1786 4106 2002 4170; x_wconf 86' lang='lat' dir='ltr'>tertii.</span> <span class='ocrx_word' id='word_1_366' title='bbox 2047 4128 2201 4170; x_wconf 89' lang='lat' dir='ltr'>nam</span> <span class='ocrx_word' id='word_1_367' title='bbox 2228 4131 2366 4171; x_wconf 78' lang='lat' dir='ltr'>ven-</span> 
     </span>
     <span class='ocr_line' id='line_1_39' title="bbox 160 4202 2367 4290; baseline 0.004 -30"><span class='ocrx_word' id='word_1_368' title='bbox 160 4202 346 4262; x_wconf 72' lang='lat' dir='ltr'>torum</span> <span class='ocrx_word' id='word_1_369' title='bbox 363 4224 555 4287; x_wconf 77' lang='lat' dir='ltr'>paces</span> <span class='ocrx_word' id='word_1_370' title='bbox 581 4202 993 4287; x_wconf 88' lang='lat' dir='ltr'>ineptissime</span> <span class='ocrx_word' id='word_1_371' title='bbox 1017 4202 1437 4268; x_wconf 89' lang='lat' dir='ltr'>subiciuntur</span> <span class='ocrx_word' id='word_1_372' title='bbox 1460 4203 1656 4267; x_wconf 80' lang='lat' dir='ltr'>divom</span> <span class='ocrx_word' id='word_1_373' title='bbox 1665 4207 1851 4289; x_wconf 77' lang='lat' dir='ltr'>paci,</span> <span class='ocrx_word' id='word_1_374' title='bbox 1885 4225 2019 4289; x_wconf 89' lang='lat' dir='ltr'>qua</span> <span class='ocrx_word' id='word_1_375' title='bbox 2040 4205 2367 4290; x_wconf 89' lang='lat' dir='ltr'>significa-</span> 
     </span>
    </p>
   </div>
   <div class='ocr_carea' id='block_1_5' title="bbox 159 4293 2367 4460">
    <p class='ocr_par' dir='ltr' id='par_1_8' title="bbox 159 4293 2367 4460">
     <span class='ocr_line' id='line_1_40' title="bbox 159 4293 2367 4447; baseline 0.003 -91"><span class='ocrx_word' id='word_1_376' title='bbox 159 4293 267 4447; x_wconf 52' lang='lat' dir='ltr'>Eur</span> <span class='ocrx_word' id='word_1_377' title='bbox 307 4306 549 4380; x_wconf 86' lang='lat' dir='ltr'>pacata</span> <span class='ocrx_word' id='word_1_378' title='bbox 594 4299 874 4364; x_wconf 93' lang='lat' dir='ltr'>deorum</span> <span class='ocrx_word' id='word_1_379' title='bbox 918 4299 1163 4365; x_wconf 90' lang='lat' dir='ltr'>sedes.</span> <span class='ocrx_word' id='word_1_380' title='bbox 1210 4300 1299 4364; x_wconf 90' lang='lat' dir='ltr'>ad</span> <span class='ocrx_word' id='word_1_381' title='bbox 1338 4303 1572 4392; x_wconf 67' lang='lat' dir='ltr'>quae-sit</span> <span class='ocrx_word' id='word_1_382' title='bbox 1606 4310 1829 4366; x_wconf 89' lang='lat' dir='ltr'>autem</span> <span class='ocrx_word' id='word_1_383' title='bbox 1858 4308 2082 4365; x_wconf 88' lang='lat' dir='ltr'>mente</span> <span class='ocrx_word' id='word_1_384' title='bbox 2113 4299 2367 4364; x_wconf 90' lang='lat' dir='ltr'>adden-</span> 
     </span>
     <span class='ocr_line' id='line_1_41' title="bbox 210 4403 607 4460; baseline 0.016 -6"><span class='ocrx_word' id='word_1_385' title='bbox 210 4408 316 4455; x_wconf 87' lang='lat' dir='ltr'>um</span> <span class='ocrx_word' id='word_1_386' title='bbox 345 4403 449 4458; x_wconf 89' lang='lat' dir='ltr'>est</span> <span class='ocrx_word' id='word_1_387' title='bbox 477 4419 607 4460; x_wconf 74' lang='lat' dir='ltr'>eos·</span> 
     </span>
    </p>
   </div>
   <div class='ocr_carea' id='block_1_6' title="bbox 1847 4497 1967 4561">
    <p class='ocr_par' dir='ltr' id='par_1_9' title="bbox 1847 4497 1967 4561">
     <span class='ocr_line' id='line_1_42' title="bbox 1847 4497 1967 4561; baseline -0.017 0"><span class='ocrx_word' id='word_1_388' title='bbox 1847 4497 1967 4561; x_wconf 71' lang='lat'>22⁸</span> 
     </span>
    </p>
   </div>
  </div>
 </body>
</html>
