2840 5008
505 398 641 484 190
1389 407 1392 412 ·
1591 400 1659 467 v

577 571 745 636 Inde
775 592 965 636 casas
992 581 1153 657 post
1181 594 1379 658 quam
1410 595 1490 638 86
1518 574 1709 660 pellis
1738 574 2091 661 ignemque
2120 587 2469 663 pararunt,

498 695 566 751 et
592 686 824 751 mulier
855 688 1208 753 coniuncta
1235 690 1378 753 viro
1409 679 1745 753 concessit
1773 690 1842 753 in
1870 711 2072 755 unum

498 802 851 866 conubium
869 851 884 879 ,
905 803 1294 888 prolemque
1326 825 1409 867 ex
1438 825 1510 866 se
1540 803 1769 868 videre
1802 814 2120 882 creatam,

494 925 636 980 tum
663 939 872 1004 genus
900 918 1261 982 humanum
1288 917 1571 1005 primum
1598 920 1984 984 mollescere
2016 922 2264 1007 coepit.

335 1048 461 1094 1015
491 1032 663 1118 ignis
692 1034 862 1097 enim
892 1035 1151 1097 curavit
1178 1042 1254 1096 ut
1282 1032 1446 1097 alsia
1476 1055 1763 1119 corpora
1788 1034 1998 1121 frigus

494 1169 631 1211 non
658 1148 752 1211 ita
777 1150 906 1212 iam
935 1156 1216 1234 possent
1245 1149 1408 1212 caeli
1437 1149 1560 1212 sub
1591 1151 1878 1235 tegmine
1907 1149 2112 1225 ferre,

473 1270 566 1326 'et
593 1263 827 1328 Venus
856 1264 1157 1328 inminuit
1185 1264 1345 1338 viris
1363 1312 1378 1340 ,
1399 1265 1724 1349 puerique
1752 1274 2104 1351 parentum

497 1377 836 1443 blanditiis
864 1379 1058 1443 facile
1085 1379 1423 1464 ingenium
1448 1378 1710 1465 fregere
1741 1373 2132 1465 superbum}

500 1501 659 1557 tunc
690 1502 757 1558 et
784 1494 1131 1569 amicitiem
1161 1501 1532 1579 coeperunt
1558 1495 1832 1579 iungere
1863 1503 2135 1558 aventes

337 1625 466 1671 1020
494 1609 749 1673 finitimi
776 1609 949 1673 inter
978 1631 1050 1672 se
1079 1630 1204 1672 1166
1232 1608 1500 1673 laedere
1531 1630 1655 1672 nec
1685 1609 1950 1684 violari,

499 1731 569 1787 et
595 1745 842 1810 pueros
874 1723 1424 1788 commendarunt
1450 1724 1900 1808 muliebreque
1931 1725 2220 1788 saeclum
2238 1774 2253 1798 ,

495 1840 775 1903 vocibus
806 1848 874 1904 et
901 1847 1097 1925 gestu
1127 1861 1275 1902 611111
1300 1838 1499 1903 balbe
1529 1839 1976 1925 significarent

494 1954 968 2019 imbecillorum
1001 1975 1146 2018 esse
1177 1976 1409 2042 aecum
1438 1954 1807 2017 misererier
1839 1954 2049 2017 omnis
2069 2003 2082 2016 .

495 2092 620 2134 nec
646 2078 870 2135 tamen
900 2068 1296 2134 omnimodis
1328 2077 1596 2154 poterat
1625 2068 1986 2133 concordia
2014 2068 2222 2154 gigni,

337 2202 462 2248 1025
496 2185 621 2250 sed
651 2188 831 2250 bona
859 2206 1230 2271 magnaque
1258 2203 1418 2271 pars
1450 2185 1761 2248 servabat
1788 2183 2067 2248 foedera
2095 2193 2308 2248 caste:

496 2310 614 2366 aut
641 2322 851 2387 genus
878 2300 1239 2364 humanum
1266 2300 1397 2363 iam
1426 2309 1566 2363 tum
1595 2298 1775 2363 foret
1805 2320 1997 2363 omne
2024 2306 2445 2385 peremptum
2462 2348 2478 2375 ,

496 2439 622 2482 1166
654 2416 985 2502 potuisset
1013 2414 1236 2478 adhuc
1264 2412 1638 2501 perducere
1667 2414 1890 2477 saecla
1916 2432 2252 2499 propago.

575 2535 670 2598 At
697 2533 921 2597 varios
948 2531 1211 2616 linguae
1242 2530 1501 2593 sonitus
1530 2539 1772 2594 natura
1803 2530 2066 2614 subegit

493 2651 760 2713 mittere
779 2697 793 2724 ,
817 2656 886 2712 et
913 2629 1162 2711 utilitas
1194 2645 1527 2731 expressit
1554 2647 1823 2710 nomina
1848 2666 2098 2719 rerum,

336 2781 466 2828 1030
496 2787 635 2828 non
664 2764 793 2827 alia
821 2764 1018 2848 longe
1047 2761 1308 2826 ratione
1339 2769 1542 2845 atque
1571 2760 1719 2844 ipsa
1746 2759 2012 2823 videtur

495 2878 891 2966 protrahere
923 2876 1011 2941 ad
1039 2885 1298 2963 gestum
1325 2896 1575 2962 pueros
1603 2874 1882 2938 infantia
1908 2874 2200 2958 linguae,

497 3016 647 3058 cum
673 2993 836 3056 facit
863 3000 939 3056 ut
969 2991 1176 3078 digito
1209 3011 1380 3076 quae
1410 2989 1547 3053 sint
1571 2989 1954 3077 praesentia
1981 2994 2356 3051 monstrent
2373 3035 2387 3050 .

497 3110 702 3174 sentit
730 3108 902 3172 enim
929 3107 1060 3171 vim
1091 3107 1373 3192 quisque
1403 3126 1589 3169 suam
1620 3126 1755 3190 quo
1786 3103 1874 3168 ad
1902 3103 2122 3189 possit
2149 3094 2362 3167 abuti.

497 3245 751 3289 cornua
776 3232 937 3287 nata
963 3222 1149 3309 prius
1177 3221 1386 3286 vitulo
1422 3238 1618 3306 quam
1647 3219 1981 3283 frontibus
2012 3224 2272 3291 extent,

334 3357 461 3404 1035
491 3340 619 3405 illis
645 3341 865 3404 iratus
885 3339 1058 3425 petit
1086 3344 1287 3422 atque
1316 3336 1604 3400 infestus
1629 3335 1924 3419 inurget.

495 3453 793 3520 at‘catuli
821 3452 1301 3541 pantherarum
1332 3451 1721 3539 scymnique
1750 3448 2017 3512 leonum

494 3570 826 3657 unguibus
857 3591 937 3632 ac
964 3566 1250 3653 pedibus
1278 3566 1407 3630 iam
1436 3573 1577 3629 tum
1607 3584 1968 3648 morsuque
1998 3569 2405 3647 repugnant,

494 3689 608 3753 vix
637 3687 833 3750 etiam
864 3705 1012 3747 cum
1043 3690 1199 3747 sunt
1229 3681 1467 3746 dentes
1496 3699 1888 3766 unguesque
1919 3677 2124 3741 creati
2142 3726 2155 3740 .

495 3802 768 3866 alituum
796 3822 1002 3886 porro
1033 3819 1243 3884 genus
1274 3798 1392 3861 alis
1424 3817 1617 3859 omne
1645 3793 1947 3858 videmus

335 3934 462 3981 1040
491 3915 700 3981 fidere
727 3924 797 3978 et
826 3936 865 3979 a
895 3914 1112 3999 pinnis
1140 3913 1493 3979 tremulum
1520 3918 1750 3995 petere
1782 3908 2193 3973 auxiliatum.

508 4240 633 4287 1011
666 4248 852 4292 cassas
890 4231 910 4299 ΙΙ
946 4228 1121 4300 pellus
1156 4229 1174 4297 ΙΙ
1218 4231 1344 4278 1013
1383 4226 1616 4296 Cognita
1651 4234 1775 4278 sunt
1812 4224 1832 4292 ΙΙ
1873 4229 2000 4277 1016
2037 4221 2198 4275 ferri.
2246 4221 2266 4289 Η
2309 4225 2439 4272 1020
2479 4221 2708 4275 violare.
2744 4225 2764 4294 Η

506 4321 633 4368 1023
661 4314 830 4370 0111111.
870 4312 890 4381 ΙΙ
929 4319 1057 4365 1025
1096 4311 1253 4364 casti.
1291 4307 1310 4375 ΙΙ
1353 4314 1481 4361 1033
1521 4309 1601 4361 vis
1637 4308 1657 4378 ΙΙ
1696 4305 1838 4377 quod
1875 4309 1894 4376 Η
1940 4310 2065 4359 1035
2106 4303 2338 4356 infessus
2376 4302 2395 4369 ΙΙ
2434 4309 2572 4356 1038
2596 4306 2720 4358 tiam
2744 4308 2763 4375 ΙΙ

507 4404 634 4451 1039
672 4413 936 4467 proporro
