2840 5008
511 377 647 445 134
1568 380 1696 447 IIII

503 572 702 613 unam
734 571 881 612 cum
909 550 1161 613 iaceres
1181 575 1196 614 z
1216 552 1311 615 ita
1340 552 1545 617 colles
1576 553 1853 617 collibus
1883 554 2008 638 ipsi

503 665 712 728 verba
739 664 1158 750 repulsantes
1187 666 1521 729 iterabant
1551 666 1754 732 docta
1781 668 2045 732 referri.

363 796 460 842 580
503 779 672 842 haec
701 780 851 843 loca
880 778 1275 865 capripedes
1306 789 1575 867 satyros
1602 782 2069 868 nymphasque
2103 790 2328 847 tenere

505 894 762 962 finitimi
787 893 1077 979 fingunt,
1105 902 1172 957 et
1199 893 1440 958 faunos
1474 917 1620 959 esse
1649 896 1990 972 locuntur,

512 1029 795 1092 quorum
824 1008 1179 1093 noctivago
1211 1011 1498 1094 strepitu
1530 1009 1824 1095 ludoque
1850 1013 2098 1075 iocanti

510 1121 862 1186 adfirmant
890 1123 1092 1207 volgo
1122 1124 1457 1187 taciturna
1485 1124 1745 1188 silentia
1771 1126 2018 1210 rumpi,

509 1236 1047 1322 chordarumque
1079 1259 1286 1301 sonos
1314 1238 1456 1301 fieri
1476 1287 1491 1313 ,
1519 1237 1865 1323 dulcisque
1896 1240 2254 1324 querellas,

367 1369 461 1415 585
507 1352 670 1415 tibia
700 1373 867 1437 quas
895 1351 1117 1415 fundit
1147 1352 1369 1437 digitis
1401 1353 1669 1438 pulsata
1699 1364 2081 1426 canentum,

511 1475 580 1531 et
608 1487 818 1551 genus
851 1467 1210 1551 agricolum
1238 1468 1372 1531 late
1402 1468 1764 1531 sentiscere
1784 1517 1798 1541 ‚
1824 1489 2023 1552 quom
2053 1468 2194 1532 Pan

510 1582 709 1665 pinea
736 1581 1021 1644 semiferi
1055 1582 1288 1665 capitis
1317 1581 1644 1644 velamina
1673 1604 1998 1667 quassans

511 1717 687 1758 unco
721 1716 921 1780 saepe
951 1696 1139 1759 labro
1171 1696 1458 1760 calamos
1489 1697 1821 1780 percurrit
1847 1697 2123 1769 hiantis,

510 1809 733 1873 fistula
761 1810 1131 1874 silvestrem
1161 1832 1244 1873 ne
1276 1819 1499 1874 cesset
1527 1810 1809 1873 fundere
1838 1832 2122 1874 musam.

373 1939 469 1986 590
516 1933 741 1988 cetera
771 1923 856 1987 de
886 1945 1130 2010 genere
1160 1925 1292 1988 hoc
1320 1933 1624 1989 monstra
1654 1948 1731 1988 ac
1760 1933 2080 2009 portenta
2109 1926 2503 2010 loquontur‚

515 2060 600 2102 ne
629 2040 780 2103 loca
810 2038 1080 2104 deserta
1107 2042 1190 2105 ab
1225 2039 1396 2104 divis
1428 2061 1697 2125 quoque
1725 2039 1901 2103 forte
1932 2039 2253 2126 putentur

515 2155 661 2218 sola
687 2162 917 2219 tenere
937 2205 950 2219 .
973 2154 1127 2219 ideo
1156 2156 1408 2218 iactant
1436 2155 1754 2218 miracula
1784 2153 2009 2228 dict-is,

515 2278 631 2332 aut
660 2270 882 2354 aliqua
909 2271 1168 2333 ratione
1199 2270 1325 2333 alia
1356 2269 1693 2332 ducuntur
1712 2318 1726 2343 ‚
1748 2277 1824 2332 ut
1852 2290 2045 2331 omne

513 2383 875 2447 humanum
903 2404 1113 2468 genus
1145 2390 1248 2446 est
1277 2383 1542 2446 avidum
1571 2384 1745 2446 nimi'
1773 2385 2221 2447 miraclorum.

375 2516 469 2562 595
599 2498 802 2580 Quod
831 2521 1033 2586 super
1065 2507 1200 2573 est,
1224 2520 1360 2562 non
1392 2507 1499 2562 est
1526 2496 1897 2562 mirandum
1928 2520 2061 2583 qua
2087 2498 2377 2572 ratione,

515 2637 636 2701 per
664 2617 815 2680 loca
846 2636 1017 2700 quae
1045 2622 1390 2698 nequeunt
1418 2613 1593 2676 oculi
1620 2634 1730 2677 res
1761 2635 2033 2677 cernere
2063 2623 2331 2698 apertas
2349 2662 2364 2687 ‚

516 2729 685 2792 haec
715 2731 866 2793 loca
892 2751 1015 2817 per
1044 2751 1247 2793 voees
1275 2729 1549 2792 veniant
1578 2728 1889 2812 aurisque
1917 2729 2254 2791 lacessant
2272 2776 2287 2802 ‚

521 2844 945 2928 conloquium
976 2845 1216 2907 clausis
1245 2843 1504 2906 foribus
1538 2862 1808 2926 quoque
1838 2864 2040 2929 saepe
2068 2843 2183 2905 ubi
2214 2841 2477 2917 demus3

518 2960 587 3022 ni
613 2959 849 3021 mirum
868 3007 883 3034 ‚
907 2959 1062 3043 quia
1088 2980 1224 3021 vox
1253 2978 1373 3043 per
1401 2957 1578 3019 flexa
1604 2956 1929 3019 foramina
1956 2972 2176 3019 rerum

375 3090 474 3137 600
517 3073 863 3146 incolumis
890 3073 1177 3136 transire
1207 3079 1432 3157 potest
1450 3120 1464 3146 ‚
1491 3071 1841 3134 simulacra
1868 3079 2214 3135 renutant:

519 3187 1038 3273 perscinduntur
1070 3188 1239 3249 enim
1258 3235 1273 3261 ,
1296 3185 1420 3248 nisi
1449 3193 1637 3249 recta
1662 3185 1986 3249 foramina
2012 3193 2314 3258 tranant,

526 3303 744 3387 qualia
774 3311 930 3366 sunt
957 3303 1183 3376 vitrei,
1208 3300 1467 3387 species
1500 3321 1633 3384 qua
1661 3300 1954 3364 travolat
1983 3299 2220 3362 omnis.
2300 3374 2315 3387 ἱ

521 3425 872 3506 praeterea
898 3416 1111 3501 partis
1139 3416 1208 3477 in
1239 3423 1515 3478 cunctas
1550 3414 1870 3478 dividitur
1899 3437 2065 3488 vox,
2135 3499 2190 3523 χ

523 3555 607 3597 ex
637 3532 780 3597 aliis
809 3531 976 3594 aliae
1007 3531 1317 3615 quoniam
1347 3530 1710 3614 gignuntur
1730 3579 1744 3603 ‚
1767 3530 1882 3593 ubi
1910 3549 2044 3592 una
2220 3524 2224 3525 ⁷

381 3664 476 3711 605
524 3646 810 3712 dissiluit
841 3645 1044 3710 semel
1071 3645 1138 3708 in
1168 3646 1405 3709 multas
1440 3652 1678 3708 exorta
1696 3693 1710 3719 ‚
1735 3644 1925 3728 quasi
1952 3643 2123 3729 ignis

527 3783 728 3848 saepe
758 3762 934 3825 solet
962 3761 1246 3827 scintilla
1275 3782 1438 3835 suos
1470 3780 1542 3823 se
1572 3758 1890 3846 spargere
1920 3762 1982 3820 in
2012 3757 2211 3843 igniS.

528 3897 687 3960 ergo
717 3877 1060 3962 replentur
1090 3877 1241 3940 loca
1269 3875 1546 3938 vocibus
1567 3923 1581 3948 ‚
1605 3872 1834 3938 abdita
1863 3880 2047 3936 retro

533 4196 630 4243 579
667 4188 809 4240 dicta
868 4187 888 4256 ΙΙ
950 4194 1039 4240 581
1083 4187 1268 4240 faunes
1324 4188 1343 4257 ΙΙ
1399 4194 1495 4240 582
1534 4186 1753 4239 locanti.
1808 4186 1828 4254 Η
1884 4191 1979 4238 587
2018 4184 2265 4237 ullamina
2320 4183 2340 4251 ΙΙ
2395 4188 2494 4235 590
2531 4181 2714 4234 Petere
2744 4166 2760 4236 ΙΙ

535 4279 630 4327 594
668 4270 1043 4324 auricularum.
1083 4272 1102 4342 Η
1145 4276 1242 4324 598
1279 4287 1442 4341 saepe
1478 4269 1741 4323 videmuS.
1779 4268 1798 4337 ΙΙ
1839 4274 1937 4322 600
1973 4273 2284 4321 renuntant.
2341 4265 2361 4332 ΙΙ
2405 4270 2500 4318 603
2540 4268 2716 4316 cuncta
2745 4252 2761 4319 Η

536 4363 631 4410 604
669 4357 852 4409 ubina.
