2840 5008
562 335 652 401 62
1656 335 1719 401 II

418 523 516 569 680
561 507 877 591 religione
909 507 1190 569 animum
1221 506 1401 592 turpi
1432 506 1817 591 contingere
1846 516 2105 594 parcat.

418 636 515 684 660
643 621 859 705 Saepe
888 620 1113 704 itaque
1146 642 1229 682 ex
1257 642 1390 683 uno
1423 619 1783 684 tondentes
1813 623 2108 706 gramina
2138 645 2374 710 campo

562 735 891 820 lanigerae
921 734 1217 821 pecudes
1249 742 1314 797 et
1344 755 1662 818 equorum
1700 734 1978 798 duellica
2007 738 2231 822 proles

560 850 1003 932 buceriaeque
1033 869 1270 933 greges
1302 847 1537 911 eodem
1569 850 1693 913 sub
1722 851 2007 935 tegmine
2038 851 2199 914 caeli

566 986 649 1027 ex
678 984 945 1047 unoque
975 963 1145 1025 sitim
1178 961 1493 1026 sedantes
1523 963 1783 1026 flumine
1815 964 2010 1048 aquai

565 1077 861 1142 dissimili
888 1077 1120 1140 vivont
1150 1078 1370 1161 specie
1390 1126 1405 1152 ‚
1427 1077 1847 1160 retinentque
1878 1087 2229 1163 parentum

421 1210 517 1257 665
562 1200 866 1257 naturam
897 1199 962 1254 et
989 1213 1208 1254 mores
1238 1191 1603 1276 generatim
1634 1210 1937 1276 quaeque
1965 1194 2331 1257 imitantur.

536 1380 539 1385 .
565 1315 754 1372 tanta
784 1314 920 1385 est,
942 1306 1011 1368 in
1043 1306 1280 1391 quovis
1310 1325 1553 1390 genere
1584 1305 1833 1387 herbae
1853 1356 1866 1381 ‚
1890 1309 2185 1371 materiai

568 1421 900 1485 dissimilis
929 1420 1100 1482 ratio
1122 1469 1137 1494 ‚
1160 1428 1348 1482 tanta
1379 1426 1483 1483 est
1511 1420 1578 1482 in
1604 1419 1868 1483 flumine
1900 1443 2197 1505 quoque.

482 1600 485 1601 γ
564 1535 721 1598 hinc
749 1556 955 1621 porro
987 1534 1288 1619 quamvis
1318 1535 1716 1599 animantem
1746 1556 1828 1598 ex
1859 1537 2161 1600 omnibus
2189 1557 2389 1601 unam

570 1671 727 1713 ossa
757 1670 954 1712 cr-uor
982 1667 1191 1711 venae
1223 1649 1404 1711 calor
1433 1671 1626 1713 umor
1655 1650 1914 1713 viscera
1943 1651 2130 1713 nervi
2235 1722 2241 1728 ,

426 1782 524 1827 670
546 1764 1019 1839 ’601186161111116ς
1044 1783 1214 1846 quae
1245 1771 1401 1826 sunt
1427 1786 1633 1849 porro
1667 1762 1984 1827 distantia
2012 1763 2236 1849 longe,

571 1877 867 1942 dissimili
895 1876 1193 1960 perfecta
1224 1876 1437 1962 figura
1465 1878 1937 1962 principiorum
1956 1927 1969 1940 .

570 2001 708 2057 tum
740 2013 944 2076 porro
977 2012 1145 2076 quae
1177 2012 1457 2074 cumque
1485 1991 1621 2076 igni
1648 1991 1978 2055 flammata
2007 2000 2382 2056 cremantur
2403 2043 2418 2068 ‚

571 2109 627 2170 si
655 2107 746 2169 nil
777 2113 1126 2191 praeterea
1144 2155 1158 2180 ‚
1180 2114 1402 2169 tamen
1431 2105 1599 2168 haec
1626 2106 1694 2168 in
1726 2127 2009 2191 corpore
2040 2106 2287 2181 celant,

569 2219 749 2284 unde
776 2221 995 2305 ignem
1022 2220 1237 2282 iacere
1271 2228 1338 2283 et
1364 2220 1584 2282 lumen
1616 2220 2019 2283 summittere
2046 2222 2308 2304 possint

430 2351 525 2398 675
572 2334 1025 2417 scintillasque
1055 2354 1250 2417 agere
1281 2355 1358 2396 ac
1386 2334 1522 2396 late
1555 2332 1818 2397 differre
1846 2333 2161 2398 favillam.

575 2458 799 2514 cetera
828 2448 1146 2512 consimili
1174 2447 1411 2512 mentis
1440 2448 1698 2511 ratione
1728 2469 2102 2534 peragrans

508 2649 513 2652 v
569 2566 865 2629 invenies
893 2564 1093 2648 igitur
1122 2562 1473 2625 multarum
1505 2564 1755 2627 semina
1781 2585 2002 2626 rerum

576 2699 860 2765 corpore
891 2678 1106 2740 celare
1138 2685 1205 2741 et
1232 2678 1452 2743 varias
1484 2678 1795 2742 cohibere
1824 2679 2100 2763 figuras.

577 2792 862 2875 denique
892 2791 1098 2854 multa
1127 2791 1316 2857 vides
1336 2842 1350 2868 ,
1375 2794 1617 2877 quibus
1650 2800 1717 2856 et
1748 2793 1933 2856 color
1963 2769 2030 2857 et
2061 2814 2261 2877 sapor
2289 2815 2423 2856 una

392 2878 527 2967 ’681
573 2903 839 2968 reddita
869 2913 1026 2968 sunt
1055 2927 1204 2968 cum
1235 2906 1477 2980 odore,
1499 2908 1564 2969 in
1597 2907 1805 2990 privis
1834 2908 2159 2991 pluraque
2190 2906 2395 2971 dona.

576 3011 760 3082 haec‘
775 3019 977 3103 igitur
1005 3020 1207 3083 variis
1238 3019 1488 3084 debent
1518 3027 1827 3083 constare
1856 3020 2111 3105 figuris:

576 3132 773 3196 nidor
803 3134 972 3196 enim
998 3141 1312 3220 penetrat
1342 3155 1475 3216 qua
1501 3134 1694 3198 fucus
1724 3156 1861 3198 non
1888 3136 1940 3198 it
1965 3136 2035 3198 in
2064 3144 2275 3210 artus,

577 3246 772 3338 fucus
800 3247 954 3310 item
988 3270 1246 3312 sorsum
1267 3297 1281 3322 ‚
1305 3270 1566 3312 sorsum
1596 3270 1797 3332 sapor
1824 3250 2197 3313 insinuatur

438 3377 534 3423 685
581 3363 887 3425 sensibus
907 3387 923 3437 ς
945 3370 1022 3425 116
1048 3383 1294 3425 noscas
1323 3364 1532 3445 privis
1563 3362 1790 3426 differe
1818 3363 2075 3448 figuris.

582 3475 934 3540 dissimiles
963 3476 1160 3558 igitur
1190 3475 1441 3538 formae
1472 3477 1913 3560 glomeramen
1942 3477 2009 3539 in
2039 3500 2240 3541 unum

584 3591 1019 3664 conveniunt,
1045 3596 1110 3651 et
1136 3610 1244 3651 res
1273 3590 1602 3672 permixto
1635 3591 1880 3655 semine
1912 3597 2257 3655 constant.

586 3705 744 3789 quin
775 3704 970 3768 etiam
998 3702 1245 3787 passim
1272 3694 1523 3767 nostris
1550 3705 1618 3767 in
1646 3704 1949 3769 versibus
1978 3706 2143 3791 ipsis

584 3818 787 3881 multa
818 3819 1137 3881 elementa
1163 3817 1353 3881 vides
1383 3820 1606 3882 multis
1638 3819 2008 3883 communia
2035 3820 2258 3883 verbis
2279 3868 2293 3893 ‚

592 4136 689 4182 680
725 4138 937 4199 parato.
996 4130 1015 4198 ΙΙ
1070 4136 1164 4181 663
1203 4130 1451 4184 sedentes
1496 4130 1515 4198 ΙΙ
1563 4135 1659 4181 664
1697 4131 1957 4181 retinente
1993 4137 2236 4199 parente.
2285 4128 2304 4196 11
2353 4133 2450 4179 668
2489 4146 2616 4180 una.
2659 4126 2678 4194 Η
2725 4120 2798 4170 673

590 4213 893 4267 traduntur.
939 4214 958 4281 ΙΙ
1002 4218 1099 4267 674
1137 4214 1259 4283 igne
1308 4213 1327 4281 ΙΙ
1372 4218 1465 4264 681
1505 4213 1688 4282 primis
1723 4211 1974 4280 pleraque
2023 4212 2042 4278 ΙΙ
2088 4217 2184 4262 683
2223 4227 2379 4262 sucus
2416 4211 2435 4278 Η
2472 4217 2572 4262 684
2609 4210 2759 4261 Sucus
2786 4199 2800 4264 ΙΙ

592 4314 798 4350 sorsum
835 4300 1002 4350 semel.
1040 4297 1060 4364 ΙΙ
1099 4302 1195 4348 685
1234 4296 1416 4365 primis
