2840 5008
460 414 465 421 ’
557 412 643 478 42
1030 398 1046 419 ⁸
1647 413 1708 478 Il

549 607 621 648 re
653 606 945 669 veraque
978 593 1188 648 metus
1215 583 1555 647 hominum
1587 606 1919 669 curaeque
1950 608 2274 670 sequaces
2365 658 2371 662 ,

546 721 669 762 nec
698 707 999 763 metuunt
1028 698 1287 762 sonitus
1317 719 1649 761 armorum
1677 722 1801 762 nec
1830 699 1973 763 fera
2001 702 2136 764 tela
2155 750 2169 775 ‚

424 831 485 876 50
547 814 1001 897 audacterque
1029 814 1204 875 inter
1233 833 1429 897 reges
1457 834 1816 897 rerumque
1841 816 2136 897 potentis

544 936 898 992 versantur
917 976 932 1002 ,
956 948 1171 1011 neque
1199 926 1525 1011 fulgorem
1554 935 1945 991 reverentur
1977 930 2059 993 ab
2092 950 2253 992 auro

542 1065 665 1106 nec
697 1044 944 1106 clarum
973 1041 1180 1105 vestis
1213 1039 1642 1125 splendorem
1671 1043 2063 1126 purpureai‚

543 1157 706 1242 quid
738 1155 1004 1220 dubitas
1037 1155 1196 1242 quin
1227 1156 1419 1218 omni’
1451 1155 1538 1218 sit
1565 1155 1733 1219 haec
1762 1157 2021 1220 rationi’
2051 1157 2399 1241 potestas?

549 1271 760 1334 omnis
793 1293 939 1333 cum
966 1272 1035 1332 in
1067 1270 1361 1333 tenebris
1391 1271 1781 1355 praesertim
1813 1271 1950 1334 vita
1978 1271 2266 1335 laboret:

421 1402 481 1446 55
542 1406 695 1448 nam
722 1386 830 1449 vel
856 1385 955 1447 uti
982 1385 1172 1471 pueri
1202 1383 1545 1469 trepidant
1574 1394 1776 1469 atque
1807 1386 2024 1449 omnia
2054 1387 2265 1449 caecis

537 1501 605 1562 in
636 1499 931 1562 tenebris
960 1507 1292 1572 metuunt,
1318 1499 1412 1576 sic
1442 1521 1568 1562 nos
1598 1501 1663 1561 in
1692 1499 1839 1562 luce
1869 1499 2169 1563 timemus

537 1615 712 1677 inter
742 1613 896 1676 dum
917 1662 931 1688 ‚
954 1613 1086 1676 nilo
1119 1635 1289 1697 quae
1321 1620 1479 1676 sunt
1507 1613 1862 1677 metuenda
1890 1614 2097 1697 magis
2130 1637 2325 1700 quam

540 1750 710 1813 quae
739 1728 928 1812 pueri
954 1728 1023 1789 in
1051 1729 1343 1791 tenebris
1374 1729 1676 1812 pavitant
1703 1729 2092 1813 finguntque
2120 1729 2371 1792 futura.

538 1843 717 1906 hunc
746 1842 945 1927 igitur
973 1850 1298 1906 terrorem
1328 1843 1524 1906 animi
1553 1845 1998 1928 tenebrasque
2030 1851 2372 1907 necessest

416 1974 478 2019 60
538 1979 673 2020 non
703 1956 872 2020 radii
903 1957 1063 2020 solis
1096 1978 1313 2041 neque
1344 1957 1566 2020 lucida
1594 1957 1729 2021 tela
1760 1956 1890 2020 diei

537 2070 928 2146 discutiant,
953 2071 1073 2135 sed
1103 2080 1380 2135 naturae
1413 2072 1672 2157 species
1701 2073 2037 2156 ratioque.

619 2186 813 2250 Nunc
845 2207 967 2271 age
987 2235 1001 2260 ‚
1027 2209 1159 2270 quo
1189 2194 1373 2250 motu
1402 2186 1714 2271 genitalia
1742 2187 2032 2249 materiai

538 2322 825 2386 corpora
854 2323 964 2363 res
993 2300 1212 2363 varias
1244 2301 1519 2385 gignant
1548 2301 1938 2385 genitasque
1968 2302 2340 2377 resolvant,

533 2424 600 2480 et
630 2437 761 2501 qua
789 2416 854 2479 vi
883 2414 1105 2478 facere
1134 2412 1206 2476 id
1239 2422 1565 2499 cogantur
1585 2462 1599 2487 ‚
1625 2436 1929 2499 quaeque
1961 2416 2048 2478 sit
2080 2416 2225 2480 ollis

410 2550 472 2593 65
531 2531 798 2595 reddita
825 2530 1156 2594 mobilitas
1185 2550 1494 2615 magnum
1523 2550 1643 2616 per
1671 2531 1865 2592 inane
1896 2529 2187 2604 meandi,

533 2645 919 2730 expediam:
944 2653 1019 2707 tu
1048 2653 1116 2708 te
1148 2644 1344 2708 dictis
1375 2645 1701 2729 praebere
1732 2653 2088 2708 memento,

530 2782 682 2822 nam
713 2767 894 2822 certe
924 2782 1061 2822 non
1088 2761 1260 2823 inter
1291 2781 1362 2823 se
1394 2760 1639 2845 stipata
1670 2759 1986 2823 cohaeret

530 2873 836 2938 materies
856 2922 870 2947 ‚
895 2876 1209 2957 quoniam
1238 2875 1441 2937 minui
1469 2896 1608 2936 rem
1643 2873 2328 2958 quamque‘videmusj

533 2999 602 3052 et
631 2988 821 3073 quasi
853 2988 1214 3073 longinquo
1246 2988 1451 3051 fluere
1485 2973 1701 3050 &mnia
1734 2990 2061 3051 cernimus
2092 2976 2257 3051 aevo

407 3122 468 3164 70
532 3125 613 3166 ex
646 3102 989 3186 oculisque
1021 3110 1420 3166 vetustatem
1455 3102 1830 3165 subducere
1861 3104 2140 3177 nostris,

531 3240 675 3280 cum
710 3225 927 3280 tamen
955 3218 1300 3281 incolumis
1330 3214 1639 3279 videatur
1671 3237 1923 3279 summa
1951 3239 2217 3280 manere

529 3340 890 3417 propterea
921 3332 1107 3416 quia,
1131 3352 1300 3415 quae
1333 3329 1672 3393 decedunt
1702 3352 1991 3415 corpora
2022 3332 2287 3416 cuique,

528 3446 708 3514 unde
739 3448 987 3510 abeunt
1015 3446 1315 3508 minuunt
1334 3494 1348 3519 ,
1373 3467 1507 3529 quo
1538 3466 1783 3508 venere
1816 3448 2117 3531 augmine
2150 3446 2435 3523 donant,

523 3562 635 3625 illa
665 3581 1012 3625 senescere
1044 3567 1113 3622 at
1142 3559 1308 3622 haec
1340 3567 1578 3622 contra
1605 3560 1960 3624 florescere
1991 3571 2271 3646 cogunt,

404 3694 466 3737 75
523 3700 648 3740 nec
676 3683 1099 3740 remorantur
1128 3675 1251 3738 ibi.
1275 3676 1369 3738 sic
1400 3696 1625 3738 rerum
1654 3697 1906 3738 summa
1933 3683 2224 3739 novatur

530 3813 792 3877 semper
811 3841 826 3867 ,
853 3799 918 3854 et
946 3790 1121 3854 inter
1153 3812 1224 3853 se
1256 3791 1572 3855 mortales
1602 3797 1828 3852 mutua
1856 3791 2118 3853 vivunt.

528 3913 895 3991 augescunt
924 3905 1087 3969 aliae
1118 3914 1353 3990 gentes
1373 3955 1388 3980 ,
1412 3905 1576 3968 aliae
1606 3904 2016 3978 minuuntur,

525 4024 726 4105 inque
756 4020 945 4083 brevi
976 4020 1190 4106 spatio
1221 4028 1562 4083 mutantur
1595 4020 1814 4082 saecla
1844 4020 2243 4083 animantum

528 4144 594 4199 et
625 4136 817 4219 quasi
847 4156 1155 4198 cursores
1188 4136 1345 4198 vitai
1375 4131 1687 4218 lampada
1719 4132 2023 4195 tradunt.

533 4390 594 4433 52
621 4400 876 4452 purpura.
917 4383 935 4450 ΙΙ
976 4389 1037 4433 54
1064 4383 1302 4432 raboret.
1344 4382 1362 4449 ΙΙ
1403 4388 1464 4432 62
1493 4382 1767 4432 materiae.
1806 4381 1824 4449 ΙΙ
1867 4388 1930 4433 68
1957 4381 2413 4451 quamquidemus.
2442 4379 2460 4448 ΙΙ
2490 4387 2553 4432 73
2583 4381 2771 4450 agmine
