2840 5008
514 416 653 484 210
1577 414 1669 481 111

511 588 771 654 Alfredi
795 587 1232 652 Fleckeisenii
1257 586 1605 673 diligentia
1627 636 1644 663 ,
1675 588 1790 672 qui
1821 588 1890 650 in
1913 587 2530 652 exercitationibus
2552 587 2758 651 Plau-

513 686 671 751 tinis
701 685 1066 771 Gottingae
1097 705 1273 747 anno
1313 683 1467 747 1842
1517 682 1717 749 editis
1748 705 1980 749 omnes
2009 685 2254 749 horum
2283 684 2757 769 perfectorum

514 785 766 849 formas
809 803 1054 868 magno
1101 804 1247 846 cum
1294 781 1524 846 studio
1570 783 1857 847 contulit
1885 831 1898 844 .
1942 784 2173 866 itaque
2219 804 2308 847 ex
2355 784 2508 846 eius
2554 782 2758 847 libelli

514 907 588 967 p„
609 881 649 945 8
680 887 748 942 et
777 877 859 943 29
904 886 1079 963 quae'
1121 878 1254 942 huc
1284 880 1632 963 pertinent
1663 880 1804 963 peti
1830 886 2160 964 possunt3
2205 882 2337 944 nisi
2373 881 2573 964 quod
2604 879 2761 943 mihi

515 980 796 1044 Plautus
824 975 1030 1061 paulo
1063 978 1332 1061 saepius
1365 999 1568 1062 quam
1595 979 1741 1042 viro
1774 978 2165 1042 doctissimo
2196 978 2469 1063 placuit
2516 981 2570 1041 it
2598 985 2761 1042 ,ante

516 1077 819 1141 vocalem
849 1075 1159 1159 posuisse
1189 1074 1461 1139 videtur
1486 1124 1500 1138 .
1544 1076 1614 1139 in
1641 1074 1985 1139 Pseudulo
2018 1099 2089 1150 11,
2104 1076 2164 1150 4,
2186 1077 2270 1140 40
2323 1077 2461 1154 Qui
2505 1083 2551 1140 ά
2587 1088 2765 1162 patre

520 1177 760 1239 advenit
792 1174 1042 1258 Carysto
1063 1221 1080 1251 ,
1123 1195 1233 1235 nec
1274 1174 1422 1235 dum
1465 1174 1589 1235 exit
1628 1195 1705 1235 ex
1748 1173 2027 1236 aedibuS.
2069 1173 2141 1234 in
2169 1171 2492 1236 Poenulo
2528 1196 2574 1248 1,
2609 1176 2661 1253 1,
2689 1174 2760 1235 75

518 1274 645 1338 Sed
669 1271 1109 1356 Adelphasium
1152 1293 1356 1333 eccam
1400 1271 1525 1333 exit
1565 1281 1744 1355 atque
1773 1271 2210 1354 Anteros-tylis,
2255 1271 2326 1332 in
2375 1270 2631 1334 eadem
2676 1293 2765 1341 111,

518 1374 574 1444 23,
599 1371 680 1433 70
718 1370 955 1433 Bona'm
987 1369 1231 1432 dedistis
1258 1367 1411 1429 mihi
1441 1390 1690 1452 operam
1713 1414 1726 1428 .
1770 1368 1820 1429 it
1845 1368 1931 1429 ad
1958 1390 2049 1429 me
2077 1368 2320 1429 lucrum
2342 1414 2356 1428 .
2407 1369 2485 1430 in
2520 1368 2765 1432 Casina

520 1492 615 1544 111,
640 1470 695 1541 5,
721 1466 801 1529 54
839 1467 1004 1545 Quid
1028 1470 1185 1528 timor
1212 1464 1395 1527 mea?
1440 1471 1576 1528 ea'm
1605 1464 1762 1548 (hoc
1792 1462 2051 1547 addidi)
2081 1488 2203 1528 non
2232 1467 2366 1529 adit
2395 1478 2599 1552 atque
2632 1467 2765 1530 ade-

517 1564 676 1629 mit?
717 1564 784 1627 in
815 1562 1030 1627 Milite
1059 1585 1129 1642 ιι,
1153 1562 1210 1635 2,
1234 1563 1316 1626 96
1346 1564 1494 1626 IVo'n
1523 1564 1768 1654 dom-ist,
1813 1562 1862 1625 it
1904 1561 2092 1645 (libri
2120 1563 2299 1647 abiit)
2341 1565 2766 1637 ambulatum,

518 1664 777 1739 dormit,
808 1671 1065 1723 ornatur
1084 1708 1102 1738 ,
1134 1661 1299 1723 lavat
1319 1710 1333 1724 .
1377 1661 1446 1722 in
1479 1659 1880 1723 Curculione
1914 1682 2003 1734 iv,
2026 1659 2083 1732 2,
2108 1659 2146 1722 3
2180 1662 2385 1725 Nemo
2409 1663 2467 1724 it
2493 1663 2766 1750 inficiae.

518 1772 582 1824 at
620 1772 818 1823 tamen
857 1758 1278 1821 meliusculum
1323 1771 1407 1821 est
1447 1781 1692 1821 monere
1714 1805 1728 1820 .
1774 1756 1898 1821 sed
1924 1758 1993 1820 in
2023 1756 2321 1822 Lucretii
2352 1780 2583 1823 versu
2613 1761 2769 1829 iam,

520 1859 650 1922 nisi
687 1857 886 1920 fallor
909 1904 925 1930 ,
971 1862 1277 1939 apertum
1324 1864 1430 1919 est
1473 1857 1594 1920 obit
1636 1857 1886 1919 decurso
1914 1854 2079 1920 ferri
2108 1878 2246 1918 non
2274 1877 2491 1941 posse
2524 1906 2540 1918 .
2593 1857 2767 1921 hunc

518 1957 723 2042 igitur
754 1954 1109 2039 scripsisse
1142 1974 1385 2017 censeo
1416 1955 1555 2038 lpse
1586 1954 1899 2045 Ispieamis
1940 1976 2054 2015 ur
2085 2000 2101 2016 .
2146 1954 2244 2016 sic
2272 1953 2458 2018 idem
2489 1957 2770 2040 contagi-

519 2057 629 2118 bus
656 2054 825 2118 ibant
851 2075 940 2125 vx,
979 2049 1135 2113 1242
1158 2099 1176 2129 ‚
1219 2050 1518 2114 hominem
1538 2051 1847 2135 paulatim
1877 2053 2177 2114 cernimus
2205 2054 2297 2114 ire
2328 2075 2429 2131 111,
2461 2053 2610 2117 526
2632 2103 2651 2132 ‚
2693 2054 2770 2115 cis

520 2154 694 2216 nulla
737 2151 1000 2237 refrenet
1028 2150 1154 2213 Res
1194 2172 1389 2234 neque
1433 2149 1509 2211 ab
1553 2149 1735 2211 exitio
1752 2149 1949 2233 possit
1971 2149 2413 2233 reprehendere
2444 2153 2666 2215 euntis
2690 2173 2770 2226 vl,

521 2250 644 2313 569
666 2298 679 2311 .
711 2269 862 2310 nam
889 2246 1099 2331 siquis
1123 2247 1241 2310 obit
1262 2247 1553 2309 retinere
1576 2245 1762 2308 volet
1780 2293 1796 2319 ,
1827 2247 2253 2310 scribendum
2280 2249 2412 2312 erit
2434 2248 2597 2333 Ipse
2623 2249 2769 2333 Epi-

524 2371 710 2411 curus
751 2347 871 2409 obit
913 2368 1166 2408 exmcrso
1209 2345 1436 2407 lmnine
1477 2346 1632 2407 vitae
1657 2392 1670 2406 .
1714 2344 1813 2406 ita
1841 2343 2204 2408 Terentius
2232 2347 2300 2408 in
2331 2346 2691 2430 Adelphis
2718 2368 2770 2411 v,

527 2448 588 2521 4,
620 2446 658 2511 6
699 2445 903 2530 Prope
931 2445 1059 2507 iam
1089 2466 1339 2508 excurso
1368 2445 1561 2527 spatio
1578 2490 1595 2521 ‚
1630 2430 1815 2527 quod
1843 2441 2188 2508 Bentleius
2221 2444 2364 2507 sine
2396 2465 2627 2508 causa
2655 2444 2769 2509 rei·

525 2547 648 2610 cit:
679 2565 833 2607 nam
867 2549 935 2606 et
957 2541 1352 2606 simillimum
1382 2540 1541 2603 huic
1573 2548 1678 2603 est
1701 2540 1889 2624 quod
1910 2540 2160 2606 Paulus
2185 2564 2269 2604 ex
2291 2541 2502 2605 Festo
2541 2543 2728 2607 libro
2750 2564 2766 2602 1

522 2667 585 2727 p.
605 2641 684 2705 23
710 2641 919 2704 refert
938 2689 952 2712 ,
977 2643 1063 2704 ad
1074 2643 1297 2704 exitam
1313 2651 1598 2718 aetatem,
1623 2646 1692 2703 et
1711 2639 2281 2723 apudVitruvium
2297 2642 2367 2702 in
2383 2662 2450 2713 X,
2467 2640 2530 2714 9,
2547 2642 2594 2704 3
2615 2641 2768 2712 hoc,

524 2749 817 2824 quantum
846 2739 1057 2802 diurni
1084 2741 1317 2801 itineris
1341 2739 1755 2801 miliariorum
1782 2762 2035 2802 nwmero
2078 2740 2144 2800 in
2171 2739 2323 2801 reda
2339 2740 2549 2823 possit
2579 2740 2744 2803 exiri
2754 2786 2767 2814 ,

523 2856 650 2900 nec
678 2835 1007 2898 Prisciani
1035 2837 1210 2899 ratio
1241 2835 1560 2901 habenda
1590 2843 1694 2900 est
1716 2884 1730 2908 ,
1777 2837 1890 2919 qui
1931 2836 2001 2898 in
2045 2834 2358 2899 scholicis
2401 2843 2766 2901 auctorum

530 2932 853 3016 exemplis
897 2931 1288 2996 adferendis
1318 2953 1564 3017 magna
1591 2934 1807 2996 utitur
1838 2933 2088 2996 erroris
2118 2954 2390 3017 quoque
2437 2944 2765 2998 constan-

524 3033 657 3106 τίεις
688 3032 803 3095 ubi
834 3051 1060 3093 secum
1093 3029 1404 3092 dissentit
1424 3077 1438 3101 ,
1473 3029 1814 3094 doctiores
1845 3032 2151 3115 sequitur
2173 3079 2186 3092 .
2220 3037 2521 3094 ceterum
2553 3033 2766 3096 inter·

525 3138 756 3214 protes
778 3130 932 3192 vitae
954 3129 1155 3192 lumen
1179 3126 1523 3211 quomodo
1548 3129 1911 3191 decurratur
1935 3139 2384 3191 excurraturve
2407 3145 2554 3191 non
2580 3140 2765 3194 recte

500 3227 870 3314 ⁴explicant
887 3275 901 3300 ,
933 3227 1189 3290 scilicet
1212 3225 1403 3290 obliti
1427 3246 1500 3288 se
1528 3226 1595 3288 in
1628 3226 1800 3290 libro
1833 3248 1903 3299 11,
1927 3226 2008 3289 79
2037 3225 2281 3310 legisse
2307 3225 2394 3290 Et
2412 3229 2606 3311 qua-‘n'
2629 3252 2762 3290 eur-

525 3349 688 3389 sores
715 3327 863 3387 vitai
888 3325 1179 3409 lampada
1209 3325 1460 3387 tradunt
1476 3372 1489 3384 .
1999 3318 2009 3326 ’

699 3420 875 3485 1044.
920 3420 1441 3483 REsr1NCX1'r
1472 3468 1487 3494 ,
1534 3443 1891 3484 STELLAs
1922 3443 2293 3485 Exonrus
2329 3445 2425 3484 Ur
2455 3444 2761 3485 AERIUS

528 3543 560 3585 s
579 3543 618 3586 o
636 3543 675 3582 L
709 3568 721 3581 .
769 3517 1161 3597 Quadratus
1194 3519 1529 3596 Restinoeit,
1562 3516 1748 3602 apud
1775 3518 2200 3582 Lactantium
2229 3520 2385 3583 inst.
2415 3541 2515 3593 111,
2553 3519 2655 3593 17,
2685 3519 2761 3580 23

530 3618 839 3682 Extimuit.
883 3615 1061 3682 idem
1093 3616 1491 3680 Lactantius
1523 3632 1987 3680 Assrnmuus
2034 3617 2129 3681 sol
2144 3666 2162 3696 ‚
2210 3616 2556 3701 quomodo
2589 3637 2762 3682 sem-

525 3738 649 3799 per
692 3716 1089 3791 LucretiuS,
1143 3715 1338 3779 Maro
1365 3762 1379 3789 ‚
1442 3713 1726 3778 Ovidius
1752 3761 1765 3775 .
1824 3714 2072 3778 haer-ius
2129 3715 2344 3798 prima
2386 3711 2595 3777 manu
2641 3715 2761 3775 ob-

526 3813 810 3897 longus.
1719 3817 1720 3820 ’
2368 3877 2376 3882 .

699 3909 875 3973 1050.
919 3910 1091 3973 Nnc
1138 3932 1546 3974 REPERIRE
1591 3930 1903 3972 Pornsr
1948 3931 2063 3970 1131
2098 3932 2310 3985 ouon
2345 3931 2472 3973 SIT
2504 3930 2755 3972 SAEPE

527 4028 573 4067 M
590 4028 632 4067 A
650 4028 725 4067 Lx
751 4054 764 4068 .
797 4004 1147 4093 Oblongus
1170 4010 1524 4093 repperire:
1552 4007 1648 4070 ita
1676 4006 1854 4069 idem
1875 4006 1942 4068 in
1967 4028 2009 4085 1,
2031 4007 2155 4071 488
2186 4030 2284 4085 111,
2309 4007 2449 4086 317,
2473 4006 2600 4070 986
2621 4055 2638 4070 .
2663 4006 2757 4069 sic

529 4122 731 4186 saepe
759 4102 913 4167 libri
945 4105 1423 4191 antiquissimi:
1456 4103 1581 4167 sed
1611 4103 1805 4167 aliter
1834 4109 2080 4186 poetae
2108 4109 2381 4168 veteres
2402 4151 2416 4166 .
2445 4104 2514 4167 in
2535 4102 2755 4166 Phor·

524 4201 744 4265 mione
776 4202 1075 4268 Terentii
1108 4228 1150 4279 1,
1181 4205 1239 4283 4,
1275 4205 1301 4266 1
1351 4202 1783 4267 scribendum
1816 4207 1921 4265 est
1950 4202 2229 4281 Nullu'S,
2267 4203 2458 4280 Geta,
2489 4202 2614 4264 nisi
2644 4201 2753 4263 ala·-

515 4299 688 4380 'quod
712 4301 838 4362 iam
860 4302 1176 4365 eonsilium
1200 4301 1392 4365 celere
1412 4301 1679 4386 reperies
1694 4349 1712 4379 ‚
1742 4320 1881 4363 non
1909 4302 2213 4383 repperis,
2242 4321 2383 4362 non
2423 4299 2719 4384 repereris
2736 4343 2749 4356 .

404 4471 408 4480 1
521 4395 591 4456 in
634 4393 869 4458 eadem
915 4420 983 4474 11,
1021 4399 1072 4475 1,
1104 4398 1141 4461 5
1186 4401 1357 4483 atqui
1384 4401 1690 4483 reperiam
1720 4397 2100 4461 Phaedriae
2133 4397 2343 4460 verba
2373 4402 2533 4457 sunt
2554 4440 2569 4466 ,
2615 4414 2744 4455 non
