2840 5008
1188 415 1251 483 II
2250 420 2337 486 43

138 589 204 655 Si
237 610 528 653 cessare
568 595 768 674 putas
798 608 1017 650 rerum
1048 587 1407 674 primordia
1437 611 1636 675 posse

66 703 545 788 cessandoque
578 724 796 766 novos
826 723 1046 765 rerum
1076 703 1474 788 progignere
1504 711 1723 768 motus
1743 754 1756 777 ,

66 819 236 881 avius
269 840 310 881 a
341 839 525 881 vera
557 819 759 902 longe
787 817 1046 879 ratione
1076 818 1365 902 vagaris,

70 954 201 996 nam
233 933 575 1017 quoniam
604 952 728 1018 per
748 931 950 994 inane
980 938 1305 1015 vagantur
1324 982 1338 1007 ‚
1364 940 1606 997 cuncta
1636 941 1978 997 necessest

68 1057 167 1110 aut
194 1048 553 1132 gravitate
584 1068 708 1109 sua
733 1045 891 1108 ferri
920 1045 1282 1131 primordia
1310 1068 1531 1143 rerum
1548 1097 1562 1121 ,

17 1198 21 1219 .
70 1170 172 1226 aut
197 1163 338 1226 ictu
368 1160 564 1224 forte
597 1160 902 1223 alterius,
928 1181 1077 1223 nam
1113 1182 1257 1222 cum
1290 1160 1423 1223 cita
1450 1182 1651 1247 saepe

70 1277 252 1338 obvia
283 1275 672 1338 conflixere
691 1324 706 1350 ,
727 1274 803 1337 fit
829 1284 905 1337 ut
934 1273 1200 1337 diversa
1228 1282 1512 1359 repente

70 1389 422 1454 dissiliant:
449 1410 681 1474 neque
713 1390 880 1451 enim
911 1389 1144 1452 mirum
1163 1438 1176 1464 ‚
1202 1388 1554 1453 durissima
1584 1411 1755 1474 quae
1786 1392 1922 1455 sint

70 1503 482 1588 ponderibus
516 1502 752 1566 solidis
784 1524 1002 1588 neque
1033 1503 1386 1588 quicquam
1417 1526 1457 1567 a
1487 1511 1677 1590 tergo
1705 1506 1855 1569 ibus
1888 1509 2146 1572 obstet.

73 1627 131 1680 et
158 1641 287 1704 quo
322 1618 578 1682 iactari
609 1620 815 1703 magis
849 1618 1065 1681 omnia
1093 1619 1389 1688 materiai

17 1746 26 1791 t
73 1754 346 1820 corpora
374 1730 751 1818 pervideas
772 1779 785 1805 ‚
809 1733 1227 1795 reminiscere
1262 1733 1466 1797 totius
1496 1733 1694 1796 imum

70 1848 149 1910 nil
178 1869 322 1910 esse
354 1849 431 1910 in
464 1868 726 1933 summa
745 1895 758 1919 ‚
781 1868 997 1930 neque
1024 1847 1272 1910 habere
1301 1848 1415 1910 ubi
1448 1845 1734 1934 c‘orpora
1763 1851 1973 1933 prima

72 1965 474 2039 consistant3
502 1940 818 2046 quoniam
848 1962 1135 2047 spatium
1166 1962 1308 2024 sine
1335 1962 1465 2024 fine
1497 1961 1929 2046 modoquest,

73 2077 581 2161 inmensumque
611 2083 845 2160 patere
874 2076 939 2137 in
974 2084 1248 2140 cunctas
1278 2075 1575 2160 undique
1604 2079 1815 2163 partis

74 2191 360 2275 pluribus
395 2187 679 2255 ostendi
712 2197 776 2252 et
806 2198 987 2253 certa
1015 2191 1275 2254 ratione
1305 2191 1754 2276 probatumst.

17 2336 23 2361 .
75 2305 248 2388 quod.
280 2306 615 2390 quoniam
648 2311 943 2379 constat,
968 2306 1035 2367 ni
1066 2306 1297 2367 mirum
1319 2355 1332 2379 ‚
1356 2305 1537 2368 nulla
1568 2306 1753 2390 quies
1787 2317 1890 2370 est

76 2418 330 2483 reddita
364 2419 776 2504 corporibus
809 2420 1033 2503 primis
1065 2441 1185 2507 per
1213 2420 1409 2482 inane
1444 2420 1874 2506 profundum,

73 2534 185 2597 sed
213 2537 427 2622 magis
463 2533 756 2598 adsiduo
784 2534 1104 2618 varioque
1137 2537 1427 2598 exercita
1456 2545 1655 2614 motuv

76 2651 299 2732 partim
330 2649 714 2714 intervallis
744 2651 996 2734 magnis
1029 2648 1326 2714 confulta
1354 2649 1715 2724 resultant,

76 2786 217 2848 pars
249 2767 457 2828 etiam
488 2764 807 2827 brevibus
838 2765 1072 2849 spatiis
1102 2771 1433 2827 vexantur
1464 2763 1548 2826 ab
1577 2764 1740 2826 ictu.

18 2893 42 2974 ρ
79 2886 139 2940 et
166 2900 338 2963 quae
375 2899 668 2963 cumque
696 2879 900 2963 magis
934 2878 1275 2941 condenso
1309 2879 1664 2948 conciliatu

79 2994 314 3079 exiguis
350 2992 727 3056 intervallis
758 3001 1080 3056 convecta
1112 2994 1438 3057 resultant
1457 3042 1471 3066 ‚

77 3106 468 3194 indupedita
499 3107 637 3169 suis
669 3080 1003 3192 perpleitis
1032 3108 1180 3193 ipsa
1206 3109 1465 3193 figuris,

79 3219 227 3284 haec
255 3220 528 3285 validas
562 3222 707 3284 saxi
736 3220 995 3285 radices
1029 3230 1096 3285 et
1124 3221 1270 3285 fera
1296 3222 1456 3285 ferri

84 3356 359 3422 corpora
392 3337 846 3411 constituunt,
873 3345 939 3400 et
970 3345 1196 3401 cetera
1227 3337 1311 3400 de
1343 3358 1586 3424 genere
1617 3338 1855 3412 horum

17 3459 50 3506 ³5
82 3453 356 3534 paucula
388 3472 568 3536 quae
598 3472 803 3535 porro
835 3473 1142 3537 magnum
1170 3474 1292 3538 per
1321 3453 1523 3534 inane
1546 3461 1905 3538 vagantur.

86 3574 290 3630 cetera
325 3565 666 3629 dissiliunt
694 3565 891 3651 longe
911 3616 924 3642 ‚
946 3567 1279 3653 longeque
1309 3577 1659 3632 recursant

84 3679 141 3740 in
168 3683 423 3768 magnis
456 3681 859 3743 intervallis:
883 3681 1052 3745 haec
1084 3689 1240 3745 aera
1268 3704 1490 3746 rarum

84 3795 409 3860 sufficiunt
449 3795 649 3858 nobis
685 3802 752 3857 et
778 3795 1133 3879 splendida
1163 3798 1404 3860 lumina
1436 3796 1595 3860 solis
1616 3846 1629 3866 ,

73 3911 409 3996 multaque
441 3916 801 3998 praeterea
829 3931 1135 3995 magnum
1166 3933 1287 3997 per
1315 3912 1513 3974 inane
1544 3919 1874 3995 vagantur
1893 3961 1907 3985 ‚

17 4031 50 4080 ¹0
85 4027 360 4089 conciliis
393 4046 626 4087 rerum
659 4044 829 4106 quae
858 4034 1011 4088 sunt
1039 4027 1288 4089 reiecta
1317 4047 1442 4088 nec
1472 4047 1754 4110 usquam

90 4309 141 4351 ⁸4
177 4306 297 4356 terri
356 4304 377 4373 ΙΙ
437 4309 502 4354 85
544 4318 664 4354 cum
703 4311 965 4357 omissum.
1024 4307 1043 4374 Η
1098 4311 1160 4356 86
1199 4307 1497 4358 conflexcrc
1536 4307 1555 4374 ΙΙ
1601 4308 1673 4358 uti
1730 4307 1747 4374 ΙΙ
1805 4311 1868 4356 88
1907 4305 2143 4374 tergibus
2198 4308 2216 4375 Η
2273 4311 2334 4355 94

91 4387 303 4439 ostendit
342 4396 396 4439 ct
435 4387 457 4453 Η
498 4392 564 4436 95
604 4385 768 4437 multa
804 4383 823 4453 ΙΙ
862 4393 923 4438 99
961 4390 1170 4458 brevius
1210 4390 1228 4458 ΙΙ
1272 4398 1365 4444 104
1384 4390 1470 4441 =de
1506 4398 1769 4445 omissum.
1810 4391 1829 4458 Η
1873 4396 1964 4442 105
2004 4390 2234 4441 Paucuiu
