2840 5008
467 367 609 435 238
1539 367 1644 434 VI

463 541 635 626 ignis
664 541 821 604 item
851 537 1170 624 liquidum
1197 539 1359 605 facit
1389 562 1503 604 aes
1535 562 1901 627 aurumque
1931 545 2241 620 resolvit,

462 663 534 719 at
562 654 743 718 coria
772 662 838 718 et
867 675 1132 718 carnem
1163 654 1370 718 trahit
1400 665 1467 718 et
1497 654 1814 718 conducit
1840 657 1909 718 in
1935 679 2133 722 unum
2155 708 2168 721 .

463 792 653 833 umor
683 788 896 853 aquae
924 789 1131 853 porro
1160 767 1409 832 ferrum
1441 768 1773 832 condurat
1802 771 1884 835 ab
1915 771 2080 855 igni,

463 898 534 948 at
563 885 743 947 coria
773 890 841 946 et
869 904 1130 946 carnem
1160 884 1373 948 mollit
1402 883 1642 947 durata
1673 884 1925 948 calore.

316 1015 416 1063 970
459 998 846 1082 barbigeras
879 997 1167 1060 oleaster
1200 1018 1278 1060 co
1308 998 1495 1062 iuvat
1521 1020 1736 1082 usque
1767 999 2089 1084 capellaS,

463 1113 694 1177 effluat
721 1111 1091 1175 ambrosiae
1123 1112 1315 1195 quasi
1345 1099 1506 1176 vere
1537 1121 1603 1176 et
1630 1113 1903 1177 nectari’
1931 1113 2204 1189 linctus3

463 1250 596 1313 qua
623 1227 718 1290 nil
748 1234 851 1290 est
877 1225 1130 1288 homini
1158 1225 1344 1309 quod
1372 1227 1641 1290 amariu'
1669 1225 1985 1291 frondeat
2013 1249 2194 1292 esca.

463 1342 751 1427 denique
782 1340 1224 1405 amaracinum
1253 1339 1496 1426 fugitat
1523 1363 1638 1404 sus
1670 1348 1738 1404 et
1764 1342 1953 1405 timet
1983 1363 2175 1405 omne

458 1462 855 1541 ungentum:
880 1475 1031 1517 nam
1060 1455 1404 1539 saetigeris
1436 1457 1642 1519 subus
1674 1476 1827 1519 acre
1858 1465 2285 1534 venenumst3

316 1588 414 1633 975
463 1569 649 1655 quod
677 1592 802 1634 nos
832 1570 1005 1632 inter
1037 1566 1192 1630 dum
1221 1577 1359 1631 tam
1391 1590 1589 1654 quam
1617 1590 1925 1633 recreare
1955 1569 2247 1635 videtur.

461 1693 533 1749 at
562 1691 797 1748 contra
825 1684 1019 1748 nobis
1050 1703 1325 1745 caenum
1354 1684 1733 1748 taeterrima
1763 1706 1910 1748 cum
1942 1686 2028 1748 sit

461 1798 813 1886 spurcities
832 1845 846 1871 ‚
872 1795 1103 1859 eadem
1134 1797 1340 1859 subus
1368 1797 1538 1860 haec
1564 1798 1855 1862 iucunda
1881 1799 2178 1875 videtur,

456 1912 914 1977 insatiabiliter
944 1913 1069 1975 toti
1098 1919 1176 1975 ut
1202 1913 1562 1976 volvantur
1590 1912 1864 1975 ibidem.

540 2028 690 2092 Hoc
723 2026 919 2090 etiam
947 2047 1150 2112 super
1181 2034 1315 2101 est,
1335 2028 1484 2111 ipsa
1515 2048 1713 2111 quam
1744 2026 1967 2091 dicere
1999 2028 2082 2092 de
2110 2050 2183 2092 re

311 2160 410 2207 980
454 2141 814 2228 adgredior
845 2139 1031 2224 quod
1061 2138 1414 2204 dicendum
1445 2142 1632 2225 prius
1664 2163 1810 2205 esse
1842 2142 2138 2207 videtur.

456 2258 662 2321 multa
688 2255 1012 2319 foramina
1041 2277 1187 2318 cum
1216 2256 1415 2319 variis
1445 2257 1581 2320 sint
1607 2255 1875 2320 reddita
1902 2259 2131 2333 rebuS‚

458 2372 752 2436 dissimili
780 2371 954 2435 inter
987 2392 1059 2434 se
1089 2380 1331 2434 natura
1358 2369 1666 2455 praedita
1698 2370 1950 2434 debent

456 2510 602 2551 esse
634 2495 702 2552 et
728 2486 980 2550 habere
1011 2507 1198 2550 suam
1227 2492 1531 2550 naturam
1561 2508 1866 2571 quaeque
1895 2468 2199 2571 viasque.

455 2604 703 2689 quippe
735 2602 973 2665 etenim
1003 2601 1168 2664 varii
1197 2622 1435 2665 sensus
1465 2601 1905 2664 animantibus
1931 2601 2186 2676 insunt,

309 2733 407 2779 985
454 2739 738 2802 quorum
768 2717 1051 2801 quisque
1082 2737 1269 2779 suam
1298 2715 1571 2801 proprie
1598 2736 1739 2777 rem
1767 2716 2054 2801 percipit
2079 2717 2146 2779 in
2176 2736 2279 2779 se:
2371 2749 2376 2756 ·

454 2853 605 2894 nam
635 2838 989 2915 penetrare
1021 2829 1148 2893 alio
1179 2830 1440 2893 sonitus
1471 2828 1737 2912 alioque
1766 2851 2074 2915 saporem

456 2945 783 3008 cernimus
816 2967 851 3007 e
881 2945 1057 3007 sucis
1075 2993 1090 3020 ‚
1115 2943 1242 3006 alio
1272 2941 1529 3005 nidoris
1560 2943 1807 3008 odores
1825 2994 1838 3007 .

306 3076 401 3123 991
447 3068 796 3145 praeterea
825 3080 1091 3122 manare
1122 3057 1302 3122 aliud
1330 3079 1453 3143 per
1482 3078 1646 3120 saxa
1675 3057 1968 3134 videtur,

451 3181 653 3259 atque
685 3173 863 3238 aliud
890 3174 1083 3259 lignis
1105 3223 1119 3249 ,
1144 3173 1321 3237 aliud
1351 3174 1635 3237 transire
1665 3195 1788 3259 per
1817 3195 2049 3237 aurum
2066 3223 2080 3248 ‚

450 3297 864 3375 argentoque
893 3287 1076 3352 foras
1107 3288 1285 3352 aliud
1316 3289 1626 3373 vitroque
1654 3309 1905 3352 meare:

450 3426 603 3469 nam
631 3403 837 3467 fluere
865 3404 994 3467 hac
1025 3404 1283 3488 species
1303 3452 1318 3478 ,
1339 3402 1492 3466 illac
1523 3403 1704 3466 calor
1732 3403 1829 3468 ire
1858 3402 2153 3478 videtur,

301 3536 410 3583 995-
442 3527 651 3605 atque
681 3519 825 3582 aliis
856 3519 1016 3581 aliut
1046 3519 1237 3581 citius
1267 3517 1724 3581 transmittere
1756 3517 2017 3581 eadem.

449 3635 702 3699 scilicet
720 3683 736 3710 ‚
757 3632 828 3696 id
856 3633 996 3697 fieri
1029 3634 1210 3718 cogit
1230 3615 1479 3695 ‘natura
1509 3632 1760 3695 viarum

443 3748 848 3813 multimodis
877 3749 1140 3813 varians
1161 3797 1176 3824 ,
1196 3756 1273 3811 ut
1299 3747 1501 3832 paulo
1532 3746 1943 3810 ostendimus
1974 3753 2157 3821 ante,

299 3879 399 3927 990
443 3871 724 3950 propter
756 3863 1135 3927 dissimilem
1163 3870 1469 3926 naturam
1499 3869 1821 3946 textaque
1849 3882 2096 3925 rerum.

450 4182 549 4229 969
596 4177 786 4229 calori.
835 4176 855 4243 ΙΙ
905 4181 1001 4227 971
1053 4176 1347 4228 ambrosias
1406 4175 1426 4243 ΙΙ
1485 4192 1611 4227 vero
1661 4182 1715 4228 et
1767 4182 1984 4227 nectare
2026 4174 2252 4226 tinctus.
2300 4173 2320 4240 ΙΙ
2371 4179 2479 4225 972
2528 4179 2739 4231 marius

447 4260 699 4315 frondeac
751 4265 958 4328 egscet.
1006 4257 1025 4328 ΙΙ
1076 4265 1173 4311 973
1221 4260 1540 4311 mar-acinum
1590 4260 1609 4329 ΙΙ
1656 4265 1752 4312 977
1814 4257 2041 4311 civunda
2089 4259 2109 4327 Η
2157 4262 2257 4309 986
2304 4256 2510 4327 aloque
2562 4262 2584 4330 ΙΙ
2637 4267 2737 4313 988

448 4348 735 4394 9892996
773 4347 897 4394 997.
938 4342 957 4412 ΙΙ
995 4347 1090 4394 991
1130 4342 1387 4396 Praetere
1425 4360 1635 4395 manere
1674 4340 1694 4411 ΙΙ
1732 4347 1830 4395 992
1869 4341 2009 4410 ignis
