2840 5008
428 432 435 437 -
487 396 528 458 6
1056 428 1061 435 ·
1423 412 1767 458 nsscssnsm

486 568 673 631 ronis
703 564 789 630 de
819 565 1045 651 lingua
1065 565 1309 628 Latina
1340 566 1552 629 libros
1582 564 1749 649 (hoc
1780 564 1952 628 enim
1983 565 2151 628 satis
2184 569 2482 646 constat)
2509 565 2733 652 legi-s-

491 673 629 741 set,
659 664 800 728 falli
828 662 1024 728 facile
1056 663 1278 748 potuit
1303 664 1386 727 iis
1417 684 1592 748 quae
1620 664 1689 727 in
1721 663 1895 727 libro
1930 664 2166 748 quinto
2185 663 2565 729 >invenisset
2588 664 2735 728 hoc

489 762 691 830 modo
723 762 979 847 scripta
996 809 1012 837 ,
1043 765 1103 826 A
1133 785 1257 848 qua
1284 763 1573 847 bipartita
1601 762 1889 825 divisione
1912 762 2237 826 Lucretius
2262 785 2509 826 suorum
2540 764 2737 826 unius

491 874 549 926 et
581 863 792 947 viqi'nti
830 861 1123 925 librorum
1162 862 1403 924 initium
1429 861 1588 947 fecit
1614 861 1724 924 hoc
1742 908 1757 936 ,
1789 860 2066 925 Aetheris
2095 873 2151 925 et
2176 872 2377 926 terrae
2399 862 2735 948 qenitabile

492 984 784 1048 quaerere
821 970 1049 1045 tempus
1074 1007 1087 1021 .
1134 967 1318 1023 certe
1357 960 1429 1022 in
1465 959 1640 1024 libro
1681 959 2135 1023 Laurentiano
2180 959 2392 1045 plutei
2432 961 2734 1045 xxxv230

492 1066 711 1123 totum
738 1058 1038 1122 Lucretii
1079 1079 1346 1123 carmen
1388 1058 1811 1122 continetur:
1850 1058 1907 1121 is
1939 1064 2160 1122 autem
2191 1053 2363 1123 liber
2391 1080 2603 1124 manu
2629 1059 2730 1144 ip-

495 1158 632 1222 sius
651 1155 1146 1222 NicolaiNicoli
1166 1156 1331 1219 civis
1344 1154 1745 1231 Florentini,
1772 1157 1883 1241 qui
1896 1156 2281 1221 Lucretium
2292 1156 2538 1245 Poggii
2560 1157 2730 1221 duo-

497 1256 715 1321 decim
761 1257 952 1320 annis
997 1254 1182 1342 apud
1223 1277 1298 1319 se
1338 1261 1652 1319 tenuerat
1679 1302 1696 1330 ‚
1737 1256 2033 1341 scriptus
2076 1249 2226 1320 esse
2267 1257 2729 1321 existimatur.

499 1354 687 1440 quod
729 1355 787 1419 si
825 1376 1056 1420 verum
1105 1360 1241 1429 est,
1281 1354 1484 1418 huius
1513 1353 1811 1428 Nicolai,
1852 1354 1966 1438 qui
2000 1353 2294 1419 decessit
2323 1377 2505 1419 anno
2543 1355 2731 1427 1437,

497 1475 635 1516 non
663 1474 946 1539 magnae
974 1454 1044 1516 in
1065 1454 1381 1517 Lucretio
1414 1451 1836 1517 emendando
1867 1452 2140 1516 fuerunt
2160 1462 2433 1539 partes:
2464 1462 2734 1518 tantum

502 1553 675 1616 enim
706 1553 846 1616 scio
866 1600 881 1626 ,
912 1551 1064 1617 libri
1093 1553 1289 1637 primi
1310 1564 1584 1617 versum
1609 1552 1770 1616 '1068
1795 1559 1864 1615 ct
1885 1552 2228 1636 proximos
2248 1554 2321 1616 in
2339 1553 2481 1617 hoc
2507 1575 2733 1617 exem-

502 1649 677 1734 plari
708 1649 1095 1714 dimidiatos
1125 1650 1290 1736 legi,
1320 1672 1448 1715 nec
1479 1649 1927 1715 dubitandum
1958 1659 2062 1715 est
2091 1652 2250 1736 quin
2279 1652 2495 1715 multo
2524 1659 2596 1716 et
2618 1674 2732 1716 au-

505 1747 741 1812 dacior
786 1756 853 1812 et
892 1749 1302 1834 ingeniosior
1343 1750 1479 1814 hoc
1521 1750 1737 1835 primo
1783 1756 2030 1813 conatu
2074 1749 2445 1815 diorthosis
2487 1751 2605 1815 illa
2645 1752 2734 1815 sit

506 1870 706 1934 quam
757 1849 943 1912 soleo
991 1856 1106 1913 aut
1151 1850 1542 1936 simpliciter
1589 1850 1813 1914 doctis
1836 1849 2134 1924 ‚I'rAms
2185 1855 2303 1912 aut
2346 1850 2731 1913 ΑΝΤοΝιο

503 1948 763 2013 MAmr
804 1949 975 2024 filio,
1024 1949 1153 2012 civi
1194 1956 1262 2013 et
1304 1950 1572 2014 notario
1601 1948 2029 2024 FlorentinO,
2071 1947 2497 2024 adscribere,
2543 1949 2733 2013 cuius

504 2069 735 2124 manu,
768 2069 969 2133 quam
998 2070 1071 2112 se
1102 2049 1313 2134 probe
1345 2069 1677 2134 cognosse
1708 2047 2190 2121 adseverabat,
2212 2045 2551 2112 Henricus
2573 2038 2733 2112 Kei-

505 2147 633 2210 lius
652 2195 667 2221 ‚
696 2147 799 2210 vir
827 2147 1258 2211 doctissimus
1276 2193 1291 2221 ‚
1325 2146 1628 2210 codicem
1651 2146 2173 2209 Laurentianum
2199 2146 2498 2210 eiusdem
2523 2145 2734 2231 plutei

506 2247 789 2331 primum
833 2253 901 2308 et
940 2245 1349 2308 tricesimum
1380 2246 1559 2308 circa
1590 2265 1834 2307 annum
1871 2243 2028 2307 1440
2059 2245 2383 2331 scriptum
2413 2267 2563 2309 esse
2593 2252 2736 2309 tum

510 2344 712 2418 dixit,
753 2365 903 2406 cum
935 2343 1096 2406 mihi
1142 2343 1283 2406 eius
1313 2342 1469 2406 libri
1498 2342 1738 2406 utendi
1784 2343 2214 2426 (excusserat
2244 2344 2418 2406 enim
2450 2366 2600 2407 eum
2629 2351 2734 2407 to-

422 2480 431 2491 -
508 2445 683 2528 tum)
716 2441 977 2529 copiam
997 2441 1163 2507 fecit
1180 2489 1194 2504 .
1225 2440 1383 2509 huic
1407 2440 1751 2506 simillimis
1776 2442 2266 2527 exemplaribus
2287 2442 2737 2508 Michahelem

507 2542 903 2617 Marullum,
944 2540 1030 2605 de
1068 2561 1202 2627 quo
1232 2539 1408 2604 infra
1441 2538 1659 2603 dicam
1678 2588 1693 2615 ,
1734 2561 1929 2603 usum
1960 2561 2109 2603 esse
2138 2538 2565 2604 manifestum
2595 2548 2734 2605 est:

510 2642 634 2706 sed
658 2642 872 2706 eidem
891 2690 907 2717 ‚
940 2663 1089 2705 cum
1108 2640 1321 2706 libros
1343 2641 1709 2727 impressos
1730 2660 1888 2703 raro
1908 2639 2273 2724 inspiceret
2293 2640 2538 2723 (neque
2562 2640 2734 2703 enim

511 2740 708 2804 facile
741 2738 1009 2804 Gifanio
1054 2740 1337 2808 credere
1377 2760 1656 2825 possum
1686 2738 1957 2804 Marulli
1985 2738 2195 2823 ipsius
2223 2758 2425 2801 manu
2454 2747 2734 2802 annota-

513 2845 655 2900 tum
697 2837 905 2902 fuisse
949 2838 1119 2903 illud
1161 2839 1502 2925 exemplar
1542 2838 1938 2924 impressum
1985 2836 2170 2921 quod
2215 2858 2288 2899 se
2318 2838 2403 2902 ab
2435 2836 2734 2901 Iohanne

516 2936 853 3000 Sambuco
892 2937 1217 3001 utendum
1261 2937 1607 3023 accepisse
1650 2935 1953 3018 scribit),
1999 2933 2131 2996 alia
2160 2941 2435 3020 praesto
2466 2934 2736 3000 fuerunt

515 3035 732 3097 minus
762 3032 1118 3096 emendata
1136 3082 1152 3110 ,
1180 3035 1316 3098 hoc
1346 3042 1451 3098 est
1481 3033 1798 3119 antiquae
1829 3032 2182 3118 archetypi
2210 3031 2519 3096 lectionis
2549 3040 2732 3097 tena-

518 3134 702 3197 ciora
726 3182 740 3197 .
772 3139 977 3216 atquc
1008 3154 1092 3195 ex
1118 3132 1253 3196 hoc
1279 3133 1432 3217 ipso
1462 3131 1737 3195 rudiore
1769 3152 1849 3194 ac
1876 3130 2146 3194 maioris
2167 3129 2324 3194 fidei
2346 3152 2586 3217 genere
2607 3131 2733 3196 fuit

517 3232 591 3295 id
622 3230 809 3316 quod
836 3230 989 3296 libri
1018 3252 1108 3294 οι,
1128 3254 1212 3293 ιΜ
1245 3251 1626 3294 lMPnEssx
1656 3228 1941 3293 maxime
1971 3227 2209 3292 imitati
2239 3234 2398 3299 sunt
2421 3277 2435 3291 .
2464 3225 2536 3291 hi
2564 3229 2729 3291 enim

521 3352 668 3395 cum
700 3331 862 3394 etin
895 3330 1038 3393 aliis
1067 3332 1273 3396 rebus
1304 3330 1645 3416 plerisque
1678 3336 1745 3392 et
1774 3328 1841 3391 in
1874 3327 2140 3391 duobus
2169 3325 2322 3391 libri
2350 3326 2545 3410 primi
2580 3326 2728 3411 (1¹57

422 3507 427 3526 ,
480 3431 666 3517 ⁸⁶158)
689 3429 1041 3514 tribusque
1064 3428 1344 3492 secundi
1366 3428 1676 3492 versibus
1698 3426 2107 3512 (492-494)‚
2134 3444 2305 3510 quos
2326 3424 2582 3488 habent
2598 3425 2727 3488 An-

520 3528 745 3592 tonius
774 3525 974 3591 Marii
1020 3533 1088 3590 et
1113 3526 1479 3601 Marullus,
1525 3523 1914 3589 omittendis
1957 3523 2134 3587 inter
2175 3544 2249 3587 se
2285 3524 2726 3611 consentiant,

518 3628 575 3691 B
591 3651 764 3693 R1x1
780 3649 818 3690 Ε
833 3649 924 3690 us
940 3649 961 3688 1
976 3650 1009 3689 s
1040 3634 1264 3690 autem
1287 3625 1542 3701 editor,
1575 3625 1689 3710 qui
1710 3623 2097 3689 Lucretium
2116 3617 2410 3687 ‘Thoma
2431 3620 2485 3685 F
2490 3604 2727 3687 erando

522 3720 823 3792 auctore'
856 3724 1104 3801 edidit,
1133 3725 1401 3790 unicum
1436 3724 1822 3811 exemplar'
1804 3745 1874 3787 m
1900 3744 2138 3787 manus
2167 3743 2325 3785 suas
2354 3721 2730 3806 pervenisse

523 3831 830 3899 testetur,
853 3833 1057 3909 atque
1082 3826 1223 3889 eius
1256 3823 1570 3887 editionis
1594 3822 1936 3907 exemplar
1952 3822 2122 3906 (eam
2139 3827 2299 3906 post
2320 3841 2564 3883 annum
2584 3820 2729 3884 1473

524 3922 772 3986 factam
814 3932 1067 4007 negant
1109 3923 1224 4007 qui
1267 3922 1411 3986 eius
1445 3921 1661 3985 'hodie
1699 3922 1768 3984 in
1802 3927 1951 3985 toto
1986 3921 2152 3984 orbe
2181 3919 2313 3983 tria
2341 3920 2731 4005 exemplaria

527 4042 882 4105 superesse
914 4019 1467 4084 demonstrarunt
1484 4068 1500 4095 ,
1529 4026 1607 4083 ut
1626 4018 1964 4083 Dibdinus
1993 4019 2062 4082 in
2083 4016 2512 4082 Bibliotheca
2534 4016 2729 4104 Spen-

528 4120 796 4184 ceriana
814 4166 829 4192 ,
859 4128 1042 4182 tomo
1075 4143 1125 4182 11
1156 4145 1219 4207 p.
1243 4120 1383 4204 149)
1415 4119 1541 4184 sed
1570 4140 1719 4182 cum
1747 4118 2099 4182 Brixiense
2128 4116 2381 4179 nullum
2408 4114 2731 4201 exemplar

529 4218 633 4281 Vr:
650 4242 692 4281 R
708 4238 748 4280 o
766 4240 808 4280 Ν
823 4240 859 4279 Ε
874 4240 916 4280 Ν
934 4241 966 4281 s
982 4240 1003 4280 1
1019 4242 1055 4280 B
1074 4241 1113 4281 u
1130 4242 1162 4281 s
1212 4240 1292 4281 ac
1342 4219 1448 4282 Vn
1463 4242 1506 4281 Ν
1522 4242 1560 4281 Ε
1577 4242 1616 4281 :r
1635 4240 1701 4281 1s
1752 4216 2207 4305 typographis
2256 4220 2490 4277 notum
2540 4212 2730 4278 fuisse

531 4322 798 4381 constet
825 4316 893 4402 (ii
925 4324 1084 4396 sunt
1103 4317 1356 4382 Paulus
1378 4315 1875 4402 Fridenbcrger
1898 4323 1967 4380 et
1988 4312 2397 4379 Theodorus
2421 4310 2508 4375 de
2529 4311 2731 4398 Raga-

534 4416 846 4493 zonibuS,
889 4417 1042 4481 anni
1087 4423 1310 4481 autem
1356 4402 1727 4480 editionum
1762 4415 1940 4500 1486ν
1968 4420 2038 4478 et
2071 4412 2296 4495 1495),
2345 4409 2732 4475 crediderim
