2840 5008
442 312 528 379 56
792 330 799 339 ·
1539 315 1601 380 II

293 502 390 547 474
432 507 624 548 umor
656 484 867 548 dulcis
887 535 901 561 ‚
924 487 1036 549 ubi
1065 507 1188 571 per
1217 493 1434 549 terras
1467 487 1763 550 crebrius
1791 486 1967 550 idem

438 599 821 684 percolatur
841 648 854 674 ‚
877 606 951 663 ut
977 601 1047 663 in
1075 600 1336 665 foveam
1367 601 1530 663 fluat
1559 622 1635 663 ac
1665 609 2122 675 mansuescat,

294 731 389 776 477
437 735 688 799 aspera
707 735 841 798 quo
872 715 1079 799 magis
1105 714 1174 776 in
1206 715 1402 778 terris
1433 714 1827 778 haerescere
1855 717 2148 799 possint.
2374 792 2382 797 ,

522 826 722 906 Quod
755 829 1064 913 quoniam
1095 826 1324 903 docui,
1348 849 1620 914 pergam
1651 837 2003 893 conectere
2033 852 2169 893 rem
2203 852 2374 915 quae

440 964 523 1005 ex
549 942 683 1005 hoc
713 950 871 1029 apta
898 941 1095 1005 fidem
1125 941 1327 1007 ducat
1344 993 1360 1019 ,
1381 943 1748 1028 primordia
1775 966 1995 1008 rerum

295 1073 391 1120 480
435 1058 618 1120 finita
648 1058 902 1121 variare
930 1058 1286 1143 figurarum
1315 1058 1575 1121 ratione
1593 1105 1607 1119 .

441 1172 626 1256 quo‘d
655 1173 711 1235 si
741 1194 876 1235 non
903 1173 999 1236 ita
1027 1173 1145 1246 sit,
1167 1168 1429 1236 rursum
1458 1173 1586 1235 iam
1617 1173 1865 1235 semina
1895 1171 2220 1256 quaedam

443 1308 590 1350 esse
617 1286 873 1350 infinito
906 1286 1245 1350 debebunt
1277 1287 1580 1372 corporis
1610 1296 1840 1379 auctu.

438 1422 725 1485 namque
756 1401 985 1487 eadem
1015 1402 1209 1463 unius
1242 1401 1531 1464 cuiusvis
1558 1403 1626 1463 in
1657 1400 1985 1465 brevitate

441 1515 744 1600 corporis
773 1515 946 1578 inter
977 1536 1049 1577 se
1080 1517 1351 1579 multum
1380 1516 1641 1578 variare
1669 1515 1920 1600 figurae

296 1644 392 1690 485
436 1649 572 1690 non
602 1628 1048 1711 possunt.fac
1081 1630 1249 1692 enim
1278 1629 1556 1700 minimis
1589 1650 1623 1691 e
1653 1629 1955 1714 partibus
1987 1650 2134 1692 esse

443 1763 729 1825 corpora
758 1743 969 1826 prima
997 1744 1212 1807 tribus
1230 1792 1244 1818 ‚
1269 1745 1376 1807 vel
1403 1743 1606 1828 paulo
1638 1744 1937 1829 pluribus
1970 1763 2169 1828 auge:

441 1877 678 1940 nempe
708 1857 820 1920 ubi
853 1879 964 1922 eas
993 1857 1202 1945 partis
1234 1858 1430 1920 unius
1462 1859 1765 1942 corporis
1796 1857 2007 1920 omnis
2027 1906 2041 1932 ‚

443 1992 694 2034 summa
723 1980 922 2056 atque
950 1973 1081 2036 ima
1112 1975 1339 2037 locans
1360 2021 1374 2044 ,
1398 1979 1851 2036 transmutans
1884 1969 2163 2034 dextera
2191 1970 2429 2048 laeviS‚

443 2086 836 2149 omnimodis
868 2070 1187 2174 expertus
1220 2088 1351 2151 eris
1371 2137 1386 2162 ,
1410 2109 1607 2172 quam
1640 2087 1924 2170 quisque
1958 2085 2075 2150 det
2104 2084 2273 2149 ordo

298 2214 396 2260 490
438 2197 671 2261 formai
701 2202 988 2286 speciem
1015 2203 1225 2266 totius
1257 2202 1560 2288 corporis
1592 2202 1761 2272 eius,
1791 2220 1796 2223 ’
2318 2180 2324 2186 ”

445 2312 630 2396 quod
661 2335 863 2398 super
895 2323 1030 2391 est,
1055 2318 1108 2379 si
1137 2317 1312 2402 forte
1343 2317 1531 2379 voles
1562 2316 1819 2379 variare
1849 2315 2097 2398 figuras
2119 2364 2132 2388 ,

442 2425 825 2490 addendum
855 2430 1064 2513 partis
1095 2431 1256 2494 alias
1288 2431 1411 2493 erit
1431 2480 1443 2493 .
1465 2429 1623 2492 inde
1654 2437 2003 2515 sequetur.

446 2541 724 2607 adsimili
754 2544 1009 2606 ratione
1040 2545 1200 2607 alias
1229 2557 1306 2607 ut
1332 2546 1630 2629 postulet
1660 2545 1829 2608 ordo
1853 2593 1867 2618 ‚

447 2658 502 2720 si
533 2664 604 2719 tu
632 2657 808 2720 forte
839 2657 1027 2719 voles
1060 2658 1254 2719 etiam
1281 2660 1539 2723 variare
1569 2660 1845 2744 figuraS.

305 2786 402 2831 495
447 2792 608 2856 ergo
637 2771 997 2834 formarum
1028 2771 1395 2833 novitatem
1428 2774 1731 2855 corporis
1763 2794 2043 2857 augmen
2143 2751 2185 2773 ³

407 2884 411 2888 ’
449 2885 909 2969 subsequitur.
937 2905 1143 2971 quare
1171 2906 1307 2947 non
1341 2891 1447 2946 est
1473 2891 1551 2946 ut
1580 2883 1855 2945 credere
1883 2888 2106 2968 possis

451 3021 599 3063 esse
627 2999 896 3062 infinitis
928 2998 1245 3063 distantia
1274 2999 1525 3060 semina
1551 2997 1812 3072 formiS‚

449 3135 533 3176 ne
564 3113 890 3197 quaedam
921 3135 1123 3199 cogas
1150 3114 1394 3177 inmani
1425 3111 1831 3177 maximitate
1885 3151 1892 3156 -

451 3250 599 3292 esse
619 3279 634 3303 ‚
659 3250 863 3314 supra
895 3228 1078 3313 quod
1106 3229 1233 3291 iam
1268 3227 1465 3291 docui
1497 3248 1632 3289 non
1662 3246 1863 3309 posse
1893 3226 2191 3309 probari.

309 3360 406 3405 500
450 3344 578 3406 iam
606 3343 726 3407 tibi
755 3343 1143 3410 barbaricae
1175 3350 1398 3405 vestes
1429 3342 1895 3423 Meliboeaque
1923 3339 2186 3425 fulgens

347 3439 352 3444 ⁶
449 3481 750 3545 purpura
779 3458 1171 3544 Thessalico
1204 3456 1608 3519 concharum
1638 3463 1819 3518 tacta
1850 3454 2104 3528 colore,

450 3595 651 3638 aurea
669 3623 684 3650 ‚
708 3595 1041 3660 pavonum
1071 3570 1312 3635 ridenti
1342 3570 1593 3633 imitata
1619 3570 1850 3654 lepore

451 3691 704 3765 saecla,
727 3710 905 3753 novo
937 3709 1156 3751 rerum
1189 3670 1504 3771 superata
1534 3686 1759 3749 colore
1787 3686 2084 3748 iacerent

454 3814 522 3868 et
552 3811 973 3888 contemptus
1003 3802 1173 3866 odor
1203 3822 1511 3888 smyrnae
1541 3787 1884 3884 mellisque
1916 3820 2193 3884 sapores
2212 3847 2227 3873 ‚

459 4123 555 4169 483
593 4114 866 4168 in‘eadem
905 4133 1008 4167 una
1055 4115 1074 4182 ΙΙ
1118 4122 1216 4167 486
1253 4115 1409 4185 paula
1457 4115 1476 4182 ΙΙ
1523 4120 1621 4166 488
1658 4122 1981 4167 transmutas
2020 4115 2038 4182 Η
2077 4118 2174 4163 489
2214 4084 2520 4163 Omnimodi
2563 4114 2583 4182 ΙΙ
2627 4122 2729 4167 495

457 4201 723 4270 augimen.
762 4200 781 4267 ΙΙ
819 4205 916 4250 497
953 4198 1149 4250 femina
1185 4200 1205 4268 ΙΙ
1243 4204 1340 4250 499
1377 4199 1631 4267 probare.
1670 4197 1689 4264 ΙΙ
1741 4203 1833 4249 501
1875 4203 2016 4248 tecta
2054 4195 2073 4262 ΙΙ
2112 4200 2207 4246 502
2245 4192 2419 4245 rident
2457 4195 2672 4250 imbuta
2710 4199 2728 4266 [1

458 4290 553 4338 503
591 4301 729 4337 nova
784 4283 802 4350 ΙΙ
858 4289 953 4336 504
992 4282 1128 4335 udor
2412 4310 2415 4312 Δ
