2840 5008
488 403 629 470 236
1568 402 1670 469 VI

575 573 775 653 Quod
804 575 1007 660 super
1037 581 1175 650 est,
1194 593 1397 659 agere
1416 575 1735 660 incipiam
1765 574 1901 660 quo
1931 574 2207 640 foedere
2234 572 2353 641 fiat

489 695 769 752 naturae
787 736 802 763 ‚
825 689 994 774 lapis
1024 688 1134 751 hic
1164 695 1240 752 ut
1268 687 1515 752 ferrum
1548 688 1793 753 ducere
1822 691 2066 776 possit,

492 825 688 887 quem
716 804 1036 888 Magneta
1068 810 1314 868 vocant
1342 804 1561 887 patrio
1594 802 1679 866 de
1708 800 2197 881 nomine‘Gr‘ai,

488 916 875 1003 Magnetum
906 918 1062 1002 quia
1089 918 1165 981 fit
1193 917 1427 1001 patriis
1455 918 1523 980 in
1550 918 1791 982 finibus
1822 926 1975 982 ortu
1992 968 2005 981 .
2125 916 2128 921 ’

344 1049 444 1095 910
486 1026 667 1095 hunc
696 1030 999 1095 homines
1029 1031 1317 1117 lapidem
1345 1031 1700 1096 mirantur:
1726 1033 1976 1118 quippe
2009 1040 2314 1097 catenam

489 1167 690 1231 saepe
721 1167 804 1209 ex
834 1146 1067 1210 anellis
1094 1145 1323 1210 reddit
1350 1145 1799 1232 pendentibus
1832 1167 1916 1210 ex
1945 1168 2036 1210 se.

493 1261 787 1345 quinque
819 1260 1060 1324 etenim
1090 1260 1247 1323 licet
1273 1261 1447 1324 inter
1478 1259 1634 1323 dum
1662 1260 2024 1347 pluresque
2052 1260 2281 1325 'videre

491 1374 727 1438 ordine
760 1374 1084 1438 demissos
1112 1373 1372 1437 levibus
1401 1374 1707 1438 iactarier
1738 1375 1946 1449 auris,

488 1510 661 1551 unus
692 1489 806 1564 ubi
838 1510 921 1551 ex
948 1510 1083 1552 uno
1117 1486 1455 1574 dependet
1486 1496 1720 1573 supter
1750 1488 2153 1565 adhaerens,

345 1620 442 1664 915
491 1624 574 1665 ex
605 1602 870 1686 alioque
901 1602 1065 1665 alius
1094 1600 1337 1688 lapidis
1366 1602 1500 1666 vim
1527 1602 1879 1687 vinclaque
1907 1604 2160 1667 noscit:

393 1733 399 1740 ·
491 1737 706 1801 usque
734 1715 908 1780 adeo
939 1722 1407 1801 permananter
1437 1717 1537 1779 vis
1567 1717 1878 1801 pervolat
1911 1718 2080 1781 eius.

572 1830 726 1893 Hoc
755 1852 963 1915 genus
991 1830 1061 1893 in
1089 1831 1290 1893 rebus
1317 1829 1781 1895 firmandumst
1807 1831 2014 1895 multa
2041 1832 2225 1915 prius
2258 1853 2453 1915 quam

488 1944 697 2029 ipsius
726 1945 825 2007 rei
852 1945 1176 2008 rationem
1206 1943 1495 2008 reddere
1524 1946 1745 2029 possis
1765 1993 1781 2020 ‚

494 2066 562 2121 et
590 2059 853 2122 nimium
882 2059 1099 2144 longis
1129 2060 1515 2144 ambagibus
1548 2067 1653 2124 est
1682 2059 2090 2138 adeundum3

347 2189 446 2235 920
492 2194 627 2257 quo
659 2174 867 2257 magis
897 2181 1190 2237 attentas
1221 2175 1397 2237 auris
1430 2173 1847 2260 animumque
1876 2196 2190 2262 reposco,

574 2286 910 2371 Principio
942 2288 1248 2385 omnibus
1278 2289 1361 2351 ab
1391 2289 1593 2352 rebus
1612 2337 1628 2364 ‚
1652 2311 1820 2374 quas
1852 2311 2138 2375 cumque
2160 2289 2493 2364 videmuS‚

492 2408 819 2486 perpetuo
850 2401 1054 2464 fluere
1085 2423 1164 2465 ac
1192 2402 1363 2466 mitti
1392 2404 1752 2488 spargique
1780 2415 2126 2467 necessest
2493 2400 2496 2401 ⁷

494 2538 782 2601 corpora
812 2538 984 2601 quae
1011 2516 1256 2582 feriant
1286 2518 1518 2582 oculos
1546 2518 1893 2603 visumque
1923 2520 2286 2583 lacessant:

491 2638 958 2717 perpetuoque
986 2632 1201 2695 fluunt
1230 2633 1431 2695 certis
1462 2632 1546 2695 ab
1575 2633 1776 2697 rebus
1808 2631 2084 2709 odores3

349 2762 449 2807 925
492 2745 701 2829 frigus
732 2753 808 2808 ut
835 2767 875 2808 a
903 2730 1119 2811 fluviis
1138 2793 1153 2822 ,
1179 2746 1361 2810 calor
1390 2748 1475 2810 ab
1506 2748 1648 2810 sole
1668 2794 1683 2821 ‚
1708 2754 1933 2811 aestus
1965 2748 2048 2811 ab
2077 2746 2275 2811 undis

496 2860 808 2944 aequoris
828 2909 843 2935 ‚
869 2882 1109 2924 exesor
1139 2863 1516 2942 moerorum
1534 2908 1549 2935 ‚
1571 2861 1769 2925 litora
1797 2868 2109 2947 propter:

496 2996 621 3037 nec
649 2974 815 3038 varii
845 2976 1402 3039 cessantsonitus
1432 2996 1701 3039 manare
1731 2996 1853 3061 per
1884 2996 2111 3039 auras:

500 3088 788 3173 denique
816 3089 887 3152 in
916 3110 992 3151 os
1024 3089 1181 3153 salsi
1211 3090 1393 3153 venit
1422 3111 1612 3153 umor
1642 3111 1843 3176 saepe
1875 3090 2165 3176 saporiS‚

499 3225 645 3267 cum
674 3225 856 3266 mare
885 3225 1227 3268 versamur
1256 3211 1536 3292 propter
1555 3253 1570 3280 ‚
1596 3203 1938 3289 dilutaque
1970 3211 2205 3298 contra

353 3334 453 3379 934
499 3339 646 3380 cum
674 3318 919 3381 tuimur
948 3319 1207 3382 misceri
1238 3319 1573 3383 absinthia
1592 3368 1607 3394 ‚
1629 3319 1843 3403 tangit
1873 3339 2163 3381 amaror.

496 3453 710 3516 usque
739 3431 909 3495 adeo
941 3433 1246 3497 omnibus
1275 3434 1358 3498 ab
1387 3435 1592 3497 rebus
1619 3454 1729 3496 res
1763 3454 2069 3518 quaeque
2097 3432 2380 3495 fluenter

353 3563 453 3611 930
497 3547 710 3611 fertur
741 3554 808 3610 et
835 3548 902 3610 in
934 3554 1207 3611 cunctas
1240 3547 1592 3611 dimittitur
1619 3546 1919 3631 undique
1949 3547 2193 3633 partiS‚

497 3684 624 3726 nec
652 3683 841 3725 mora
866 3682 992 3725 nec
1019 3662 1284 3746 requies
1313 3662 1488 3725 inter
1522 3661 1719 3726 datur
1747 3661 1883 3725 ulla
1909 3660 2187 3734 fluendi,

500 3784 826 3862 perpetuo
860 3777 1170 3861 quoniam
1199 3778 1516 3840 sentimus
1550 3784 1617 3840 et
1647 3777 1866 3840 omnia
1895 3796 2187 3859 semper.

509 4127 605 4172 907
642 4121 778 4191 lapsi
826 4121 846 4189 Η
893 4126 990 4173 908
1031 4120 1201 4183 Quam
1251 4121 1271 4189 ΙΙ
1318 4127 1415 4175 909
1455 4129 1632 4175 ortus,
1681 4123 1701 4191 ΙΙ
1749 4127 1845 4173 912
1887 4120 1992 4184 Qui
2028 4133 2202 4188 neque
2244 4119 2266 4187 ΙΙ
2320 4122 2416 4168 913
2459 4114 2687 4169 demisso
2726 4107 2743 4175 ΙΙ

506 4205 732 4256 iactaret
767 4221 947 4256 auras.
984 4203 1004 4271 Η
1043 4209 1140 4254 915
1179 4205 1455 4273 vinciaque
1504 4206 1523 4274 ΙΙ
1574 4211 1673 4257 916
1709 4211 2045 4275 permanater
2092 4203 2112 4270 11
2159 4200 2396 4271 pervalet
2445 4198 2466 4270 ΙΙ
2518 4204 2613 4252 919
2649 4210 2743 4247 am·

506 4287 786 4357 baginibus
835 4286 855 4355 ΙΙ
903 4291 1000 4338 922
1039 4286 1148 4338 miti
1186 4290 1463 4357 sparciquc
1510 4288 1530 4359 ΙΙ
1581 4294 1678 4340 923
1716 4305 1849 4357 aque
1897 4286 1917 4355 ΙΙ
1965 4292 2061 4338 925
2101 4302 2130 4336 a
2165 4290 2432 4337 omissam.
2483 4282 2504 4350 ΙΙ
2551 4278 2696 4334 ssuvis
2728 4272 2744 4339 ΙΙ

510 4387 540 4420 a
575 4369 689 4421 solc
726 4368 746 4438 11
784 4375 882 4421 928
920 4376 1044 4421 vent
1081 4368 1100 4436 ΙΙ
1141 4375 1235 4422 931
1275 4372 1453 4440 requis
1490 4369 1512 4441 fl
1551 4375 1973 4436 933=1v,229.
