2840 5008
530 348 618 411 46
1621 349 1683 415 II

519 520 798 604 ipsaque
831 517 1101 582 deducit
1131 517 1268 581 dux
1300 520 1475 583 vitae
1509 519 1617 583 dia
1647 522 1962 607 voluptas

525 641 593 697 et
618 655 726 697 res
759 655 879 727 per
910 633 1192 696 Veneris
1221 633 1564 698 blanditur
1594 638 1812 700 saecla
1843 647 2250 723 propagent,

522 770 606 810 ne
636 769 844 833 genus
877 747 1140 810 occidat
1167 748 1525 811 humanum
1547 768 1867 835 :quorum
1900 754 2119 816 omnia
2148 775 2348 817 causa

386 880 478 925 175
526 862 948 926 constituisse
980 861 1142 925 deos
1175 885 1322 925 eum
1350 864 1641 948 fingunt,
1672 866 1955 929 omnibu'
1983 869 2183 932 rebus

520 999 760 1062 magno
794 997 997 1061 opere
1028 998 1068 1038 a
1094 998 1255 1039 vera
1276 978 1451 1061 ‘lapsi
1481 979 1738 1041 ratione
1767 980 2107 1046 videntur.

518 1114 670 1154 nam
704 1092 1003 1183 quamvis
1034 1113 1253 1154 rerum
1282 1094 1578 1176 ignorem
1612 1093 1975 1177 primordia
2007 1118 2177 1181 quae
2207 1098 2365 1173 sint,

516 1207 649 1269 hoe
678 1214 899 1269 tamen
933 1227 1015 1268 ex
1042 1206 1204 1291 ipsis
1236 1206 1400 1269 caeli
1431 1206 1796 1270 rationibus
1829 1211 2036 1284 ausim

518 1321 908 1384 confirmare
940 1320 1217 1404 aliisque
1251 1342 1333 1385 ex
1362 1321 1564 1383 rebus
1595 1321 1881 1386 reddere
1913 1325 2162 1399 multiS‚

378 1410 470 1497 180
515 1456 936 1519 nequaquam
966 1435 1159 1498 nobis
1192 1433 1505 1497 divinitus
1538 1457 1684 1498 esse
1716 1445 2004 1500 creatam

516 1557 819 1612 naturam
848 1549 1108 1612 mundi:
1136 1557 1325 1612 tanta
1353 1557 1489 1613 stat
1518 1551 1825 1634 praedita
1857 1554 2082 1638 eulpa.

515 1684 684 1747 quae
713 1663 831 1726 tibi
860 1664 1197 1748 posterius
1219 1712 1233 1737 ‚
1256 1663 1557 1739 Memmi,
1578 1665 1892 1729 faciemus
1924 1675 2186 1752 aperta:

513 1799 688 1840 nunc
717 1776 787 1840 id
819 1776 1002 1862 quod
1033 1799 1235 1864 super
1267 1785 1369 1840 est
1400 1778 1485 1840 de
1517 1780 1804 1857 motibus
1837 1782 2338 1867 expediemus]

591 1891 787 1956 Nunc
816 1892 1003 1954 locus
1036 1900 1137 1955 est
1155 1940 1169 1967 ‚
1191 1900 1268 1955 ut
1299 1893 1537 1976 opinor
1555 1943 1570 1969 ‚
1591 1894 1659 1956 in
1689 1893 1791 1956 his
1820 1895 1986 1958 illud
2018 1919 2284 1982 quoque
2312 1899 2529 1962 rebus

373 2023 464 2067 185
511 2007 900 2070 confirmare
933 2006 1084 2081 tibi,
1109 2006 1353 2069 nullam
1384 2029 1523 2070 rem
1556 2030 1757 2092 posse
1788 2031 1909 2072 sua
1938 2011 2004 2073 vi

390 2106 395 2111 ’
507 2142 896 2206 corpoream
925 2143 1186 2183 sursum
1215 2120 1376 2184 ferri
1407 2144 1803 2206 sursumque
1832 2145 2080 2201 meare3

506 2257 591 2298 ne
621 2236 736 2300 tibi
772 2235 934 2299 dent
961 2236 1029 2297 in
1061 2256 1139 2297 eo
1169 2235 1577 2300 flammarum
1608 2259 1897 2321 corpora
1925 2238 2253 2302 fraudem.

504 2372 733 2414 sursus
767 2350 935 2412 enim
965 2371 1200 2413 versus
1233 2352 1593 2436 gignuntur
1626 2359 1693 2414 et
1724 2354 2029 2437 augmina
2059 2362 2324 2417 sumunt

505 2474 570 2531 et
600 2487 861 2529 sursum
890 2464 1141 2529 nitidae
1171 2464 1396 2552 fruges
1430 2465 1839 2552 arbustaque
1872 2477 2207 2545 creseunt,
2313 2545 2321 2552 ,

363 2598 455 2644 190
500 2581 834 2669 pondera,
861 2589 1181 2666 quantum
1210 2582 1277 2644 111
1307 2603 1380 2643 se
1412 2590 1546 2657 est,
1572 2604 1719 2645 (311111
1753 2581 2067 2646 deorsum
2100 2593 2341 2648 cuncta
2373 2587 2701 2652 ferantur.

500 2718 624 2758 nee
656 2718 804 2758 (311111
832 2696 1185 2759 subsiliunt
1212 2697 1398 2780 ignes
1432 2696 1518 2759 ad
1550 2705 1731 2760 tecta
1762 2696 2108 2761 domorum

504 2818 571 2873 et
601 2809 798 2872 celeri
828 2810 1086 2873 flamma
1117 2810 1475 2896 degustant
1504 2812 1687 2896 tigna
1714 2812 2109 2897 trabesque,

500 2931 743 3011 sponte
772 2946 893 2986 sua
921 2924 1143 2988 faeere
1172 2924 1242 2987 id
1272 2926 1413 2987 sine
1443 2927 1510 2988 vi
1540 2926 1886 3009 subigente
1915 2925 2283 3011 putandum
2315 2937 2449 2993 est.
2548 3003 2575 3026 .

504 3037 687 3123 quod
717 3059 925 3123 genus
959 3048 1093 3114 est,
1119 3047 1355 3103 nostro
1389 3060 1538 3101 (30111
1569 3040 1804 3101 missus
1838 3062 2123 3127 corpore
2155 3044 2426 3127 sanguis

314 3226 323 3233 ·
354 3170 448 3215 195
497 3153 731 3217 emicat
763 3155 1065 3217 exultans
1098 3153 1228 3217 alte
1261 3144 1653 3238 spargitque
1686 3175 2016 3217 cruorem.

496 3290 719 3331 nonne
749 3268 941 3332 vides
974 3268 1168 3330 etiam
1201 3276 1454 3351 quanta
1483 3268 1547 3332 vi
1579 3268 1761 3353 tigna
1790 3269 2150 3353 trabesque

496 3391 772 3467 respuat
799 3405 989 3445 umor
1022 3382 1285 3466 aquae?
1310 3404 1460 3445 nam
1494 3404 1625 3466 quo
1657 3382 1864 3466 magis
1896 3384 2177 3445 ursimus
2209 3383 2339 3446 alte

496 3485 754 3560 deiecta
789 3505 854 3560 et
883 3518 1121 3582 magna
1153 3495 1435 3559 vi'multi
1462 3498 1826 3582 pressimus
1859 3518 2083 3581 aegre,

495 3621 626 3676 tam
659 3612 900 3697 cupide
932 3633 1195 3674 sursum
1224 3611 1507 3675 removit
1537 3612 1742 3696 magis
1774 3619 1975 3695 atque
2005 3612 2277 3675 remittit
2296 3660 2310 3685 ,

348 3744 444 3789 200
489 3728 637 3814 plus
666 3734 743 3789 ut
770 3734 963 3812 parte
992 3725 1173 3790 foras
1207 3732 1547 3811 emergant
1577 3726 2011 3809 exiliantque.

490 3862 613 3903 nec
644 3847 864 3903 tamen
892 3840 1061 3903 haec
1080 3890 1094 3916 ,
1120 3849 1441 3925 quantum
1472 3848 1576 3904 est
1602 3841 1669 3903 in
1700 3861 1770 3901 se
1791 3889 1805 3915 ‚
1831 3838 2208 3903 dubitamus
2228 3888 2241 3912 ‚
2268 3838 2511 3923 opinor
2530 3889 2544 3914 ‚

493 3954 653 4039 quin
682 3975 963 4017 vacuum
993 3979 1113 4040 per
1141 3958 1339 4020 inane
1371 3954 1683 4018 deorsum
1716 3961 1957 4017 cuneta
1984 3953 2314 4017 ferantur.

498 4243 584 4288 181
629 4253 938 4304 quamquam
975 4235 1184 4305 predita
1231 4235 1250 4302 ΙΙ
1306 4240 1396 4284 184
1436 4249 1644 4302 quoque
1681 4231 1807 4283 illud
1858 4233 1877 4302 Η
1930 4239 2021 4284 192
2060 4234 2213 4303 signa
2260 4232 2278 4302 ΙΙ
2325 4238 2415 4283 193
2456 4234 2686 4286 subiecta
2718 4225 2733 4288 Η

496 4326 589 4370 194
630 4335 658 4369 0
697 4318 715 4386 ΙΙ
759 4324 851 4369 197
891 4319 1023 4371 altu.
1061 4318 1079 4387 ΙΙ
1127 4324 1218 4368 198
1255 4317 1485 4368 Dei-ecta
1524 4314 1543 4385 ΙΙ
1585 4320 1680 4365 199
1717 4324 1958 4368 removet
1994 4317 2013 4384 ΙΙ
2053 4322 2150 4368 200
2190 4315 2533 4384 exillantque.
