2840 5008
540 399 628 467 50
1626 401 1690 467 II

529 573 601 637 id
628 573 789 636 facit
818 573 1122 658 exiguum
1157 572 1491 635 clinamen*
1506 573 1979 660 principiorum

532 710 656 751 nec
686 689 958 772 regione
987 688 1117 751 loci
1149 694 1332 750 certa
1360 708 1486 749 nec
1517 695 1815 774 tempore
1848 698 2059 753 certo,

613 802 756 865 Nec
787 804 1035 889 stipata
1063 801 1270 885 magis
1297 800 1424 864 fuit
1451 823 1760 887 umquam
1788 803 2086 866 materiai

389 933 485 978 295
530 917 724 1001 copia
749 937 876 978 nec
904 938 1110 1001 porro
1140 916 1498 979 maioribus
1525 917 1919 980 intervallis:
2025 910 2031 914 ’

529 1052 681 1093 113111
710 1051 926 1113 neque
958 1029 1347 1115 adaugescit
1378 1031 1732 1115 quicquam
1763 1052 1982 1115 neque
2013 1029 2274 1116 deperit
2301 1032 2490 1096 inde.

532 1166 664 1228 qua
691 1151 969 1230 propter
999 1166 1132 1228 quo
1163 1166 1339 1206 nunc
1367 1146 1437 1206 in
1466 1151 1651 1207 motu
1682 1144 2158 1230 principiorum

531 1278 817 1342 corpora
845 1265 1033 1333 sunt,
1054 1258 1122 1321 in
1154 1257 1392 1321 eodem
1424 1268 1579 1321 ante
1610 1267 1760 1322 acta
1789 1265 2008 1322 aetate
2039 1258 2225 1322 fuere

530 1380 596 1436 et
624 1379 783 1458 post
810 1371 979 1434 haec
1009 1394 1271 1457 semper
1300 1373 1489 1435 simili
1518 1375 1777 1436 ratione
1808 1373 2138 1447 ferentur,

386 1504 481 1549 300
528 1495 593 1551 et
623 1464 793 1571 quae
824 1487 1207 1569 consuerint
1235 1488 1414 1571 gigni
1444 1487 1797 1572 gignentur
1829 1486 2062 1550 eadem

532 1599 923 1664 condicione
956 1609 1022 1664 et
1052 1608 1245 1664 erunt
1277 1610 1342 1664 et
1373 1609 1680 1664 crescent
1706 1602 1905 1685 vique
1934 1602 2280 1675 valebunt,

532 1722 852 1800 quantum
882 1716 1117 1799 cuique
1151 1715 1377 1778 datum
1405 1722 1510 1779 est
1539 1737 1659 1799 per
1687 1714 1965 1778 foedera
1992 1716 2281 1779 naturai.

528 1851 652 1892 nec
682 1850 901 1891 rerum
932 1851 1250 1892 summam
1280 1838 1685 1893 commutare
1714 1830 1850 1893 ulla
1878 1837 2107 1915 potest
2133 1830 2266 1893 vis:

528 1965 680 2005 nam
710 1964 928 2027 neque
961 1965 1094 2028 quo
1124 1944 1340 2029 possit
1369 1965 1578 2029 genus
1608 1944 1810 2006 ullum
1840 1945 2137 2007 materiai

388 2074 483 2119 305
533 2057 818 2142 effugere
851 2079 934 2120 ex
965 2058 1141 2120 omni
1175 2058 1529 2142 quicquam
1562 2066 1665 2121 est
1685 2105 1699 2132 ‚
1722 2079 1939 2142 neque
1966 2059 2036 2121 in
2067 2074 2603 2153 omne-seorsum

528 2170 709 2233 unde
741 2180 976 2235 coorta
1005 2178 1206 2255 queat
1234 2194 1412 2236 nova
1439 2173 1539 2236 vis
1568 2173 1944 2256 inrumpere
1977 2179 2042 2234 et
2073 2193 2331 2235 omnem

530 2291 829 2348 naturam
858 2307 1078 2348 rerum
1108 2295 1364 2349 mutare
1396 2295 1463 2349 et
1490 2295 1749 2350 vertere
1779 2294 2029 2350 motus,

609 2397 784 2460 Illud
811 2398 878 2459 in
907 2398 1010 2460 his
1041 2402 1238 2463 rebus
1269 2423 1405 2463 non
1437 2409 1538 2464 est
1568 2400 1861 2464 mirabile
1881 2449 1896 2475 ,
1922 2421 2156 2484 quare,

532 2514 749 2577 omnia
780 2534 926 2575 cum
956 2534 1173 2575 rerum
1202 2515 1565 2598 primordia
1595 2518 1728 2579 sint
1754 2516 1824 2577 in
1853 2510 2068 2588 111οἐ11,

391 2645 486 2690 310
530 2649 783 2690 summa
812 2634 1032 2689 tamen
1063 2648 1314 2688 summa
1341 2628 1658 2694 videatur
1679 2638 1857 2691 stare
1889 2628 2138 2713 quiete,

530 2749 798 2826 praeter
834 2762 1029 2825 quam
1060 2740 1280 2824 siquid
1309 2743 1584 2827 proprio
1618 2742 1736 2805 dat
1764 2763 2047 2827 corpore
2076 2749 2322 2805 motus,

535 2855 745 2917 omnis
778 2854 946 2916 enim
975 2854 1173 2939 longe
1203 2855 1452 2917 nostris
1485 2856 1566 2917 ab
1598 2857 1901 2919 sensibus
1929 2856 2101 2919 infra

532 2969 891 3055 primorum
921 2976 1162 3031 natura
1189 2970 1394 3044 iacet3
1419 2989 1550 3050 qua
1577 2960 1857 3053 propter
1876 3018 1890 3044 ,
1913 2971 2024 3034 ubi
2051 2971 2198 3054 ipsa

461 3168 469 3177 ‘
505 3103 804 3161 ‚cernere
832 3082 958 3145 iam
986 3103 1280 3165 nequeas
1301 3129 1314 3155 ‚
1336 3088 1556 3143 motus
1589 3102 1858 3165 quoque
1888 3103 2162 3165 surpere
2195 3083 2474 3163 debent3

389 3214 484 3258 315
528 3196 915 3281 praesertim
949 3218 1095 3259 cum
1115 3244 1129 3269 ‚
1154 3214 1324 3278 quae
1353 3195 1686 3278 possimus
1717 3209 1991 3257 'cernere
2011 3244 2025 3270 ‚
2051 3196 2268 3260 celent

532 3332 731 3395 saepe
760 3318 982 3373 tamen
1009 3316 1230 3372 motus
1251 3356 1265 3382 ‚
1287 3309 1505 3393 spatio
1538 3308 1812 3372 diducta
1839 3308 2167 3371 locorum.

532 3446 685 3488 nam
716 3445 917 3509 saepe
945 3424 1013 3486 in
1044 3422 1193 3486 colli
1223 3421 1584 3486 tondentes
1615 3422 1859 3507 pabula
1884 3423 2061 3486 laeta
2190 3405 2194 3409 ,

531 3540 863 3624 lanigerae
891 3544 1163 3623 reptant
1190 3536 1486 3623 pecudes
1516 3559 1649 3622 quo
1682 3559 2012 3621 quamque
2039 3546 2358 3601 vocantes

527 3654 817 3717 invitant
844 3651 1091 3715 herbae
1121 3660 1528 3735 gemmantes
1556 3673 1710 3714 rore
1738 3653 2021 3726 recenti,

319 3779 325 3784 ’
388 3783 484 3829 320
530 3775 597 3829 et
626 3767 846 3830 satiati
879 3764 1029 3850 agni
1055 3765 1299 3829 ludunt
1326 3765 1707 3850 blandeque
1740 3773 2126 3842 coruscant3

533 3880 750 3941 omnia
780 3901 950 3963 quae
977 3879 1172 3943 nobis
1203 3879 1402 3965 longe
1435 3878 1713 3943 confusa
1740 3880 2053 3943 videntur

462 4031 471 4041 =
533 4000 599 4055 et
626 3993 733 4055 vel
763 4001 837 4055 ut
863 3993 931 4054 in
959 3992 1156 4056 viridi
1187 3993 1444 4057 candor
1474 3995 1842 4057 consistere
1873 3967 2050 4057 colli.

532 4276 629 4321 294
667 4268 767 4320 fult
822 4268 841 4336 ΙΙ
896 4275 987 4324 301
1031 4272 1189 4339 viquo
1248 4268 1267 4337 ΙΙ
1325 4274 1420 4319 305
1461 4270 1513 4320 in
1551 4286 1761 4321 omnes.
1812 4270 1832 4337 ΙΙ
1879 4276 1974 4321 313
2016 4271 2209 4339 ipsum.
2260 4271 2280 4339 ΙΙ
2327 4276 2426 4321 314
2465 4288 2730 4345 asurpere
2771 4273 2788 4341 ΙΙ

530 4357 628 4402 318
665 4368 819 4419 quam
876 4352 895 4420 Η
952 4358 1048 4404 320
1087 4352 1242 4404 satiat
1294 4350 1314 4418 ΙΙ
1367 4356 1463 4401 322
1501 4352 1577 4403 uti
