2840 5008
1172 325 1234 390 II
2240 326 2328 392 47

68 505 147 565 sic
173 502 371 586 igitur
406 499 681 563 debent
709 497 1010 560 flammae
1044 517 1311 580 quoque
1340 517 1544 581 posse
1575 518 1693 581 per
1720 518 1916 560 auras

68 618 214 680 aeris
247 634 633 701 expressae
664 634 927 675 sursum
960 609 1318 673 succedere
1338 659 1352 685 ‚
1380 632 1777 695 quamquam

67 729 349 817 pondera
368 778 383 803 ‚
413 735 757 812 quantum
791 733 893 789 est
921 727 989 788 in
1019 746 1090 787 se
1109 774 1123 800 ‚
1149 724 1460 787 deorsum
1493 724 1738 787 ducere
1770 735 2104 810 pugnent.

70 853 561 927 nocturnasque
592 842 777 905 faces
807 839 1002 913 caeli,
1026 839 1299 903 sublime
1329 839 1647 914 volantiS,

70 980 264 1022 nonne
292 956 494 1019 vides
529 957 777 1039 longos
806 954 1210 1017 flammarum
1242 953 1486 1016 ducere
1516 962 1774 1017 tractus

69 1074 123 1133 in
150 1088 305 1155 quas
338 1091 646 1155 cumque
680 1067 869 1132 dedit
898 1067 1107 1153 partis
1138 1076 1377 1131 natura
1408 1068 1741 1131 meatum?

70 1209 187 1248 non
214 1185 461 1249 cadere
493 1185 572 1246 in
602 1191 848 1246 terram
879 1183 1107 1246 stellas
1141 1190 1208 1245 et
1237 1181 1461 1245 sidera
1492 1182 1750 1244 cernis?

72 1301 156 1362 sol
182 1302 373 1363 etiam
405 1319 680 1361 summo
714 1296 798 1359 de
828 1296 1078 1377 vertice
1112 1294 1392 1381 dissipat
1424 1296 1634 1358 omnis

74 1414 351 1477 ardorem
379 1415 454 1476 in
486 1411 710 1505 partis
743 1419 808 1474 et
835 1411 1077 1473 lumine
1109 1411 1402 1474 conserit
1432 1431 1626 1474 arva:

74 1528 127 1589 in
149 1537 352 1592 terras
382 1528 605 1613 igitur
639 1548 910 1610 quoque
938 1525 1096 1588 solis
1127 1526 1424 1609 vergitur
1454 1523 1685 1587 ardor.
1724 1576 1731 1593 ,

72 1640 874 1726 transversosque‘volare
905 1660 1025 1724 per
1054 1639 1278 1702 imbris
1308 1638 1580 1701 fulmina
1610 1641 1823 1702 cernis
1846 1689 1859 1713 ‚

73 1776 221 1819 nunc
244 1756 400 1820 hinc
431 1777 626 1819 nunc
652 1754 834 1818 illinc
864 1754 1130 1838 abrupti
1160 1754 1446 1816 nubibus
1476 1754 1663 1839 ignes

73 1878 483 1933 concursant:
512 1868 702 1931 cadit
730 1869 798 1930 in
831 1876 1042 1930 terras
1071 1867 1172 1930 vis
1203 1867 1501 1931 flammea
1531 1869 1760 1952 volg0.

141 1984 293 2048 Illud
323 1984 538 2050 in.his
576 2003 851 2068 quoque
882 1989 948 2044 te
977 1981 1179 2043 rebus
1212 2003 1621 2066 cognoscere
1651 2005 1953 2057 avemuS‚

77 2118 327 2183 corpora
358 2097 866 2162 cum·deorsum
894 2103 1147 2159 rectum
1177 2118 1299 2181 per
1327 2097 1521 2159 inane
1552 2097 1886 2173 feruntur,

76 2213 453 2292 ponderibus
487 2212 789 2298 propriis
818 2212 1074 2273 incerto
1104 2218 1405 2295 tempore
1435 2210 1640 2274 ferme

76 2323 443 2412 incertisque
472 2326 618 2390 loci
647 2326 879 2410 spatiis
914 2325 1240 2388 decellere
1271 2326 1536 2409 paulum
1556 2376 1569 2399 ,

75 2444 293 2502 tantum
326 2441 517 2526 quod
552 2461 818 2503 momen
845 2447 1167 2502 mutatum
1201 2437 1424 2502 dicere
1456 2441 1702 2525 possiS.

82 2554 231 2636 quod
255 2556 375 2618 nisi
407 2555 754 2619 declinare
784 2555 1111 2629 solerent,
1137 2555 1357 2617 omnia
1388 2554 1730 2630 deorsum,

78 2666 265 2731 imbris
292 2672 390 2734 uti
420 2677 665 2756 guttae
685 2717 699 2743 ,
724 2668 1040 2732 caderent
1067 2690 1190 2754 per
1217 2670 1412 2731 inane
1445 2668 1846 2753 profundum
1866 2719 1879 2736 .

80 2802 177 2843 nec
200 2783 367 2858 foret
397 2784 703 2847 offensus
734 2791 929 2846 natus
963 2805 1084 2846 nec
1116 2784 1313 2869 plaga
1344 2792 1570 2846 creata

83 2896 411 2983 principiis:
434 2900 538 2962 ita
571 2896 664 2958 nil
692 2919 1001 2981 umquam
1030 2906 1272 2960 natura
1302 2906 1624 2961 creasset.

52 3049 53 3054 κ
142 3008 317 3087 Quod
346 3012 401 3073 si
431 3011 619 3075 forte
651 3011 884 3095 aliquis
917 3010 1131 3075 credit
1158 3012 1470 3096 graviora
1498 3021 1768 3096 potesse

84 3143 323 3208 corpora
341 3176 355 3200 ‚
381 3148 522 3211 quo
563 3125 754 3187 citius
785 3133 1038 3188 rectum
1067 3148 1189 3210 per
1219 3127 1414 3188 inane
1443 3126 1790 3200 feruntur‚'

81 3235 327 3303 incidere
360 3262 446 3303 ex
478 3260 734 3323 supero
768 3212 1123 3303 levioribus
1145 3290 1159 3314 ‚
1189 3248 1390 3325 atque
1419 3242 1515 3304 ita
1543 3242 1775 3327 plagas
1843 3257 1849 3263 ‘

82 3349 335 3433 gignere,
361 3376 541 3439 quae
574 3353 835 3439 possint
863 3355 1163 3438 genitalis
1196 3354 1481 3419 reddere
1512 3363 1760 3431 motus,

83 3464 226 3527 avius
253 3489 289 3529 a
316 3491 479 3532 vera
509 3469 716 3551 longe
744 3469 1000 3532 ratione
1033 3469 1315 3533 recedit.
1603 3460 1614 3466 ⁶

80 3596 196 3639 nam
221 3603 331 3664 per
361 3604 580 3667 aquas
613 3603 785 3664 quae
815 3605 1095 3667 cumque
1129 3583 1378 3647 cadunt
1408 3591 1610 3669 atque
1643 3593 1799 3649 aera
1826 3607 2076 3658 rarum,

80 3686 211 3754 haec
235 3717 348 3779 pro
379 3695 802 3782 ponderibus
837 3718 1028 3760 casus
1062 3699 1352 3761 celerare
1382 3708 1727 3763 necessest
1873 3681 1884 3691 ⁸

82 3816 388 3889 propterea
420 3811 584 3895 quia
617 3831 860 3893 corpus
893 3833 1103 3896 aquae
1134 3821 1508 3897 naturaque
1541 3814 1753 3877 tenvis

88 4115 158 4161 203
189 4134 375 4189 quoque
410 4122 612 4174 debent
650 4121 859 4173 flamme
896 4123 915 4193 ΙΙ
953 4131 1048 4176 205
1088 4133 1336 4194 quantum
1375 4127 1511 4178 inest
1550 4126 1569 4195 ΙΙ
1606 4133 1703 4179 209
1740 4126 1983 4178 caderem
2011 4129 2062 4179 in
2086 4133 2231 4179 terra
2268 4129 2288 4195 ΙΙ

87 4198 159 4244 210
189 4216 372 4261 summo
409 4213 674 4259 omissum.
716 4205 735 4271 Η
774 4210 870 4255 218
907 4206 1082 4257 firme.
1124 4207 1143 4278 ΙΙ
1181 4215 1278 4259 219
1314 4208 1446 4261 locis
1484 4211 1657 4278 spatio
1695 4208 1959 4278 depellere
1996 4210 2014 4278 ΙΙ
2053 4216 2149 4260 222
2183 4209 2289 4259 Im-

88 4273 180 4330 bres
208 4281 225 4348 ll
258 4290 345 4338 227
380 4288 531 4357 plag.
572 4287 594 4355 ΙΙ
636 4291 734 4337 229
772 4285 964 4338 Aulus'
