2840 5008
676 1169 761 1249 T.
839 1167 1384 1294 LUCRET1
1463 1168 1768 1248 CARI<

282 1393 527 1492 DE
644 1391 1267 1509 RERUM
1375 1391 2138 1493 NATURA

761 1634 1091 1697 LIBER
1159 1633 1689 1713 QUINTUS.

1024 1861 1428 1868 ————-——

70 2104 299 2254 Quis
331 2140 530 2247 potis*
554 2167 658 2222 est
689 2157 957 2243 dignum
988 2158 1265 2243 pollenti
1294 2165 1571 2243 pectore
1603 2179 1867 2222 carmen

66 2273 381 2337 condere
412 2294 544 2357 pro
575 2293 795 2335 rerum
827 2273 1170 2335 maiestate
1202 2271 1440 2355 hisque
1468 2273 1804 2357 repertis?

66 2389 322 2472 quisve
351 2387 541 2451 valet
568 2386 793 2450 verbis
823 2393 1077 2449 tantum
1097 2434 1111 2460 ‚
1136 2386 1249 2469 qui
1278 2385 1530 2470 fingere
1560 2386 1794 2450 laudes

63 2524 200 2587 pro
232 2501 497 2564 meritis
531 2501 672 2564 eius
699 2500 916 2585 possit
935 2551 949 2576 ,
974 2501 1088 2585 qui
1118 2501 1277 2563 talia
1307 2500 1500 2564 nobis

68 2623 370 2701 pectore
399 2623 597 2700 parta
626 2636 747 2678 suo
781 2616 1213 2699 quaesitaque
1243 2616 1538 2699 praemia
1565 2615 1798 2699 liquit?

68 2752 283 2794 nemo
307 2779 323 2805 ‚
345 2738 421 2793 ut
451 2730 692 2816 opinor
709 2778 724 2804 ‚
749 2730 871 2792 erit
898 2729 1160 2793 mortali
1191 2751 1476 2814 corpore
1508 2737 1758 2794 cretuS.

71 2867 237 2907 nam
272 2846 333 2908 si
352 2891 366 2917 ‚
390 2852 467 2907 ut
494 2845 640 2931 ipsa
668 2844 838 2928 petit
866 2846 1178 2908 maiestas
1208 2845 1477 2929 cognita
1503 2866 1753 2919 rerum,

80 2957 457 3022 dicendum
490 2966 590 3021 est
609 3007 623 3033 ,
650 2957 817 3021 deus
847 2959 954 3022 ille
986 2958 1108 3022 fuit
1127 3007 1141 3033 ,
1168 2957 1331 3021 deus
1352 3008 1367 3034 ‚
1389 2959 1642 3045 inclyte
1670 2959 1964 3034 Memmi,

79 3074 200 3157 qui
232 3074 557 3159 princeps
586 3074 764 3136 vitae
792 3073 1118 3135 rationem
1147 3073 1401 3136 invenit
1433 3093 1574 3137 eam
1606 3095 1776 3158 quae

77 3210 271 3252 nunc
305 3187 685 3274 appellatur
715 3186 1074 3272 sapientia,
1101 3189 1348 3272 quique
1379 3208 1502 3272 per
1531 3196 1742 3251 artem
1798 3231 1811 3242 -

79 3302 407 3367 fluctibus
439 3322 474 3364 e
504 3302 709 3365 tantis
738 3302 942 3365 vitam
974 3303 1311 3387 tantisque
1340 3301 1635 3365 tenebris

78 3417 152 3478 in
186 3425 329 3480 tam
356 3416 719 3500 tranquillo
754 3424 820 3479 et
848 3424 984 3479 tam
1014 3416 1195 3481 clara
1222 3417 1370 3480 luce
1397 3415 1678 3480 locavit.

82 3530 326 3593 confer
358 3531 533 3594 enim
565 3530 793 3594 divina
820 3532 1097 3595 aliorum
1125 3532 1402 3616 antiqua
1429 3539 1725 3616 reperta.

84 3665 385 3728 namque
418 3643 622 3707 Ceres
652 3644 867 3709 fertur
896 3646 1122 3732 fruges
1152 3645 1487 3730 Liberque
1516 3645 1792 3729 liquoris

86 3758 368 3843 vitigeni
397 3759 661 3822 laticem
691 3760 1079 3824 mortalibus
1109 3760 1507 3835 instituisse3

89 3893 248 3934 cum
275 3882 498 3937 tamen
526 3873 632 3936 his
664 3882 899 3958 posset
927 3875 1069 3937 sine
1099 3875 1300 3938 rebus
1331 3875 1471 3937 vita
1499 3894 1796 3948 manere,

88 3992 182 4048 ut
208 3985 375 4050 fama
404 3997 509 4051 est
537 3988 794 4072 aliquas
826 3978 1023 4052 etiam
1052 4010 1230 4051 nunc
1258 3989 1485 4051 vivere
1514 3989 1762 4073 gentis:

89 4107 174 4161 at
206 4101 363 4166 bene
393 4124 530 4166 non
559 4109 831 4187 poterat
858 4104 1000 4166 sine
1030 4125 1201 4188 puro
1232 4110 1510 4188 pectore
1542 4103 1704 4177 vivi3

97 4350 129 4394 2
178 4345 459 4401 maiestatis
498 4356 657 4418 atque
696 4350 715 4417 ΙΙ
756 4358 783 4401 5
823 4353 1064 4419 quaesita
1101 4352 1119 4419 ΙΙ
1164 4356 1222 4400 12
1264 4350 1497 4402 vocavit.
1535 4351 1555 4418 ΙΙ
1598 4356 1657 4401 14
1696 4366 1853 4419 geres
