2840 5008
502 375 637 452 182
1592 380 1660 445 V

499 558 838 614 menstrua
870 549 1027 614 dum
1055 551 1306 638 rigidas
1337 554 1490 617 coni
1518 553 1887 638 perlabitur
1914 555 2217 632 umbras3

353 680 451 727 765
495 672 798 751 tempore
830 665 1065 730 eodem
1097 668 1258 731 aliut
1286 677 1578 753 nequeat
1606 690 1998 733 succurrere
2026 669 2223 734 lunae
2261 746 2265 749 Α

501 801 746 865 corpus
774 780 885 844 vel
912 804 1116 868 supra
1146 782 1304 848 solis
1334 783 1666 869 perlabier
1695 785 1957 860 orbem,
1981 792 1986 796 “

502 894 686 980 quod
714 895 941 959 radios
968 898 1145 961 inter
1172 907 1440 984 rumpat
1466 898 1820 984 lumenque
1848 898 2242 984 profusum?

503 1018 568 1074 et
596 1020 819 1075 tamen
847 1012 994 1096 ipsa
1023 1035 1146 1077 suo
1177 1012 1232 1074 si
1262 1012 1457 1099 fulgit,
1482 1014 1640 1079 luna
1667 1015 1885 1079 ‘nitore
1904 1064 1917 1090 ‚

501 1147 619 1189 cur
646 1136 942 1211 nequeat
971 1137 1155 1192 certa
1183 1127 1412 1191 mundi
1439 1128 1872 1214 languescere
1901 1137 2094 1214 parte
2112 1179 2127 1205 ‚

356 1254 454 1301 770
498 1238 656 1304 dum
681 1241 834 1306 loca
862 1241 1216 1307 luminibus
1246 1244 1536 1328 propriis
1564 1244 1828 1307 inimica
1855 1264 1978 1328 per
2009 1243 2189 1307 exit?

357 1370 467 1416 772·
585 1354 785 1435 Quod
815 1379 1018 1443 super
1050 1365 1186 1432 est,
1210 1360 1523 1443 quoniam
1551 1359 1775 1444 magni
1801 1379 1924 1443 per
1956 1359 2222 1422 caerula
2247 1359 2480 1424 mundi

505 1491 638 1554 qua
663 1470 804 1535 fieri
837 1472 1153 1557 quicquid
1184 1483 1420 1560 posset
1447 1471 2012 1548 ratione‘resolvi‚

502 1585 662 1649 solis
691 1588 790 1649 uti
817 1588 1040 1652 varios
1072 1610 1306 1651 cursus
1336 1589 1663 1673 lunaeque
1692 1595 1947 1652 meatus

357 1715 455 1760 775
501 1721 780 1764 noscere
809 1723 1156 1788 possemus
1188 1724 1359 1787 quae
1388 1680 1494 1766 vis
1526 1711 1593 1766 et
1624 1724 1826 1781 causa
1856 1703 2089 1777 cieret,

376 1806 387 1810 ’
505 1835 727 1898 quove
756 1816 957 1880 modo
985 1825 1270 1903 possent
1299 1817 1538 1881 offecto
1568 1817 1812 1882 lumine
1843 1818 2029 1882 obire

507 1936 576 1992 et
602 1951 822 2015 neque
853 1932 1186 2017 opinantis
1216 1934 1509 1997 tenebris
1541 1932 1880 1997 obducere
1909 1941 2155 2010 terraS‚

506 2066 654 2108 cum
685 2047 875 2130 quasi
902 2048 1218 2112 conivent
1249 2056 1317 2111 et
1344 2056 1580 2132 aperto
1607 2047 1851 2111 lumine
1879 2070 2143 2112 rursum

506 2161 723 2225 omnia
753 2163 1112 2226 convisunt
1143 2163 1322 2227 clara
1350 2164 1502 2234 loca
1531 2162 1821 2227 candida
1850 2163 2033 2238 luce,

361 2289 458 2336 780
501 2296 678 2339 nunc
707 2274 914 2341 redeo
945 2277 1033 2341 ad
1059 2276 1288 2341 mundi
1316 2280 1682 2343 novitatem
1713 2285 1781 2341 et
1807 2277 2031 2342 mollia
2059 2286 2280 2343 terrae

507 2412 667 2454 arva
685 2440 700 2467 ,
725 2412 904 2455 novo
933 2392 1078 2455 fetu
1109 2390 1273 2476 quid
1300 2392 1584 2477 primum
1611 2394 1681 2476 in
1708 2393 1970 2457 luminis
2002 2414 2156 2458 oras

504 2508 740 2571 tollere
773 2514 842 2571 et
868 2507 1138 2572 incertis
1169 2509 1418 2572 crerint
1450 2510 1857 2573 committere
1885 2509 2127 2572 ventis.

585 2623 922 2708 Principio
955 2644 1167 2709 genus
1196 2615 1558 2688 herbarum
1586 2623 2001 2709 viridemque
2027 2624 2313 2688 nitorem

503 2747 685 2801 terra
714 2736 900 2802 dedit
930 2739 1178 2802 circum
1207 2739 1392 2803 collis
1424 2760 1833 2824 camposque
1861 2760 1983 2824 per
2013 2738 2226 2803 omnis
2243 2788 2258 2813 ‚

362 2869 459 2915 785
502 2851 742 2916 florida
768 2844 1442 2921 fulseruntviridanti
1470 2861 1666 2939 prata
1696 2854 1923 2918 colore
1941 2903 1955 2929 ‚

508 2969 991 3052 arboribusque
1023 2968 1319 3032 datumst
1338 2968 1541 3033 variis
1572 2967 1813 3033 exinde
1842 2988 1964 3051 per
1993 2989 2187 3032 auras

508 3083 851 3147 crescendi
879 3105 1189 3169 magnum
1214 3083 1499 3146 inmissis
1531 3091 1868 3148 certamen
1895 3083 2175 3147 habenis
2196 3133 2210 3146 .

507 3206 583 3262 ut
611 3199 833 3286 pluma
862 3206 1067 3284 atque
1095 3198 1211 3283 pili
1239 3199 1522 3284 primum
1551 3205 1912 3283 saetaeque
1944 3206 2251 3262 creantur

509 3303 995 3400 quadripedum
1021 3315 1332 3378 membris
1364 3323 1433 3378 et
1461 3335 1745 3401 corpore
1774 3315 2325 3399 pennipotentum
2342 3365 2357 3389 ‚

362 3445 460 3493 790
505 3430 600 3493 sic
628 3451 807 3493 nova
834 3438 973 3494 tum
1002 3430 1200 3494 tellus
1230 3430 1477 3493 herbas
1509 3429 1933 3514 virgultaque
1960 3429 2243 3516 primum

508 3545 778 3610 sustulit
796 3595 810 3621 ‚
833 3543 990 3608 inde
1018 3544 1149 3607 loci
1176 3544 1484 3629 mortalia
1511 3544 1731 3608 saecla
1762 3520 2015 3609 creavit

505 3662 714 3726 multa
741 3658 958 3724 modis
986 3659 1207 3723 multis
1238 3659 1425 3724 varia
1452 3660 1716 3724 ratione
1747 3668 2011 3724 coorta.

422 3860 427 3865 ἱ
506 3797 658 3839 nam
688 3797 906 3860 neque
938 3774 1024 3838 de
1055 3775 1238 3839 caelo
1271 3774 1594 3839 cecidisse
1625 3775 1929 3859 animalia
1958 3782 2275 3860 possunt,

508 3912 635 3954 nec
662 3891 1009 3955 terrestria
1040 3890 1125 3954 de
1155 3891 1346 3957 salsis
1379 3892 1598 3978 exisse
1629 3891 1913 3954 lacunis:

363 4021 460 4068 795
505 3991 823 4091 linquitur
853 4014 930 4070 ut
956 4006 1193 4070 merito
1224 4013 1597 4070 maternum
1625 4027 1868 4070 nomen
1900 4004 2147 4097 adepta

512 4293 608 4340 764
646 4286 938 4357 periabitur
993 4285 1012 4354 ΙΙ
1068 4292 1165 4338 768
1190 4285 1360 4356 fulget
1412 4287 1433 4356 Η
1471 4248 1565 4341 77⁸1
1596 4292 1810 4341 =764.
1852 4289 1872 4356 ΙΙ
1910 4293 2008 4340 776
2045 4295 2271 4357 possent
2306 4296 2576 4361 omissmn.
2611 4289 2630 4357 ΙΙ
2662 4286 2737 4338 782

514 4369 759 4422 Tolleret
795 4370 814 4438 Η
857 4367 1077 4421 credunt
1116 4366 1134 4436 Η
1174 4375 1271 4420 784
1309 4387 1630 4440 campusque
1667 4373 1686 4441 ΙΙ
1725 4378 1823 4424 790
1861 4370 2184 4441 vilgultaque
