2840 5008
48 529 66 563 ι

0 634 15 681 b

0 1073 63 1118 ›60

0 1642 69 1688 565

0 1983 70 2032 569

0 3238 87 3284 580

9 3805 94 3850 585

11 3919 96 3964 568

13 4033 98 4080 586

1258 425 1288 490 Ι

102 622 266 664 nam
304 598 587 689 quidvis
621 599 812 662 citius
844 596 1118 661 dissolvi
1144 619 1346 682 posse
1381 597 1680 662 videmus

105 737 322 798 quam
354 735 601 777 rursus
631 712 844 789 refici3
870 732 1002 795 qua
1027 721 1307 798 propter
1337 714 1541 797 longa
1572 711 1701 776 diei

104 829 387 892 infinita
419 834 613 890 aetas
644 827 954 891 anteacti
990 827 1306 910 temporis
1339 828 1550 890 omnis

109 942 306 1026 quod
336 919 665 1025 fregisset
695 939 912 1002 adhuc
943 939 1329 1003 disturbans
1361 940 1902 1025 dissoluensque‚

106 1077 493 1141 numquam
525 1055 770 1117 relicuo
801 1056 1095 1139 reparari
1124 1054 1427 1140 tempore
1458 1065 1721 1140 posset.

111 1178 178 1232 at
206 1191 402 1232 nunc
421 1215 436 1242 ‚
462 1169 533 1230 ni
561 1169 795 1231 mirum
814 1217 828 1243 ‚
850 1167 1201 1252 frangendi
1228 1167 1500 1232 reddita
1526 1169 1675 1232 finis

114 1293 307 1348 certa
336 1291 576 1346 manet
594 1331 609 1357 ‚
634 1283 943 1365 quoniam
970 1282 1150 1345 refici
1181 1305 1316 1346 rem
1350 1304 1680 1367 quamque
1717 1284 2014 1348 videmus

113 1406 181 1462 et
209 1398 409 1461 finita
438 1395 635 1460 simul
662 1397 1022 1479 generatim
1052 1404 1357 1483 tempora
1384 1396 1586 1459 rebus

113 1521 306 1575 stare
326 1560 341 1587 ‚
367 1511 620 1596 quibus
649 1510 910 1593 possint
938 1511 1082 1573 aevi
1112 1512 1498 1596 contingere
1528 1511 1786 1575 florem.

112 1626 250 1689 huc
284 1623 561 1688 accedit
589 1624 687 1687 uti
706 1672 721 1698 ‚
743 1622 1137 1687 solidissima
1165 1626 1461 1688 materiai

119 1760 422 1827 corpora
454 1759 606 1801 cum
637 1746 944 1802 constant
962 1787 976 1814 ,
998 1739 1265 1824 possint
1293 1748 1514 1801 tamen
1549 1742 1766 1803 omnia
1794 1741 1988 1804 reddi

118 1855 349 1918 mollia
380 1873 559 1938 quae
587 1851 756 1914 fiunt
774 1899 788 1925 ‚
810 1858 923 1915 aer
941 1899 955 1925 ‚
980 1874 1155 1936 aqua
1174 1902 1188 1928 ‚
1211 1860 1390 1916 terra
1409 1902 1423 1928 ‚
1447 1875 1736 1939 vapores
1754 1905 1767 1929 ‚

115 1968 500 2032 admixtum
532 1966 844 2050 quoniam
874 1968 1076 2029 semel
1107 1974 1209 2030 est
1234 1969 1303 2029 in
1331 1968 1533 2032 rebus
1561 1969 1757 2032 inane
1783 1994 1796 2030 :

121 2091 192 2147 at
223 2089 473 2145 contra
505 2080 558 2142 si
588 2079 811 2142 mollia
839 2079 973 2143 sint
1001 2080 1362 2165 primordia
1404 2104 1622 2144 rerum
1642 2093 1672 2155 ‚‘

118 2195 310 2259 unde
343 2203 601 2280 queant
628 2192 830 2256 validi
860 2194 1074 2258 silices
1100 2194 1485 2280 ferrumque
1517 2198 1721 2260 creari

120 2333 267 2374 non
298 2308 556 2395 poterit
585 2308 754 2371 ratio
785 2307 1009 2371 reddi:
1035 2329 1186 2371 nam
1214 2308 1518 2373 funditus
1550 2313 1760 2374 omnis

121 2423 463 2510 principio
496 2420 908 2485 fundamenti
940 2430 1181 2485 natura
1209 2424 1490 2487 carebit.

123 2546 292 2604 sunt
318 2537 526 2621 igitur
556 2535 772 2599 solida
801 2538 1120 2621 pollentia
1151 2539 1595 2625 simplicitate,

127 2672 422 2739 quorum
454 2649 800 2713 condenso
833 2653 1038 2736 magis
1070 2653 1288 2715 omnia
1318 2653 1672 2715 conciliatu

129 2767 340 2831 artari
370 2772 664 2850 possunt
692 2758 1079 2850 validasque
1110 2765 1469 2830 ostendere
1498 2767 1688 2829 viris.

210 2881 437 2943 Porro
470 2878 529 2941 si
558 2877 803 2941 nullast
834 2879 1219 2964 frangendis
1247 2879 1518 2943 reddita
1544 2880 1692 2943 finis

131 2993 537 3078 corpo'ribus
558 3040 573 3068 ,
599 3001 819 3055 tamen
849 3015 931 3056 ex
961 3002 1235 3058 aeterno
1268 3003 1568 3080 tempore
1600 2995 1924 3079 quaedam

132 3130 312 3171 nunc
344 3108 547 3170 etiam
578 3128 897 3191 superare
925 3117 1271 3172 necessest
1302 3097 1592 3193 corpora
1619 3109 1820 3173 rebus
1845 3159 1859 3185 ,
1917 3095 1922 3096 ἶ

134 3243 305 3305 quae
333 3243 479 3284 non
510 3219 669 3283 dum
699 3222 963 3285 clueant
989 3222 1125 3286 ullo
1156 3229 1482 3308 temptata
1508 3223 1795 3309 periclo:

135 3344 203 3399 at
232 3336 553 3420 quoniam
583 3334 802 3420 fragili
829 3345 1069 3400 natura
1095 3336 1404 3421 praedita
1433 3347 1746 3401 constant
1764 3386 1778 3412 ‚

136 3448 482 3534 discrepat
511 3456 855 3513 aeternum
885 3459 1146 3535 tempus
1177 3453 1478 3535 potuisse
1508 3473 1776 3514 manere

137 3564 732 3627 innumerabilibus
760 3564 973 3649 plagis
1004 3575 1247 3628 vexata
1277 3587 1398 3650 per
1430 3587 1691 3628 aevom.

142 3676 431 3764 denique
459 3678 595 3740 iam
625 3678 930 3760 quoniam
962 3679 1328 3762 generatim
1358 3677 1625 3742 reddita
1652 3679 1801 3741 finis

139 3789 494 3855 crescendi
522 3792 729 3854 rebus
759 3800 1025 3855 constat
1053 3793 1388 3876 vitamque
1417 3792 1721 3870 tenendi,

139 3927 269 3988 quo
300 3914 526 3992 pacto·
544 3903 711 3966 fiant
740 3911 804 3967 et
834 3927 967 3988 qua
996 3906 1059 3968 vi
1091 3928 1396 3991 quaeque
1426 3914 1773 3991 gerantur,

142 4027 204 4082 et
232 4019 401 4103 quid
432 4038 749 4103 quaeque
781 4028 1026 4101 queant
1054 4041 1174 4103 per
1202 4020 1481 4084 foedera
1510 4020 1802 4093 naturai,

2299 428 2384 493 21

144 4303 240 4349 562
278 4299 440 4351 refice
479 4297 500 4364 ΙΙ
542 4295 760 4348 demus,
807 4298 826 4364 ΙΙ
874 4302 970 4348 569
1010 4298 1422 4367 Admixtumque
1459 4300 1477 4366 ΙΙ
1518 4306 1615 4350 578
1655 4315 1915 4368 quaeque.
1955 4300 1973 4366 Η
2014 4303 2109 4348 580
2148 4297 2352 4346 civeant
2389 4293 2408 4361 ΙΙ

147 4386 244 4431 584
282 4380 572 4450 generatin
612 4379 632 4446 ΙΙ
677 4384 771 4429 585
812 4378 1127 4432 Crescendis
