2840 5008
1121 360 1248 427 IIII
1939 353 1952 358 ’
2174 358 2206 424 1
2219 358 2308 426 29

84 549 134 603 et
161 561 278 625 quo
307 558 604 621 eumque
638 535 871 599 oeulos
903 533 1280 597 traiecimus
1312 532 1532 595 omnia
1557 532 1719 595 ferri

26 673 48 716 ιε»
83 662 135 717 et
157 653 347 716 fluere
382 623 673 715 adsimili
703 649 897 712 nobis
928 648 1187 711 ratione
1215 645 1529 709 videntur
1547 696 1560 709 .

75 768 340 853 porticus
375 765 645 849 aequali
673 763 976 849 quamvis
1009 769 1112 825 est
1142 760 1429 848 denique
1460 759 1666 825 ductu

76 890 369 964 stansque
398 881 474 942 in
503 885 898 964 perpetuum
931 877 1202 963 paribus
1234 875 1503 939 suffulta
1533 875 1882 949 columniS‚

72 997 242 1080 longa
268 1002 502 1058 tamen
530 1001 722 1078 parte
754 993 837 1056 ab
871 1012 1122 1054 summa
1153 1012 1299 1053 eum
1329 998 1476 1060 tota
1504 988 1800 1063 videtur,

74 1108 365 1194 paulatim
394 1108 605 1171 trahit
634 1106 908 1191 angusti.
926 1105 1192 1190 fastigia
1222 1105 1398 1177 coni,

25 1241 41 1285 t)
74 1230 228 1286 tecta
256 1215 410 1285 solo
441 1222 722 1305 iungens
754 1227 958 1304 atque
990 1219 1208 1281 omnia
1237 1218 1518 1282 dextera
1545 1217 1755 1280 laevis

76 1336 263 1400 donee
289 1337 364 1416 in
395 1336 756 1399 obscurum
787 1335 939 1397 coni
969 1330 1292 1396 conduxit
1321 1353 1596 1395 acumen
1620 1380 1634 1393 .

73 1452 129 1512 in
152 1451 390 1535 pelago
423 1449 643 1512 nautis
675 1469 759 1510 ex
786 1447 987 1510 undis
1019 1454 1207 1510 ortus
1237 1446 1305 1508 in
1334 1445 1534 1509 undis

78 1564 164 1627 sol
188 1564 261 1628 fit
291 1564 393 1626 uti
422 1541 730 1627 videatur
762 1563 947 1625 obire
980 1570 1045 1624 et
1076 1558 1368 1623 condere
1398 1560 1650 1633 lumem

80 1678 307 1762 quippe
336 1678 453 1740 ubi
481 1676 577 1739 nil
605 1675 783 1740 aliud
812 1677 938 1739 nisi
969 1695 1207 1760 aquam
1239 1675 1627 1758 caelumque
1659 1685 1959 1753 tuentur3

25 1807 42 1849 5
76 1813 146 1853 ne
171 1792 406 1855 leviter
438 1789 678 1854 eredas
707 1790 1097 1853 labefactari
1124 1787 1420 1872 undique
1451 1809 1715 1852 sensus,

81 1912 139 1967 at
163 1905 359 1969 maris
388 1904 637 1989 ignaris
665 1904 732 1966 in
768 1915 964 1988 portu
997 1902 1236 1966 clauda
1264 1902 1578 1966 videntur

76 2019 326 2103 navigia
353 2018 672 2104 aplustris
700 2017 934 2082 fractis
966 2018 1251 2080 obnitier
1279 2016 1527 2080 undae.

80 2154 211 2194 nam
244 2153 416 2217 quae
448 2143 727 2216 eumque
758 2154 963 2217 supra
990 2152 1211 2194 rorem
1242 2132 1399 2195 salis
1432 2130 1611 2194 edita
1639 2153 1798 2215 pars
1831 2142 1935 2195 est

79 2267 395 2309 remorum
415 2295 430 2322 ,
454 2254 641 2310 reeta
671 2256 775 2309 est
793 2295 807 2321 ‚
833 2255 900 2309 et
927 2255 1113 2310 reeta
1142 2266 1431 2330 superne
1462 2247 1794 2329 guberna:

25 2374 44 2419 ο
78 2381 232 2443 quae
265 2359 570 2423 demersa
598 2360 920 2444 liquorem
952 2361 1202 2423 obeunt
1221 2409 1234 2434 ,
1257 2360 1549 2423 refracta
1577 2359 1891 2424 videntur
1967 2401 1971 2406 »

81 2475 282 2538 omnia
312 2475 616 2539 converti
647 2496 1044 2560 sursumque
1074 2476 1314 2559 supina
1338 2475 1587 2539 reverti

82 2594 140 2650 et
165 2588 413 2652 reflexa
438 2610 656 2673 prope
685 2590 752 2652 in
784 2611 1038 2653 summo
1069 2588 1328 2651 fluitare
1357 2589 1651 2673 liquore.

80 2722 350 2787 raraque
379 2724 504 2787 per
535 2703 784 2765 caelum
817 2725 966 2766 eum
996 2703 1177 2766 venti
1205 2703 1437 2766 nubila
1464 2710 1739 2787 portant

38 2799 364 2902 fitempore
395 2825 725 2880 nocturno
747 2867 762 2892 ‚
784 2826 924 2882 tum
957 2815 1315 2902 splendida
1345 2817 1535 2901 signa
1562 2817 1878 2881 videntur

29 2941 47 2984 ε’)
81 2927 274 2994 labier
306 2930 665 2995 adversum
693 2931 954 2994 nimbos
984 2937 1186 3014 atque
1215 2931 1310 2993 ire
1343 2953 1632 3017 superne

81 3041 260 3128 longe
291 3047 485 3110 aliam
512 3046 582 3108 in
609 3052 863 3131 partem
895 3066 973 3108 ae
1004 3066 1162 3107 vera
1192 3045 1450 3109 ratione
1479 3046 1816 3110 feruntur.

82 3164 142 3218 at
167 3158 224 3230 si,
245 3158 424 3224 forte
456 3159 651 3223 oeulo
683 3180 916 3222 manus
945 3159 1059 3220 uni
1089 3159 1359 3224 subdita
1388 3169 1621 3245 supter

82 3274 312 3351 pressit
342 3295 490 3337 eum
511 3323 525 3349 ‚
551 3271 842 3358 quodam
874 3294 1076 3336 sensu
1104 3274 1181 3337 fit
1209 3275 1307 3338 uti
1337 3273 1697 3338 videantur

84 3388 287 3450 omnia
305 3438 320 3464 ‚
348 3379 526 3474 quae·
550 3387 795 3450 tuimur
814 3435 828 3462 ‚
850 3388 995 3451 fieri
1025 3396 1164 3452 tum
1192 3389 1349 3451 bina
1377 3387 1660 3463 tuend0‚

26 3508 47 3553 0
80 3496 220 3589 bina
247 3502 670 3566 lucernarum
697 3501 1007 3565 florentia
1033 3503 1277 3565 lumina
1305 3501 1581 3565 flammis
1598 3550 1613 3576 ,

79 3611 352 3701 binaque
379 3638 503 3702 per
532 3623 714 3679 totas
745 3615 930 3679 aedis
960 3617 1297 3701 geminare
1328 3615 1631 3699 supellex
1649 3664 1663 3687 ‚

80 3734 137 3788 et
164 3726 818 3817 duplicis-hominum
846 3730 1049 3793 facies
1082 3739 1150 3793 et
1181 3751 1470 3816 corpora
1498 3730 1681 3793 bina.
1775 3740 1776 3743 ’

81 3838 358 3928 denique
391 3866 542 3907 eum
572 3844 760 3907 suavi
794 3844 1094 3907 devinxit
1122 3845 1418 3907 membra
1449 3864 1696 3928 sopore

79 3974 339 4021 somnus
371 3966 439 4022 et
468 3959 536 4021 in
568 3980 821 4022 summa
851 3980 1099 4043 eorpus
1128 3959 1304 4022 iacet
1333 3979 1528 4021 omne
1560 3948 1813 4042 quiete,

79 4236 169 4282 429
207 4237 391 4304 cogni.
447 4238 467 4305 Η
521 4242 621 4288 436
664 4237 713 4290 Α
767 4237 787 4305 ΙΙ
842 4243 940 4288 437
979 4236 1147 4289 factas
1204 4238 1222 4305 ΙΙ
1277 4236 1470 4291 undas.
1526 4220 1701 4305 „⁸440
1736 4238 1940 4306 liquore
1994 4235 2013 4302 ΙΙ
2067 4239 2165 4285 446
2202 4249 2336 4301 aque

79 4315 279 4369 ratione
315 4322 333 4388 ΙΙ
371 4326 470 4373 448
508 4326 568 4372 u't
606 4319 625 4387 ΙΙ
663 4326 759 4370 453
799 4338 897 4373 sua
934 4320 1079 4373 videt
1115 4321 1281 4373 vinxit

1893 4417 1931 4477 9
