<?xml version="1.0" encoding="UTF-8"?>
<!DOCTYPE html PUBLIC "-//W3C//DTD XHTML 1.0 Transitional//EN"
    "http://www.w3.org/TR/xhtml1/DTD/xhtml1-transitional.dtd">
<html xmlns="http://www.w3.org/1999/xhtml" xml:lang="en" lang="en">
 <head>
  <title>
</title>
<meta http-equiv="Content-Type" content="text/html;charset=utf-8" />
  <meta name='ocr-system' content='tesseract 3.04.00' />
  <meta name='ocr-capabilities' content='ocr_page ocr_carea ocr_par ocr_line ocrx_word'/>
</head>
<body>
  <div class='ocr_page' id='page_1' title='image "./tlucreticarider02lachgoog_0066.png"; bbox 0 0 2840 5008; ppageno 0'>
   <div class='ocr_carea' id='block_1_1' title="bbox 553 368 1698 435">
    <p class='ocr_par' dir='ltr' id='par_1_1' title="bbox 553 368 1698 435">
     <span class='ocr_line' id='line_1_1' title="bbox 553 368 1698 435; baseline 0 -1"><span class='ocrx_word' id='word_1_1' title='bbox 553 368 642 435; x_wconf 87' lang='grc'>58</span> <span class='ocrx_word' id='word_1_2' title='bbox 1636 368 1698 434; x_wconf 94' lang='grc' dir='ltr'>ΙΙ</span> 
     </span>
    </p>
   </div>
   <div class='ocr_carea' id='block_1_2' title="bbox 403 540 2628 4054">
    <p class='ocr_par' dir='ltr' id='par_1_2' title="bbox 403 540 2401 1081">
     <span class='ocr_line' id='line_1_2' title="bbox 403 540 2401 629; baseline 0.003 -28"><span class='ocrx_word' id='word_1_3' title='bbox 403 558 499 602; x_wconf 83' lang='grc'>535</span> <span class='ocrx_word' id='word_1_4' title='bbox 543 541 750 603; x_wconf 91' lang='lat' dir='ltr'>multa</span> <span class='ocrx_word' id='word_1_5' title='bbox 778 540 935 602; x_wconf 92' lang='lat' dir='ltr'>licet</span> <span class='ocrx_word' id='word_1_6' title='bbox 962 560 1203 624; x_wconf 79' lang='lat' dir='ltr'>genere</span> <span class='ocrx_word' id='word_1_7' title='bbox 1236 560 1383 602; x_wconf 88' lang='lat' dir='ltr'>esse</span> <span class='ocrx_word' id='word_1_8' title='bbox 1411 540 1480 601; x_wconf 92' lang='lat' dir='ltr'>in</span> <span class='ocrx_word' id='word_1_9' title='bbox 1511 561 1589 602; x_wconf 92' lang='lat' dir='ltr'>eo</span> <span class='ocrx_word' id='word_1_10' title='bbox 1623 549 2099 625; x_wconf 78' lang='lat' dir='ltr'>numerumque</span> <span class='ocrx_word' id='word_1_11' title='bbox 2129 544 2401 629; x_wconf 83' lang='lat' dir='ltr'>repleri;</span> 
     </span>
     <span class='ocr_line' id='line_1_3' title="bbox 547 652 2181 740; baseline 0.002 -23"><span class='ocrx_word' id='word_1_12' title='bbox 547 654 717 717; x_wconf 90' lang='lat' dir='ltr'>sicut</span> <span class='ocrx_word' id='word_1_13' title='bbox 747 652 1233 740; x_wconf 81' lang='lat' dir='ltr'>quadripedum</span> <span class='ocrx_word' id='word_1_14' title='bbox 1263 675 1410 717; x_wconf 90' lang='lat' dir='ltr'>cum</span> <span class='ocrx_word' id='word_1_15' title='bbox 1437 654 1667 738; x_wconf 88' lang='lat' dir='ltr'>primis</span> <span class='ocrx_word' id='word_1_16' title='bbox 1700 675 1848 717; x_wconf 87' lang='lat' dir='ltr'>esse</span> <span class='ocrx_word' id='word_1_17' title='bbox 1880 655 2181 720; x_wconf 86' lang='lat' dir='ltr'>videmus</span> 
     </span>
     <span class='ocr_line' id='line_1_4' title="bbox 545 767 2334 855; baseline 0.003 -25"><span class='ocrx_word' id='word_1_18' title='bbox 545 769 612 830; x_wconf 93' lang='lat' dir='ltr'>in</span> <span class='ocrx_word' id='word_1_19' title='bbox 642 788 885 852; x_wconf 88' lang='lat' dir='ltr'>genere</span> <span class='ocrx_word' id='word_1_20' title='bbox 916 770 1346 853; x_wconf 82' lang='lat' dir='ltr'>anguimanus</span> <span class='ocrx_word' id='word_1_21' title='bbox 1378 768 1774 852; x_wconf 79' lang='lat' dir='ltr'>elephantos</span> <span class='ocrx_word' id='word_1_22' title='bbox 1794 816 1809 842; x_wconf 89' lang='lat'>‚</span> <span class='ocrx_word' id='word_1_23' title='bbox 1830 767 2022 832; x_wconf 89' lang='lat' dir='ltr'>India</span> <span class='ocrx_word' id='word_1_24' title='bbox 2052 792 2334 855; x_wconf 87' lang='lat' dir='ltr'>quorum</span> 
     </span>
     <span class='ocr_line' id='line_1_5' title="bbox 546 869 1966 958; baseline 0 -13"><span class='ocrx_word' id='word_1_25' title='bbox 546 882 806 945; x_wconf 89' lang='lat' dir='ltr'>milibus</span> <span class='ocrx_word' id='word_1_26' title='bbox 838 903 873 943; x_wconf 91' lang='lat' dir='ltr'>e</span> <span class='ocrx_word' id='word_1_27' title='bbox 901 883 1123 946; x_wconf 86' lang='lat' dir='ltr'>multis</span> <span class='ocrx_word' id='word_1_28' title='bbox 1154 869 1328 945; x_wconf 85' lang='lat' dir='ltr'>vallo</span> <span class='ocrx_word' id='word_1_29' title='bbox 1358 882 1652 944; x_wconf 90' lang='lat' dir='ltr'>munitur</span> <span class='ocrx_word' id='word_1_30' title='bbox 1682 883 1966 958; x_wconf 90' lang='lat' dir='ltr'>eburn0‚</span> 
     </span>
     <span class='ocr_line' id='line_1_6' title="bbox 544 996 2152 1081; baseline 0.001 -22"><span class='ocrx_word' id='word_1_31' title='bbox 544 1007 619 1061; x_wconf 89' lang='lat' dir='ltr'>ut</span> <span class='ocrx_word' id='word_1_32' title='bbox 646 996 907 1080; x_wconf 86' lang='lat' dir='ltr'>penitus</span> <span class='ocrx_word' id='word_1_33' title='bbox 937 1006 1228 1080; x_wconf 90' lang='lat' dir='ltr'>nequeat</span> <span class='ocrx_word' id='word_1_34' title='bbox 1254 997 1624 1081; x_wconf 88' lang='lat' dir='ltr'>penetrari:</span> <span class='ocrx_word' id='word_1_35' title='bbox 1651 1003 1838 1059; x_wconf 89' lang='lat' dir='ltr'>tanta</span> <span class='ocrx_word' id='word_1_36' title='bbox 1864 996 2152 1061; x_wconf 86' lang='lat' dir='ltr'>ferarum</span> 
     </span>
    </p>

    <p class='ocr_par' dir='ltr' id='par_1_3' title="bbox 404 1110 2489 1516">
     <span class='ocr_line' id='line_1_7' title="bbox 404 1110 2331 1196; baseline 0.002 -25"><span class='ocrx_word' id='word_1_37' title='bbox 404 1128 499 1173; x_wconf 88' lang='lat'>540</span> <span class='ocrx_word' id='word_1_38' title='bbox 544 1112 646 1175; x_wconf 90' lang='lat' dir='ltr'>vis</span> <span class='ocrx_word' id='word_1_39' title='bbox 678 1118 813 1188; x_wconf 83' lang='lat' dir='ltr'>est3</span> <span class='ocrx_word' id='word_1_40' title='bbox 839 1131 1115 1195; x_wconf 87' lang='lat' dir='ltr'>quarum</span> <span class='ocrx_word' id='word_1_41' title='bbox 1144 1133 1271 1174; x_wconf 92' lang='lat' dir='ltr'>nos</span> <span class='ocrx_word' id='word_1_42' title='bbox 1301 1130 1640 1196; x_wconf 87' lang='lat' dir='ltr'>perpauca</span> <span class='ocrx_word' id='word_1_43' title='bbox 1671 1112 1975 1196; x_wconf 77' lang='lat' dir='ltr'>exempla</span> <span class='ocrx_word' id='word_1_44' title='bbox 2003 1110 2331 1176; x_wconf 88' lang='lat' dir='ltr'>videmus.</span> 
     </span>
     <span class='ocr_line' id='line_1_8' title="bbox 546 1223 2489 1317; baseline 0.001 -28"><span class='ocrx_word' id='word_1_45' title='bbox 546 1225 667 1289; x_wconf 90' lang='lat' dir='ltr'>sed</span> <span class='ocrx_word' id='word_1_46' title='bbox 694 1233 917 1288; x_wconf 89' lang='lat' dir='ltr'>tamen</span> <span class='ocrx_word' id='word_1_47' title='bbox 944 1224 1016 1287; x_wconf 90' lang='lat' dir='ltr'>id</span> <span class='ocrx_word' id='word_1_48' title='bbox 1047 1245 1314 1309; x_wconf 90' lang='lat' dir='ltr'>quoque</span> <span class='ocrx_word' id='word_1_49' title='bbox 1345 1225 1441 1287; x_wconf 89' lang='lat' dir='ltr'>uti</span> <span class='ocrx_word' id='word_1_50' title='bbox 1472 1259 1494 1286; x_wconf 61' lang='grc' dir='ltr'>ι</span> <span class='ocrx_word' id='word_1_51' title='bbox 1525 1223 1866 1317; x_wconf 55' lang='grc' dir='ltr'>ἴῐιοθᾶειιιι,</span> <span class='ocrx_word' id='word_1_52' title='bbox 1891 1246 2088 1309; x_wconf 88' lang='lat' dir='ltr'>quam</span> <span class='ocrx_word' id='word_1_53' title='bbox 2115 1225 2302 1289; x_wconf 90' lang='lat' dir='ltr'>lubet</span> <span class='ocrx_word' id='word_1_54' title='bbox 2332 1235 2489 1291; x_wconf 89' lang='lat' dir='ltr'>esto</span> 
     </span>
     <span class='ocr_line' id='line_1_9' title="bbox 544 1337 2016 1432; baseline -0.001 -29"><span class='ocrx_word' id='word_1_55' title='bbox 544 1341 740 1403; x_wconf 88' lang='lat' dir='ltr'>unica</span> <span class='ocrx_word' id='word_1_56' title='bbox 767 1360 876 1402; x_wconf 89' lang='lat' dir='ltr'>res</span> <span class='ocrx_word' id='word_1_57' title='bbox 908 1337 1235 1422; x_wconf 88' lang='lat' dir='ltr'>quaedam</span> <span class='ocrx_word' id='word_1_58' title='bbox 1266 1338 1492 1400; x_wconf 89' lang='lat' dir='ltr'>nativo</span> <span class='ocrx_word' id='word_1_59' title='bbox 1526 1349 1809 1432; x_wconf 65' lang='lat' dir='ltr'>corpore</span> <span class='ocrx_word' id='word_1_60' title='bbox 1840 1339 2016 1412; x_wconf 86' lang='lat' dir='ltr'>sola,</span> 
     </span>
     <span class='ocr_line' id='line_1_10' title="bbox 547 1440 1967 1516; baseline -0.001 0"><span class='ocrx_word' id='word_1_61' title='bbox 547 1455 653 1516; x_wconf 92' lang='lat' dir='ltr'>cui</span> <span class='ocrx_word' id='word_1_62' title='bbox 682 1453 906 1515; x_wconf 87' lang='lat' dir='ltr'>similis</span> <span class='ocrx_word' id='word_1_63' title='bbox 937 1460 1083 1516; x_wconf 89' lang='lat' dir='ltr'>toto</span> <span class='ocrx_word' id='word_1_64' title='bbox 1115 1460 1441 1515; x_wconf 89' lang='lat' dir='ltr'>terrarum</span> <span class='ocrx_word' id='word_1_65' title='bbox 1469 1440 1649 1515; x_wconf 87' lang='lat' dir='ltr'>nulla</span> <span class='ocrx_word' id='word_1_66' title='bbox 1679 1454 1727 1493; x_wconf 65' lang='lat'>⁰³</span> <span class='ocrx_word' id='word_1_67' title='bbox 1755 1493 1764 1512; x_wconf 71' lang='lat'><em>,</em></span> <span class='ocrx_word' id='word_1_68' title='bbox 1793 1453 1967 1516; x_wconf 86' lang='lat' dir='ltr'>orbi:</span> 
     </span>
    </p>

    <p class='ocr_par' dir='ltr' id='par_1_4' title="bbox 531 1566 1836 1640">
     <span class='ocr_line' id='line_1_11' title="bbox 531 1566 1836 1640; baseline 0 -11"><span class='ocrx_word' id='word_1_69' title='bbox 531 1567 794 1630; x_wconf 77' lang='lat' dir='ltr'>&#39;infinita</span> <span class='ocrx_word' id='word_1_70' title='bbox 822 1574 1042 1629; x_wconf 90' lang='lat' dir='ltr'>tamen</span> <span class='ocrx_word' id='word_1_71' title='bbox 1070 1566 1197 1629; x_wconf 90' lang='lat' dir='ltr'>nisi</span> <span class='ocrx_word' id='word_1_72' title='bbox 1228 1567 1351 1629; x_wconf 89' lang='lat' dir='ltr'>erit</span> <span class='ocrx_word' id='word_1_73' title='bbox 1379 1567 1479 1629; x_wconf 87' lang='lat' dir='ltr'>vis</span> <span class='ocrx_word' id='word_1_74' title='bbox 1509 1566 1836 1640; x_wconf 83' lang='lat' dir='ltr'>materiai,</span> 
     </span>
    </p>

    <p class='ocr_par' dir='ltr' id='par_1_5' title="bbox 406 1679 2628 2221">
     <span class='ocr_line' id='line_1_12' title="bbox 406 1679 2047 1765; baseline 0.001 -23"><span class='ocrx_word' id='word_1_75' title='bbox 406 1699 501 1744; x_wconf 83' lang='lat'>545</span> <span class='ocrx_word' id='word_1_76' title='bbox 545 1679 724 1743; x_wconf 91' lang='lat' dir='ltr'>unde</span> <span class='ocrx_word' id='word_1_77' title='bbox 756 1701 835 1743; x_wconf 89' lang='lat' dir='ltr'>ea</span> <span class='ocrx_word' id='word_1_78' title='bbox 862 1680 1169 1765; x_wconf 88' lang='lat' dir='ltr'>progigni</span> <span class='ocrx_word' id='word_1_79' title='bbox 1198 1681 1414 1764; x_wconf 89' lang='lat' dir='ltr'>possit</span> <span class='ocrx_word' id='word_1_80' title='bbox 1444 1688 1804 1765; x_wconf 86' lang='lat' dir='ltr'>concepta,</span> <span class='ocrx_word' id='word_1_81' title='bbox 1835 1682 2047 1744; x_wconf 87' lang='lat' dir='ltr'>creari</span> 
     </span>
     <span class='ocr_line' id='line_1_13' title="bbox 545 1794 2628 1882; baseline 0.002 -24"><span class='ocrx_word' id='word_1_82' title='bbox 545 1818 682 1859; x_wconf 91' lang='lat' dir='ltr'>non</span> <span class='ocrx_word' id='word_1_83' title='bbox 710 1795 960 1879; x_wconf 89' lang='lat' dir='ltr'>poterit</span> <span class='ocrx_word' id='word_1_84' title='bbox 979 1842 993 1869; x_wconf 87' lang='lat'><strong>‚</strong></span> <span class='ocrx_word' id='word_1_85' title='bbox 1017 1815 1237 1878; x_wconf 90' lang='lat' dir='ltr'>neque</span> <span class='ocrx_word' id='word_1_86' title='bbox 1256 1843 1271 1869; x_wconf 89' lang='lat'>‚</span> <span class='ocrx_word' id='word_1_87' title='bbox 1296 1794 1481 1878; x_wconf 93' lang='lat' dir='ltr'>quod</span> <span class='ocrx_word' id='word_1_88' title='bbox 1513 1816 1716 1879; x_wconf 88' lang='lat' dir='ltr'>super</span> <span class='ocrx_word' id='word_1_89' title='bbox 1746 1804 1849 1858; x_wconf 91' lang='lat' dir='ltr'>est</span> <span class='ocrx_word' id='word_1_90' title='bbox 1868 1844 1882 1870; x_wconf 85' lang='lat'>‚</span> <span class='ocrx_word' id='word_1_91' title='bbox 1906 1816 2336 1880; x_wconf 79' lang='lat' dir='ltr'>procrescere</span> <span class='ocrx_word' id='word_1_92' title='bbox 2368 1798 2628 1882; x_wconf 87' lang='lat' dir='ltr'>alique.</span> 
     </span>
     <span class='ocr_line' id='line_1_14' title="bbox 549 1907 2146 1994; baseline -0.001 -22"><span class='ocrx_word' id='word_1_93' title='bbox 549 1911 793 1994; x_wconf 85' lang='lat' dir='ltr'>quippe</span> <span class='ocrx_word' id='word_1_94' title='bbox 825 1910 1063 1972; x_wconf 89' lang='lat' dir='ltr'>etenim</span> <span class='ocrx_word' id='word_1_95' title='bbox 1093 1909 1149 1971; x_wconf 89' lang='lat' dir='ltr'>si</span> <span class='ocrx_word' id='word_1_96' title='bbox 1178 1908 1564 1972; x_wconf 88' lang='lat' dir='ltr'>manticuler</span> <span class='ocrx_word' id='word_1_97' title='bbox 1592 1907 1775 1971; x_wconf 89' lang='lat' dir='ltr'>finita</span> <span class='ocrx_word' id='word_1_98' title='bbox 1803 1930 1923 1993; x_wconf 90' lang='lat' dir='ltr'>per</span> <span class='ocrx_word' id='word_1_99' title='bbox 1954 1930 2146 1972; x_wconf 91' lang='lat' dir='ltr'>omne</span> 
     </span>
     <span class='ocr_line' id='line_1_15' title="bbox 553 2022 1814 2107; baseline -0.002 -20"><span class='ocrx_word' id='word_1_100' title='bbox 553 2044 840 2107; x_wconf 89' lang='lat' dir='ltr'>corpora</span> <span class='ocrx_word' id='word_1_101' title='bbox 867 2023 1100 2085; x_wconf 91' lang='lat' dir='ltr'>iactari</span> <span class='ocrx_word' id='word_1_102' title='bbox 1130 2023 1322 2085; x_wconf 92' lang='lat' dir='ltr'>unius</span> <span class='ocrx_word' id='word_1_103' title='bbox 1353 2022 1664 2107; x_wconf 79' lang='lat' dir='ltr'>genitalia</span> <span class='ocrx_word' id='word_1_104' title='bbox 1691 2022 1814 2098; x_wconf 87' lang='lat' dir='ltr'>rei,</span> 
     </span>
     <span class='ocr_line' id='line_1_16' title="bbox 548 2137 2305 2221; baseline 0 -20"><span class='ocrx_word' id='word_1_105' title='bbox 548 2137 726 2201; x_wconf 90' lang='lat' dir='ltr'>unde</span> <span class='ocrx_word' id='word_1_106' title='bbox 756 2139 867 2202; x_wconf 91' lang='lat' dir='ltr'>ubi</span> <span class='ocrx_word' id='word_1_107' title='bbox 897 2159 1030 2221; x_wconf 89' lang='lat' dir='ltr'>qua</span> <span class='ocrx_word' id='word_1_108' title='bbox 1056 2137 1122 2199; x_wconf 89' lang='lat' dir='ltr'>vi</span> <span class='ocrx_word' id='word_1_109' title='bbox 1153 2145 1221 2200; x_wconf 92' lang='lat' dir='ltr'>et</span> <span class='ocrx_word' id='word_1_110' title='bbox 1250 2159 1383 2221; x_wconf 93' lang='lat' dir='ltr'>quo</span> <span class='ocrx_word' id='word_1_111' title='bbox 1415 2143 1614 2220; x_wconf 88' lang='lat' dir='ltr'>pacto</span> <span class='ocrx_word' id='word_1_112' title='bbox 1648 2156 2006 2219; x_wconf 86' lang='lat' dir='ltr'>congressa</span> <span class='ocrx_word' id='word_1_113' title='bbox 2037 2137 2305 2204; x_wconf 89' lang='lat' dir='ltr'>coibunt</span> 
     </span>
    </p>

    <p class='ocr_par' dir='ltr' id='par_1_6' title="bbox 406 2230 2354 2803">
     <span class='ocr_line' id='line_1_17' title="bbox 406 2230 2082 2335; baseline -0.002 -20"><span class='ocrx_word' id='word_1_114' title='bbox 406 2271 501 2324; x_wconf 1' lang='lat'>5550</span> <span class='ocrx_word' id='word_1_115' title='bbox 545 2230 853 2316; x_wconf 88' lang='lat' dir='ltr'>materiae</span> <span class='ocrx_word' id='word_1_116' title='bbox 884 2259 1072 2315; x_wconf 86' lang='lat' dir='ltr'>tanto</span> <span class='ocrx_word' id='word_1_117' title='bbox 1101 2251 1170 2313; x_wconf 92' lang='lat' dir='ltr'>in</span> <span class='ocrx_word' id='word_1_118' title='bbox 1198 2251 1437 2335; x_wconf 90' lang='lat' dir='ltr'>pelago</span> <span class='ocrx_word' id='word_1_119' title='bbox 1467 2250 1799 2333; x_wconf 88' lang='lat' dir='ltr'>turbaque</span> <span class='ocrx_word' id='word_1_120' title='bbox 1830 2249 2082 2313; x_wconf 81' lang='lat' dir='ltr'>aliena?</span> 
     </span>
     <span class='ocr_line' id='line_1_18' title="bbox 548 2364 2203 2449; baseline -0.001 -19"><span class='ocrx_word' id='word_1_121' title='bbox 548 2389 685 2430; x_wconf 91' lang='lat' dir='ltr'>non</span> <span class='ocrx_word' id='word_1_122' title='bbox 705 2415 719 2441; x_wconf 87' lang='lat'>‚</span> <span class='ocrx_word' id='word_1_123' title='bbox 739 2373 815 2428; x_wconf 92' lang='lat' dir='ltr'>ut</span> <span class='ocrx_word' id='word_1_124' title='bbox 845 2365 1083 2449; x_wconf 88' lang='lat' dir='ltr'>opinor</span> <span class='ocrx_word' id='word_1_125' title='bbox 1103 2413 1118 2440; x_wconf 83' lang='lat'>‚</span> <span class='ocrx_word' id='word_1_126' title='bbox 1140 2364 1395 2428; x_wconf 90' lang='lat' dir='ltr'>habent</span> <span class='ocrx_word' id='word_1_127' title='bbox 1423 2365 1748 2427; x_wconf 88' lang='lat' dir='ltr'>rationem</span> <span class='ocrx_word' id='word_1_128' title='bbox 1781 2365 2046 2428; x_wconf 71' lang='lat' dir='ltr'>concilir</span> <span class='ocrx_word' id='word_1_129' title='bbox 2093 2395 2203 2431; x_wconf 49' lang='grc' dir='ltr'>νει.</span> 
     </span>
     <span class='ocr_line' id='line_1_19' title="bbox 551 2478 2230 2567; baseline -0.002 -21"><span class='ocrx_word' id='word_1_130' title='bbox 551 2480 672 2546; x_wconf 90' lang='lat' dir='ltr'>sed</span> <span class='ocrx_word' id='word_1_131' title='bbox 704 2480 895 2567; x_wconf 87' lang='lat' dir='ltr'>quasi</span> <span class='ocrx_word' id='word_1_132' title='bbox 922 2478 1284 2564; x_wconf 91' lang='lat' dir='ltr'>naufragiis</span> <span class='ocrx_word' id='word_1_133' title='bbox 1313 2478 1569 2564; x_wconf 88' lang='lat' dir='ltr'>magnis</span> <span class='ocrx_word' id='word_1_134' title='bbox 1597 2479 1950 2564; x_wconf 90' lang='lat' dir='ltr'>multisque</span> <span class='ocrx_word' id='word_1_135' title='bbox 1982 2479 2230 2543; x_wconf 84' lang='lat' dir='ltr'>coortis</span> 
     </span>
     <span class='ocr_line' id='line_1_20' title="bbox 549 2594 2354 2679; baseline -0.002 -19"><span class='ocrx_word' id='word_1_136' title='bbox 549 2597 899 2660; x_wconf 84' lang='lat' dir='ltr'>disiectare</span> <span class='ocrx_word' id='word_1_137' title='bbox 931 2595 1102 2659; x_wconf 85' lang='lat' dir='ltr'>solet</span> <span class='ocrx_word' id='word_1_138' title='bbox 1129 2616 1438 2679; x_wconf 88' lang='lat' dir='ltr'>magnum</span> <span class='ocrx_word' id='word_1_139' title='bbox 1466 2615 1644 2657; x_wconf 87' lang='lat' dir='ltr'>mare</span> <span class='ocrx_word' id='word_1_140' title='bbox 1674 2600 1971 2657; x_wconf 87' lang='lat' dir='ltr'>transtra</span> <span class='ocrx_word' id='word_1_141' title='bbox 1988 2641 2003 2668; x_wconf 84' lang='lat'><strong>,</strong></span> <span class='ocrx_word' id='word_1_142' title='bbox 2025 2594 2322 2677; x_wconf 89' lang='lat' dir='ltr'>guberna</span> <span class='ocrx_word' id='word_1_143' title='bbox 2341 2644 2354 2668; x_wconf 92' lang='lat'>,</span> 
     </span>
     <span class='ocr_line' id='line_1_21' title="bbox 550 2708 2255 2803; baseline -0.003 -28"><span class='ocrx_word' id='word_1_144' title='bbox 550 2719 893 2775; x_wconf 85' lang='lat' dir='ltr'>antemnas</span> <span class='ocrx_word' id='word_1_145' title='bbox 912 2760 927 2786; x_wconf 87' lang='lat'><strong>‚</strong></span> <span class='ocrx_word' id='word_1_146' title='bbox 951 2732 1214 2797; x_wconf 90' lang='lat' dir='ltr'>proram</span> <span class='ocrx_word' id='word_1_147' title='bbox 1236 2759 1250 2785; x_wconf 88' lang='lat'>‚</span> <span class='ocrx_word' id='word_1_148' title='bbox 1274 2709 1483 2774; x_wconf 86' lang='lat' dir='ltr'>malos</span> <span class='ocrx_word' id='word_1_149' title='bbox 1502 2756 1517 2782; x_wconf 89' lang='lat'>‚</span> <span class='ocrx_word' id='word_1_150' title='bbox 1541 2716 1908 2803; x_wconf 82' lang='lat' dir='ltr'>tonsasque</span> <span class='ocrx_word' id='word_1_151' title='bbox 1938 2708 2227 2771; x_wconf 87' lang='lat' dir='ltr'>natantis</span> <span class='ocrx_word' id='word_1_152' title='bbox 2242 2756 2255 2782; x_wconf 85' lang='lat'>‚</span> 
     </span>
    </p>

    <p class='ocr_par' dir='ltr' id='par_1_7' title="bbox 410 2821 2152 3365">
     <span class='ocr_line' id='line_1_22' title="bbox 410 2821 2132 2911; baseline -0.003 -22"><span class='ocrx_word' id='word_1_153' title='bbox 410 2846 505 2890; x_wconf 88' lang='lat'>555</span> <span class='ocrx_word' id='word_1_154' title='bbox 551 2849 671 2911; x_wconf 91' lang='lat' dir='ltr'>per</span> <span class='ocrx_word' id='word_1_155' title='bbox 701 2834 1024 2888; x_wconf 87' lang='lat' dir='ltr'>terrarum</span> <span class='ocrx_word' id='word_1_156' title='bbox 1054 2825 1266 2887; x_wconf 90' lang='lat' dir='ltr'>omnis</span> <span class='ocrx_word' id='word_1_157' title='bbox 1299 2845 1453 2887; x_wconf 86' lang='lat' dir='ltr'>oras</span> <span class='ocrx_word' id='word_1_158' title='bbox 1483 2822 1804 2885; x_wconf 85' lang='lat' dir='ltr'>fluitantia</span> <span class='ocrx_word' id='word_1_159' title='bbox 1833 2821 2132 2905; x_wconf 85' lang='lat' dir='ltr'>aplustra</span> 
     </span>
     <span class='ocr_line' id='line_1_23' title="bbox 548 2934 2121 3008; baseline -0.004 -5"><span class='ocrx_word' id='word_1_160' title='bbox 548 2935 633 3004; x_wconf 59' lang='lat' dir='ltr'>ut&#39;</span> <span class='ocrx_word' id='word_1_161' title='bbox 651 2938 1005 3003; x_wconf 87' lang='lat' dir='ltr'>videantur</span> <span class='ocrx_word' id='word_1_162' title='bbox 1037 2951 1105 3001; x_wconf 86' lang='lat' dir='ltr'>et</span> <span class='ocrx_word' id='word_1_163' title='bbox 1130 2936 1442 3000; x_wconf 90' lang='lat' dir='ltr'>indicium</span> <span class='ocrx_word' id='word_1_164' title='bbox 1472 2935 1859 2999; x_wconf 86' lang='lat' dir='ltr'>mortalibus</span> <span class='ocrx_word' id='word_1_165' title='bbox 1892 2934 2121 3008; x_wconf 80' lang='lat' dir='ltr'>edant,</span> 
     </span>
     <span class='ocr_line' id='line_1_24' title="bbox 549 3048 1977 3133; baseline -0.005 -15"><span class='ocrx_word' id='word_1_166' title='bbox 549 3053 732 3118; x_wconf 89' lang='lat' dir='ltr'>infidi</span> <span class='ocrx_word' id='word_1_167' title='bbox 759 3054 956 3116; x_wconf 87' lang='lat' dir='ltr'>maris</span> <span class='ocrx_word' id='word_1_168' title='bbox 986 3051 1261 3115; x_wconf 87' lang='lat' dir='ltr'>insidias</span> <span class='ocrx_word' id='word_1_169' title='bbox 1291 3050 1585 3133; x_wconf 91' lang='lat' dir='ltr'>virisque</span> <span class='ocrx_word' id='word_1_170' title='bbox 1617 3048 1977 3133; x_wconf 91' lang='lat' dir='ltr'>dolumque</span> 
     </span>
     <span class='ocr_line' id='line_1_25' title="bbox 546 3162 2152 3249; baseline -0.004 -16"><span class='ocrx_word' id='word_1_171' title='bbox 546 3178 622 3233; x_wconf 92' lang='lat' dir='ltr'>ut</span> <span class='ocrx_word' id='word_1_172' title='bbox 653 3170 861 3232; x_wconf 88' lang='lat' dir='ltr'>vitare</span> <span class='ocrx_word' id='word_1_173' title='bbox 890 3167 1096 3229; x_wconf 89' lang='lat' dir='ltr'>velint</span> <span class='ocrx_word' id='word_1_174' title='bbox 1114 3215 1128 3241; x_wconf 85' lang='lat'>‚</span> <span class='ocrx_word' id='word_1_175' title='bbox 1152 3186 1319 3228; x_wconf 90' lang='lat' dir='ltr'>neve</span> <span class='ocrx_word' id='word_1_176' title='bbox 1347 3164 1483 3227; x_wconf 92' lang='lat' dir='ltr'>ullo</span> <span class='ocrx_word' id='word_1_177' title='bbox 1513 3172 1813 3249; x_wconf 89' lang='lat' dir='ltr'>tempore</span> <span class='ocrx_word' id='word_1_178' title='bbox 1846 3162 2152 3238; x_wconf 83' lang='lat' dir='ltr'>credant,</span> 
     </span>
     <span class='ocr_line' id='line_1_26' title="bbox 552 3269 2049 3365; baseline -0.004 -19"><span class='ocrx_word' id='word_1_179' title='bbox 552 3283 835 3346; x_wconf 89' lang='lat' dir='ltr'>subdola</span> <span class='ocrx_word' id='word_1_180' title='bbox 866 3303 1010 3344; x_wconf 91' lang='lat' dir='ltr'>cum</span> <span class='ocrx_word' id='word_1_181' title='bbox 1040 3278 1219 3343; x_wconf 90' lang='lat' dir='ltr'>ridet</span> <span class='ocrx_word' id='word_1_182' title='bbox 1247 3278 1492 3365; x_wconf 89' lang='lat' dir='ltr'>placidi</span> <span class='ocrx_word' id='word_1_183' title='bbox 1522 3278 1800 3365; x_wconf 89' lang='lat' dir='ltr'>pellacia</span> <span class='ocrx_word' id='word_1_184' title='bbox 1827 3269 2049 3362; x_wconf 81' lang='lat' dir='ltr'>ponti,</span> 
     </span>
    </p>

    <p class='ocr_par' dir='ltr' id='par_1_8' title="bbox 408 3391 2352 3924">
     <span class='ocr_line' id='line_1_27' title="bbox 408 3391 2122 3479; baseline -0.005 -18"><span class='ocrx_word' id='word_1_185' title='bbox 408 3416 503 3462; x_wconf 84' lang='lat'>560</span> <span class='ocrx_word' id='word_1_186' title='bbox 549 3399 642 3461; x_wconf 89' lang='lat' dir='ltr'>sic</span> <span class='ocrx_word' id='word_1_187' title='bbox 673 3396 790 3460; x_wconf 89' lang='lat' dir='ltr'>tibi</span> <span class='ocrx_word' id='word_1_188' title='bbox 820 3397 872 3458; x_wconf 90' lang='lat' dir='ltr'>si</span> <span class='ocrx_word' id='word_1_189' title='bbox 900 3395 1083 3457; x_wconf 87' lang='lat' dir='ltr'>finita</span> <span class='ocrx_word' id='word_1_190' title='bbox 1112 3392 1707 3479; x_wconf 88' lang='lat' dir='ltr'>semel&#39;primordia</span> <span class='ocrx_word' id='word_1_191' title='bbox 1738 3391 2063 3476; x_wconf 89' lang='lat' dir='ltr'>quaedam</span> <span class='ocrx_word' id='word_1_192' title='bbox 2117 3411 2122 3416; x_wconf 91' lang='grc'><em>·</em></span> 
     </span>
     <span class='ocr_line' id='line_1_28' title="bbox 552 3507 2280 3591; baseline -0.003 -16"><span class='ocrx_word' id='word_1_193' title='bbox 552 3510 917 3576; x_wconf 88' lang='lat' dir='ltr'>constitues</span> <span class='ocrx_word' id='word_1_194' title='bbox 938 3557 952 3584; x_wconf 86' lang='lat'><strong>‚</strong></span> <span class='ocrx_word' id='word_1_195' title='bbox 975 3530 1209 3571; x_wconf 88' lang='lat' dir='ltr'>aevom</span> <span class='ocrx_word' id='word_1_196' title='bbox 1240 3507 1580 3572; x_wconf 90' lang='lat' dir='ltr'>debebunt</span> <span class='ocrx_word' id='word_1_197' title='bbox 1610 3527 1843 3591; x_wconf 89' lang='lat' dir='ltr'>sparsa</span> <span class='ocrx_word' id='word_1_198' title='bbox 1871 3527 1991 3589; x_wconf 87' lang='lat' dir='ltr'>per</span> <span class='ocrx_word' id='word_1_199' title='bbox 2023 3528 2280 3570; x_wconf 89' lang='lat' dir='ltr'>omnem</span> 
     </span>
     <span class='ocr_line' id='line_1_29' title="bbox 552 3621 1799 3694; baseline -0.006 -4"><span class='ocrx_word' id='word_1_200' title='bbox 552 3627 903 3690; x_wconf 87' lang='lat' dir='ltr'>disiectare</span> <span class='ocrx_word' id='word_1_201' title='bbox 934 3630 1158 3686; x_wconf 87' lang='lat' dir='ltr'>aestus</span> <span class='ocrx_word' id='word_1_202' title='bbox 1190 3621 1441 3685; x_wconf 89' lang='lat' dir='ltr'>diversi</span> <span class='ocrx_word' id='word_1_203' title='bbox 1471 3621 1799 3694; x_wconf 87' lang='lat' dir='ltr'>materiai,</span> 
     </span>
     <span class='ocr_line' id='line_1_30' title="bbox 550 3735 2352 3826; baseline -0.004 -21"><span class='ocrx_word' id='word_1_204' title='bbox 550 3761 905 3826; x_wconf 89' lang='lat' dir='ltr'>numquam</span> <span class='ocrx_word' id='word_1_205' title='bbox 934 3739 1002 3803; x_wconf 93' lang='lat' dir='ltr'>in</span> <span class='ocrx_word' id='word_1_206' title='bbox 1032 3738 1378 3802; x_wconf 89' lang='lat' dir='ltr'>concilium</span> <span class='ocrx_word' id='word_1_207' title='bbox 1406 3743 1481 3798; x_wconf 87' lang='lat' dir='ltr'>ut</span> <span class='ocrx_word' id='word_1_208' title='bbox 1507 3735 1770 3819; x_wconf 89' lang='lat' dir='ltr'>possint</span> <span class='ocrx_word' id='word_1_209' title='bbox 1802 3735 2145 3819; x_wconf 87' lang='lat' dir='ltr'>compulsa</span> <span class='ocrx_word' id='word_1_210' title='bbox 2175 3735 2352 3798; x_wconf 89' lang='lat' dir='ltr'>coire</span> 
     </span>
     <span class='ocr_line' id='line_1_31' title="bbox 550 3848 2259 3924; baseline -0.004 -6"><span class='ocrx_word' id='word_1_211' title='bbox 550 3878 672 3918; x_wconf 90' lang='lat' dir='ltr'>nec</span> <span class='ocrx_word' id='word_1_212' title='bbox 701 3854 1020 3918; x_wconf 90' lang='lat' dir='ltr'>remorari</span> <span class='ocrx_word' id='word_1_213' title='bbox 1049 3853 1116 3915; x_wconf 93' lang='lat' dir='ltr'>in</span> <span class='ocrx_word' id='word_1_214' title='bbox 1149 3853 1429 3916; x_wconf 89' lang='lat' dir='ltr'>concilio</span> <span class='ocrx_word' id='word_1_215' title='bbox 1459 3872 1582 3913; x_wconf 91' lang='lat' dir='ltr'>nec</span> <span class='ocrx_word' id='word_1_216' title='bbox 1614 3872 1915 3914; x_wconf 90' lang='lat' dir='ltr'>crescere</span> <span class='ocrx_word' id='word_1_217' title='bbox 1945 3848 2259 3924; x_wconf 83' lang='lat' dir='ltr'>adaucta3</span> 
     </span>
    </p>

    <p class='ocr_par' dir='ltr' id='par_1_9' title="bbox 410 3962 2421 4054">
     <span class='ocr_line' id='line_1_32' title="bbox 410 3962 2421 4054; baseline -0.003 -23"><span class='ocrx_word' id='word_1_218' title='bbox 410 3986 505 4032; x_wconf 87' lang='grc'>565</span> <span class='ocrx_word' id='word_1_219' title='bbox 553 3977 834 4054; x_wconf 88' lang='lat' dir='ltr'>quorum</span> <span class='ocrx_word' id='word_1_220' title='bbox 864 3976 1219 4052; x_wconf 90' lang='lat' dir='ltr'>utrumque</span> <span class='ocrx_word' id='word_1_221' title='bbox 1248 3968 1464 4051; x_wconf 90' lang='lat' dir='ltr'>palam</span> <span class='ocrx_word' id='word_1_222' title='bbox 1493 3966 1634 4029; x_wconf 89' lang='lat' dir='ltr'>fieri</span> <span class='ocrx_word' id='word_1_223' title='bbox 1666 3963 2016 4028; x_wconf 86' lang='lat' dir='ltr'>manifesta</span> <span class='ocrx_word' id='word_1_224' title='bbox 2048 3962 2251 4026; x_wconf 88' lang='lat' dir='ltr'>docet</span> <span class='ocrx_word' id='word_1_225' title='bbox 2278 3983 2387 4024; x_wconf 90' lang='lat' dir='ltr'>res</span> <span class='ocrx_word' id='word_1_226' title='bbox 2407 4010 2421 4037; x_wconf 86' lang='lat'><strong>‚</strong></span> 
     </span>
    </p>
   </div>
   <div class='ocr_carea' id='block_1_3' title="bbox 557 4241 2783 4398">
    <p class='ocr_par' dir='ltr' id='par_1_10' title="bbox 557 4241 2783 4398">
     <span class='ocr_line' id='line_1_33' title="bbox 557 4241 2783 4316; baseline -0.007 -16"><span class='ocrx_word' id='word_1_227' title='bbox 557 4254 652 4300; x_wconf 87' lang='lat'>535</span> <span class='ocrx_word' id='word_1_228' title='bbox 691 4264 885 4316; x_wconf 84' lang='lat' dir='ltr'>genera</span> <span class='ocrx_word' id='word_1_229' title='bbox 917 4247 937 4315; x_wconf 85' lang='grc' dir='ltr'>ΙΙ</span> <span class='ocrx_word' id='word_1_230' title='bbox 980 4252 1075 4298; x_wconf 85' lang='grc'>536</span> <span class='ocrx_word' id='word_1_231' title='bbox 1114 4247 1203 4299; x_wconf 89' lang='lat' dir='ltr'>Sic</span> <span class='ocrx_word' id='word_1_232' title='bbox 1240 4246 1314 4298; x_wconf 87' lang='lat' dir='ltr'>uti</span> <span class='ocrx_word' id='word_1_233' title='bbox 1352 4247 1371 4314; x_wconf 82' lang='grc' dir='ltr'>ΙΙ</span> <span class='ocrx_word' id='word_1_234' title='bbox 1410 4252 1507 4296; x_wconf 85' lang='grc'>541</span> <span class='ocrx_word' id='word_1_235' title='bbox 1548 4243 1716 4296; x_wconf 87' lang='lat' dir='ltr'>iubet.</span> <span class='ocrx_word' id='word_1_236' title='bbox 1754 4245 1773 4308; x_wconf 82' lang='grc' dir='ltr'>ΙΙ</span> <span class='ocrx_word' id='word_1_237' title='bbox 1815 4249 1909 4294; x_wconf 84' lang='grc'>543</span> <span class='ocrx_word' id='word_1_238' title='bbox 1936 4241 2080 4294; x_wconf 88' lang='lat' dir='ltr'>nulla</span> <span class='ocrx_word' id='word_1_239' title='bbox 2104 4249 2367 4294; x_wconf 72' lang='lat' dir='ltr'>omissum.</span> <span class='ocrx_word' id='word_1_240' title='bbox 2411 4242 2431 4309; x_wconf 78' lang='grc' dir='ltr'>Η</span> <span class='ocrx_word' id='word_1_241' title='bbox 2471 4249 2570 4294; x_wconf 84' lang='grc'>547</span> <span class='ocrx_word' id='word_1_242' title='bbox 2603 4243 2783 4293; x_wconf 82' lang='lat' dir='ltr'>sumant</span> 
     </span>
     <span class='ocr_line' id='line_1_34' title="bbox 557 4323 2548 4398; baseline -0.004 -15"><span class='ocrx_word' id='word_1_243' title='bbox 557 4330 694 4383; x_wconf 87' lang='lat' dir='ltr'>oculi</span> <span class='ocrx_word' id='word_1_244' title='bbox 733 4329 751 4398; x_wconf 84' lang='grc' dir='ltr'>ΙΙ</span> <span class='ocrx_word' id='word_1_245' title='bbox 791 4335 885 4379; x_wconf 87' lang='grc'>553</span> <span class='ocrx_word' id='word_1_246' title='bbox 924 4346 1169 4381; x_wconf 86' lang='lat' dir='ltr'>caverna.</span> <span class='ocrx_word' id='word_1_247' title='bbox 1209 4327 1228 4396; x_wconf 82' lang='grc' dir='ltr'>Η</span> <span class='ocrx_word' id='word_1_248' title='bbox 1270 4335 1365 4379; x_wconf 88' lang='grc'>554</span> <span class='ocrx_word' id='word_1_249' title='bbox 1404 4343 1616 4396; x_wconf 85' lang='lat' dir='ltr'>prorem</span> <span class='ocrx_word' id='word_1_250' title='bbox 1654 4326 1672 4391; x_wconf 82' lang='grc' dir='ltr'>ΙΙ</span> <span class='ocrx_word' id='word_1_251' title='bbox 1713 4332 1807 4375; x_wconf 85' lang='grc'>555</span> <span class='ocrx_word' id='word_1_252' title='bbox 1847 4325 2110 4394; x_wconf 85' lang='lat' dir='ltr'>plaustra.</span> <span class='ocrx_word' id='word_1_253' title='bbox 2152 4326 2170 4391; x_wconf 82' lang='grc' dir='ltr'>ΙΙ</span> <span class='ocrx_word' id='word_1_254' title='bbox 2210 4329 2307 4374; x_wconf 88' lang='grc'>560</span> <span class='ocrx_word' id='word_1_255' title='bbox 2345 4323 2548 4376; x_wconf 86' lang='lat' dir='ltr'>infinita</span> 
     </span>
    </p>
   </div>
  </div>
 </body>
</html>
