2840 5008
1203 439 1233 504 I

92 622 212 675 tum
240 608 498 696 glacies
531 608 703 672 aeris
731 608 989 672 flamma
1019 609 1284 675 devicta
1314 612 1647 696 liquescit,

90 731 421 809 permanat
452 723 644 786 calor
673 731 1013 809 argentum
1041 726 1517 811 penetraleque
1544 726 1783 812 frigus,

49 877 53 895 .
91 837 338 923 quando
369 845 735 922 utrumque
763 858 962 901 manu
990 840 1352 903 retinentes
1380 840 1625 925 pocula
1650 841 1778 905 rite

93 953 396 1015 sensimus
427 952 654 1015 infuso
683 950 1101 1038 lympharum
1129 975 1284 1017 rore
1316 975 1604 1040 superne
1624 1003 1637 1017 .

90 1087 277 1149 usque
306 1065 487 1129 adeo
516 1068 588 1129 in
614 1067 815 1130 rebus
844 1066 1041 1130 solidi
1068 1067 1160 1130 nil
1190 1089 1339 1131 esse
1368 1068 1661 1132 videtur.

93 1179 192 1242 sed
220 1181 377 1264 quia
405 1201 577 1243 vera
603 1188 820 1243 tamen
848 1183 1020 1244 ratio
1051 1188 1425 1266 naturaque
1452 1203 1672 1246 rerum

92 1296 278 1379 cogit,
300 1293 472 1375 ades
494 1343 510 1370 ,
533 1295 763 1379 paucis
795 1293 951 1356 dum
980 1294 1285 1357 versibus
1315 1294 1745 1379 expediamus

90 1428 218 1471 esse
249 1402 326 1472 e'a
357 1429 542 1494 quae
574 1407 789 1472 solido
819 1416 1023 1492 atque
1053 1416 1327 1472 aeterno
1360 1429 1644 1491 corpore
1675 1418 2018 1486 constent,

89 1524 313 1586 semina
343 1544 527 1607 quae
553 1544 772 1587 rerum
800 1521 1298 1606 primordiaque
1330 1543 1481 1586 esse
1512 1521 1859 1598 docemuS,

90 1635 244 1699 unde
274 1637 495 1700 omnis
525 1658 746 1699 rerum
775 1657 952 1698 nunc
983 1644 1253 1700 constet
1282 1658 1535 1699 summa
1564 1646 1814 1704 creata.

157 1749 489 1834 Principio
523 1750 835 1834 quoniam
868 1749 1118 1834 duplex
1147 1758 1388 1813 natura
1418 1749 1697 1816 duarum

92 1861 396 1928 dissimilis
425 1884 657 1927 rerum
686 1864 883 1948 longe
913 1872 1225 1928 constare
1253 1873 1618 1949 repertast,

50 2012 51 2025 κ
88 1979 363 2061 corporis
383 2027 399 2054 ,
423 1985 634 2062 atque
663 1977 825 2050 loci,
849 1999 959 2041 res
989 1979 1056 2040 in
1088 1999 1220 2063 quo
1253 1999 1559 2063 quaeque
1588 1988 1914 2065 geruntur
1936 2030 1950 2056 ,

87 2110 213 2153 esse
237 2098 598 2176 utramque
630 2092 753 2155 sibi
779 2112 903 2176 per
932 2112 1005 2154 se
1034 2113 1402 2177 puramque
1431 2102 1804 2158 necessest.

83 2224 213 2267 nam
242 2226 373 2290 qua
403 2194 694 2291 cumque
722 2213 923 2270 vacat
952 2207 1237 2291 spatium
1256 2254 1271 2279 ,
1298 2205 1484 2291 quod
1511 2208 1707 2272 inane
1734 2230 2078 2284 vocamuS‚

84 2338 304 2401 corpus
333 2341 414 2383 ea
443 2341 586 2384 non
617 2326 752 2383 est:
777 2342 910 2405 qua
937 2342 1143 2404 porro
1177 2343 1460 2406 cumque
1491 2329 1681 2386 tenet
1710 2344 1783 2386 se

50 2432 51 2435 ’
86 2451 304 2516 corpus
322 2483 337 2510 ,
361 2456 444 2498 ea
470 2455 757 2497 vacuum
785 2455 1207 2520 nequaquam
1238 2434 1505 2516 const'at
1529 2438 1754 2500 inane.

83 2553 221 2609 sunt
242 2548 440 2633 igitur
471 2548 694 2613 solida
722 2569 800 2611 ac
829 2549 970 2612 sine
998 2550 1176 2613 inani
1205 2571 1495 2636 corpora
1521 2552 1762 2635 prima.

85 2672 406 2739 praeterea
438 2662 754 2748 quoniam
783 2662 1022 2747 genitis
1052 2664 1122 2725 in
1149 2666 1352 2728 rebus
1380 2664 1679 2737 inanest,

87 2778 393 2840 materiem
426 2775 987 2869 circum'solidam
1020 2783 1332 2839 constare
1361 2783 1740 2840 necessest:

87 2906 192 2949 nec
219 2911 320 2953 res
349 2891 494 2953 ulla
523 2895 754 2974 potest
779 2911 942 2953 vera
967 2892 1227 2954 ratione
1255 2891 1532 2975 probari

49 3059 54 3067 .
88 3020 340 3086 corpore
367 3004 577 3067 inane
608 3024 732 3067 suo
763 3004 980 3067 celare
1009 3012 1215 3088 atque
1242 3005 1423 3068 intus
1452 3003 1735 3079 habere,

49 3125 52 3132 ’
92 3113 283 3179 sinon
301 3166 316 3193 ,
339 3116 536 3203 quod
567 3116 869 3192 cohibet,
891 3117 1177 3182 solidum
1206 3126 1519 3183 constare
1547 3119 1917 3204 relinquas:

87 3226 146 3289 id
166 3253 357 3315 porro
385 3232 489 3296 nil
522 3252 669 3295 esse
700 3238 928 3316 potest
955 3232 1082 3295 nisi
1109 3233 1405 3296 materiai

94 3344 401 3409 concilium
422 3395 441 3422 ,
471 3344 657 3430 quod
682 3345 879 3408 inane
908 3346 976 3408 in
1004 3347 1188 3409 rebu’
1214 3355 1418 3431 queat
1449 3347 1763 3411 cohibere
1779 3393 1793 3407 .

89 3460 357 3523 materies
385 3461 596 3545 igitur
615 3507 630 3535 ,
654 3457 871 3522 solido
903 3480 1075 3544 quae
1108 3465 1390 3544 corpore
1423 3468 1719 3533 constat,

95 3586 213 3632 esse
240 3581 514 3638 aeterna
542 3579 773 3657 potest
790 3622 806 3648 ,
831 3595 977 3637 cum
1008 3581 1231 3637 cetera
1260 3573 1715 3638 dissoluantur
1739 3622 1752 3633 .

49 3690 57 3733 t
90 3683 199 3745 tum
223 3688 518 3771 porro-si
549 3686 642 3748 nil
673 3694 854 3750 esset
883 3686 1068 3771 quod
1095 3688 1293 3750 inane
1319 3693 1620 3762 vacaret,

93 3812 250 3860 omne
276 3801 456 3865 foret
484 3799 774 3864 solidum
792 3823 817 3862 :1
829 3801 956 3863 nisi
986 3808 1222 3865 contra
1251 3822 1540 3885 corpora
1570 3806 1768 3862 certa

92 3920 311 3989 essent,
335 3935 513 3999 quae
541 3914 697 3977 loca
725 3914 1135 3998 complerent
1164 3936 1334 4000 quae
1364 3933 1647 3997 cumque
1673 3918 2010 3985 tenerent,
2091 3943 2100 3950 ·

93 4038 250 4087 omne
279 4026 467 4112 quod
499 4034 641 4102 est,
666 4027 953 4110 spatium
981 4049 1263 4091 vacuum
1294 4034 1639 4091 constaret
1664 4027 1890 4089 inane.

91 4131 324 4205 alternis
352 4142 559 4227 igitur
577 4186 593 4214 ‚
615 4140 687 4201 ni
716 4140 950 4202 mirum
970 4188 984 4214 ,
1011 4162 1257 4226 corpus
1285 4141 1465 4203 inani

95 4379 174 4427 500
207 4394 404 4437 constet
439 4387 459 4454 ΙΙ
501 4362 606 4436 517
648 4384 804 4435 inane
839 4391 994 4451 queat
1028 4400 1204 4436 rerum
1243 4385 1262 4453 Η
1302 4390 1399 4436 520
1438 4391 1521 4436 est
1556 4385 1576 4452 ΙΙ
1615 4392 1856 4436 vocaret..

1824 4479 1918 4541 2.

2253 446 2334 512 19
