2840 5008
1203 401 1298 468 111
2217 402 2350 469 149

292 572 437 636 170.
468 571 557 636 S1
589 594 840 636 nunus
872 595 1185 637 ommno
1207 598 1227 636 1
1249 596 1280 638 s
1303 596 1552 637 νιΤΑΜ
1577 596 1709 638 vxs
1734 597 2100 639 nonnum
2135 569 2347 639 LE'rl.

64 669 66 674 ’
123 671 499 734 Corrector
540 667 854 753 quadrati
897 678 963 733 et
993 670 1408 734 Veronensis
1442 669 1648 734 editio
1682 695 1774 735 or
1792 696 1936 736 FEN
1954 697 2088 737 mr
2136 722 2149 736 .
2201 674 2346 737 Ma-

119 768 328 832 rullus
363 792 406 830 Τ
420 791 463 830 Ε
482 791 523 831 L
542 792 564 830 1
586 816 599 829 .

286 867 430 930 172.
482 890 507 929 1
528 888 1004 942 NSEQUETUR
1048 859 1428 929 LANGUOR.
1473 886 1738 928 rERRA
1758 888 1957 943 noun
2002 891 2346 933 remmus

119 967 373 1030 SuAvl
396 987 433 1029 s
467 984 498 1036 ‚·
524 988 618 1028 ΕΤ
650 988 733 1027 IN
764 983 1026 1027 TERRA
1056 985 1371 1026 ΜΕΝΤΕε
1403 985 1542 1038 our
1575 985 1981 1028 eremmon
2009 987 2345 1042 Ans‘rus.

121 1064 574 1128 Correctores
606 1061 1050 1147 antiquissimi
1079 1071 1102 1124 1
1123 1086 1165 1124 N
1181 1084 1214 1125 s
1228 1085 1266 1124 E
1285 1086 1324 1139 Q
1342 1085 1383 1125 u
1397 1085 1420 1124 1
1438 1086 1478 1124 Τ
1493 1084 1534 1125 u
1547 1085 1590 1125 R
1629 1111 1643 1126 .
1690 1084 1899 1149 porro
1929 1064 1998 1126 in
2030 1065 2345 1127 extremis

119 1170 299 1226 recte
330 1162 495 1225 Itali
526 1185 688 1224 ΜΕΝ
706 1182 832 1224 r1s
864 1172 1061 1224 aestus
1087 1160 1158 1223 in
1187 1168 1372 1224 terra
1397 1160 1681 1224 iacentis
1728 1210 1741 1223 .
1785 1161 1855 1224 in
1899 1160 2008 1224 his
2051 1161 2163 1225 alii
2201 1162 2344 1226 sine

122 1282 323 1325 causa
353 1260 732 1324 haeserunt
760 1307 773 1321 .
806 1258 931 1322 sed
954 1259 1070 1343 qui
1092 1258 1285 1324 estin
1308 1258 1538 1323 medio
1554 1260 1854 1324 membro
1872 1261 2091 1344 petitus
2111 1272 2311 1325 terrae
2329 1308 2344 1335 ‚

120 1382 240 1425 nec
263 1360 700 1424 voluntarius
725 1366 829 1422 est
852 1379 978 1421 nec
997 1360 1241 1439 suavi-3,-
1272 1348 1459 1442 quod
1485 1379 1634 1421 cum
1654 1357 2079 1444 intellegeret
2099 1358 2342 1421 Iohan-

121 1480 236 1523 nes
266 1457 475 1522 Iones
498 1506 516 1532 ‚
546 1457 799 1521 amicus
829 1451 1268 1531 Wakefieldi‚
1302 1456 1733 1522 scribendum
1766 1457 2054 1552 coniecit
2077 1457 2345 1522 Saevus:

120 1556 239 1621 sed
268 1553 856 1640 accommodatius
888 1562 955 1618 et
983 1556 1208 1620 verius
1246 1561 1352 1619 est
1394 1567 1711 1641 terraeque
1739 1557 1963 1640 petitus
1994 1555 2203 1620 Sum»
2220 1577 2309 1619 us
2329 1602 2344 1618 .

120 1679 375 1741 suppum
418 1661 695 1718 veteres
748 1675 874 1738 pro
931 1656 1147 1739 supino
1205 1653 1459 1718 dixisse
1502 1653 1747 1718 Fe'stus
1802 1661 2092 1718 testatur
2138 1653 2342 1717 allato

120 1776 313 1818 versu
344 1753 595 1817 Lucilii
633 1799 648 1826 ,
693 1753 925 1838 itaque
956 1753 1310 1816 Lucretius
1357 1754 1505 1838 ipse
1546 1802 1561 1828 ‚
1609 1775 1727 1817 eos
1759 1755 1874 1838 qui
1902 1755 1970 1817 in
2000 1752 2343 1840 glossariis

123 1852 416 1918 Labbaei
445 1875 518 1936 p.
537 1852 668 1920 ‘Zet
688 1850 729 1915 8
759 1853 1179 1937 adversipedes
1207 1853 1637 1938 appellantur
1669 1854 2018 1939 exagitans
2036 1900 2052 1929 ‚
2076 1852 2249 1917 dixit
2276 1852 2344 1914 in

121 1974 161 2022 ι,
177 1951 326 2015 1061
350 1951 662 2023 animalia
676 1973 875 2035 suppa
890 1954 1108 2035 vayari
1116 2001 1134 2031 ‚
1153 1952 1266 2015 ubi
1287 1951 1713 2016 correctores
1732 1951 2039 2015 codicum
2054 1951 2344 2015 Leiden-

125 2050 282 2112 sium
296 2048 618 2133 imperite
632 2046 939 2112 fecerunt
951 2073 1143 2134 supra
1158 2098 1172 2113 .
1197 2049 1354 2114 hinc
1374 2073 1643 2135 suppare
1671 2071 1795 2135 pro
1822 2049 2343 2134 supinareAttius

126 2147 295 2232 apud
312 2146 618 2211 Nonium
637 2167 700 2229 p.
715 2145 857 2220 200,
875 2145 956 2209 33
976 2195 991 2221 ,
1025 2147 1593 2234 Obtorqueproram
1609 2197 1626 2227 ,
1650 2171 1726 2210 ac
1740 2170 1938 2233 suppa
1956 2158 2140 2210 tortas
2158 2169 2340 2231 copu-

127 2248 211 2309 las
223 2271 246 2327 ,·
269 2243 455 2329 quod
475 2242 853 2307 lexicorum
878 2244 1268 2309 conditores
1292 2253 1479 2310 recte
1500 2245 1893 2331 intellegere
1915 2245 2312 2308 noluerunt.

283 2343 417 2406 176.
451 2340 877 2406 Commius
909 2364 1003 2417 Qu
1022 2363 1276 2405 omAM
1307 2365 1398 2406 TE
1420 2366 1581 2408 ms.
1629 2341 1992 2407 Corrector
2024 2341 2342 2426 quadrati

130 2448 190 2504 et
215 2441 362 2504 Itali
395 2440 881 2504 Conponms
903 2487 918 2503 .

284 2540 418 2604 183.
473 2537 718 2617 QUAM
761 2560 832 2601 s1
878 2562 1083 2603 Mens
1128 2562 1349 2604 mmu
1396 2563 1800 2604 PROPONIT
1845 2564 1938 2603 ΕΤ
1982 2560 2340 2603 INCHOAT

130 2659 298 2700 IPSA
338 2685 354 2702 .
400 2637 622 2700 Recte
654 2635 1115 2701 Wakefieldus
1153 2638 1353 2716 Quam
1383 2662 1415 2701 s
1433 2661 1511 2700 ΤΒ
1529 2661 1552 2700 1
1570 2641 1863 2724 proponit
1895 2689 1907 2702 .
1950 2640 2046 2704 ita
2076 2659 2342 2722 semper

127 2734 472 2800 Lucretius
506 2757 521 2796 z
567 2733 722 2797 vide
762 2733 961 2798 huius
996 2734 1149 2799 libri
1177 2756 1448 2800 versum
1477 2735 1598 2799 627
1632 2744 1700 2800 et
1728 2736 1851 2800 8-79
1894 2787 1911 2803 ,
1957 2758 2177 2821 neque
2205 2738 2342 2821 ipsa

127 2830 403 2919 intellegi
424 2838 669 2917 potest
684 2879 700 2907 ‚
725 2832 852 2895 nisi
872 2831 1007 2895 hoc
1030 2830 1196 2895 dicit
1212 2880 1227 2907 ,
1256 2833 1734 2918 cogitationem
1759 2835 2103 2899 celerrime
2123 2835 2336 2918 ipsam

128 2930 243 2994 sibi
270 2931 411 2995 fieri
439 2950 835 3016 proponere
867 2938 936 2996 et
964 2932 1106 2996 fieri
1135 2932 1433 3017 incipere
1459 2981 1471 2994 .

283 3029 416 3094 188.
462 3029 802 3093 ΜοΜιΝΕ
849 3053 980 3094 UTI
1042 3043 1309 3094 PAnvo
1354 3053 1645 3095 Possm
1666 3056 1706 3094 Τ
1754 3081 1766 3095 .
1809 3031 2015 3116 Apud
2058 3031 2338 3095 Paulum

132 3124 477 3192 diaconum
510 3149 594 3191 ex
623 3127 830 3192 Festo
858 3129 1032 3193 libro
1064 3151 1135 3191 xr
1167 3127 1440 3193 codices
1472 3129 1627 3192 olim
1656 3130 2000 3215 impressi,
2024 3130 2338 3213 aquibus

133 3243 255 3307 quo
283 3226 428 3291 iure
446 3225 953 3290 Lindemannus
975 3248 1039 3310 p.
1059 3225 1140 3289 98
1164 3226 1360 3311 longe
1384 3228 1744 3291 secesserit
1765 3226 1990 3291 dicere
2013 3249 2153 3290 non
2180 3249 2338 3314 pos-

132 3342 265 3386 sum
293 3374 310 3404 ,
351 3327 603 3390 illomen
634 3374 653 3404 ,
698 3336 1061 3388 momentum
1108 3373 1118 3386 .
1170 3325 1394 3389 Lucre.
1430 3325 1697 3388 illomine
1726 3326 1780 3387 si
1809 3350 1848 3388 a
1867 3348 2069 3410 parvo
2091 3338 2342 3409 possunt

130 3419 379 3504 impulsa
404 3425 667 3488 moveri.

287 3521 419 3586 198.
451 3524 562 3599 ΑΤ
604 3543 926 3586 CONTRA
968 3542 1338 3584 LAPIDUM
1369 3543 1840 3584 commem-um
1881 3542 2333 3584 smexnum-

135 3635 170 3687 Q
185 3637 273 3678 ΗΕ
301 3617 364 3681 N
381 3641 420 3683 o
440 3644 477 3683 E
498 3645 542 3684 N
558 3643 599 3683 u
640 3644 677 3683 P
693 3642 732 3682 o
748 3643 788 3683 Τ
805 3642 842 3681 Ε
859 3618 891 3683 's
905 3643 944 3681 Τ
992 3668 1005 3682 .
1051 3618 1184 3682 Hic
1213 3619 1496 3704 primum
1529 3618 1908 3683 observabo
1939 3617 2334 3681 Lambinum

134 3713 413 3781 absurde
438 3725 679 3782 contra
702 3718 1007 3781 codicum
1032 3718 1506 3781 auctoritatem
1529 3715 1881 3798 scripsisse
1904 3716 2093 3778 Nenu
2125 3723 2193 3780 et
2220 3715 2334 3780 hic

135 3810 273 3873 etin
290 3828 376 3888 iv,
395 3816 518 3879 712
538 3841 553 3891 3
577 3837 774 3901 quem
793 3803 1259 3901 lexicographi
1277 3822 1616 3892 secuntur,
1639 3811 1812 3875 male
1832 3812 2334 3879 dissimulantes

136 3908 306 3989 apud
343 3911 636 3976 Nonium
681 3938 743 3999 p.
774 3913 890 3977 143
936 3936 1084 3978 esse
1125 3937 1384 3979 noenum
1411 3960 1430 3992 ‚
1473 3912 1542 3975 in
1587 3911 1880 3995 antiquis
1926 3910 2335 3978 editionibus

134 4024 347 4072 nomon
379 4060 389 4073 .
434 4013 905 4097 grammaticus
938 4019 1006 4077 et
1036 4036 1232 4077 noenu
1262 4012 1717 4075 adnotaverat
1746 4031 1831 4072 ex
1859 4010 2115 4074 Lucilio
2149 4018 2219 4076 et
2251 4035 2335 4076 ex

135 4096 449 4173 Varronis
480 4111 771 4193 epistula
799 4135 1101 4176 noenum:
1146 4134 1339 4176 noenu
1385 4130 1616 4172 errore
1646 4109 2070 4174 librariorum
2097 4112 2332 4194 periit.

139 4192 586 4292 diphthongus
611 4215 833 4272 autem
851 4209 921 4272 in
941 4210 1045 4273 his
1070 4209 1399 4272 rationem
1422 4207 1633 4271 habet
1649 4253 1665 4281 ‚
1689 4228 1840 4270 cum
1858 4230 2115 4271 noenum
2135 4231 2335 4271 noenu

137 4292 265 4359 sive
291 4323 409 4364 non
436 4305 600 4369 nihil
630 4305 812 4370 aliud
841 4306 929 4370 sit
960 4326 1157 4392 quam
1201 4328 1277 4368 ne
1315 4326 1531 4367 oenum
1577 4352 1592 4379 ‚
1637 4303 1771 4367 hoc
1814 4311 1918 4368 est
1959 4327 2068 4367 nec
2109 4327 2296 4367 unum
2319 4356 2329 4367 .

138 4392 376 4470 primus
418 4401 513 4465 ita
540 4452 556 4482 ,
589 4411 913 4488 quantum
956 4404 1097 4467 scio
1120 4451 1136 4479 ‚
1165 4402 1455 4480 Iacobus
1503 4399 1858 4465 Grimmius
1901 4400 2225 4466 iudicavit
2266 4404 2334 4466 in
