2840 5008
1159 392 1295 498 VI·
2194 400 2333 467 239

41 587 58 633 Β
165 568 308 648 Qua
338 574 656 652 propter,
677 568 849 630 bene
879 566 992 629 ubi
1020 565 1191 629 haec
1222 568 1611 632 confirmata
1638 576 1840 654 atque
1870 571 2091 634 locata

92 683 294 746 omnia
326 681 750 745 constiterint
778 680 971 743 nobis
999 690 1363 766 praeposta
1388 691 1653 768 parata,

42 815 67 862 ·o
92 796 258 883 quod
287 817 498 880 super
529 801 662 869 est,
686 793 878 856 facile
907 793 1063 857 hinc
1091 795 1265 859 ratio
1296 796 1655 871 reddetur,
1680 806 1747 862 et
1777 799 1991 861 omnis

91 932 274 974 causa
304 917 469 996 pate
495 909 608 971 fiet
625 955 641 982 ‚
668 928 838 993 quae
867 907 1028 970 ferri
1057 910 1348 992 pelliciat
1375 912 1537 975 vim.

88 1023 403 1110 principio
436 1022 638 1086 fluere
669 1042 704 1084 e
735 1020 957 1106 lapide
986 1021 1119 1086 hoc
1147 1025 1478 1108 permulta
1504 1036 1849 1090 necessest

88 1138 321 1200 semina
339 1186 355 1213 ,
380 1137 522 1199 sive
551 1144 805 1199 aestum
825 1184 839 1210 ‚
864 1137 977 1219 qui
1008 1135 1281 1202 discutit
1311 1145 1467 1203 aera
1495 1141 1741 1234 plagiS,

85 1254 242 1315 inter
275 1251 393 1335 qui
424 1248 712 1336 lapidem
741 1248 1123 1335 ferrumque
1154 1258 1256 1315 est
1285 1274 1567 1338 cumque
1595 1255 1888 1319 locatus,

42 1366 200 1428 §hoc
227 1366 343 1429 ubi
372 1364 666 1427 inanitur
695 1364 982 1448 spatium
1010 1364 1389 1451 multusque
1419 1389 1585 1459 yace
1613 1369 1689 1431 fit

84 1481 141 1542 in
166 1477 384 1542 medio
416 1478 604 1541 locus
622 1525 637 1552 ‚
663 1477 996 1562 extemplo
1026 1479 1391 1563 primordia
1418 1480 1577 1545 ferri

84 1595 139 1656 in
164 1612 450 1656 vacuum
477 1591 795 1676 prolapsa
825 1589 1075 1654 cadunt
1104 1594 1462 1658 coniuncta
1479 1644 1494 1670 ‚
1515 1596 1591 1659 fit
1618 1604 1828 1681 utque

87 1707 305 1779 anulus
335 1705 483 1788 ipse
515 1712 834 1789 sequatur
865 1711 1106 1789 eatque
1136 1707 1230 1771 ita
1261 1731 1549 1796 corpore
1578 1719 1723 1775 toto
1743 1760 1757 1774 .

87 1841 191 1882 nec
217 1840 327 1883 res
356 1818 497 1882 ulla
525 1820 731 1903 magis
761 1820 1160 1905 primoribus
1192 1843 1275 1885 ex
1307 1824 1647 1888 elementis

42 1932 467 2018 oindupedita
495 1934 631 1995 suis
662 1942 806 1997 arte
838 1955 1094 1997 conexa
1124 1936 1443 2001 cohaeret

89 2069 265 2131 quam
291 2046 500 2111 validi
529 2047 688 2111 ferri
710 2055 958 2112 >natura
988 2057 1058 2112 et
1082 2050 1363 2134 frigidus
1393 2050 1667 2114 horror.

88 2183 203 2245 quo
232 2163 450 2225 minus
482 2171 585 2226 est
612 2162 846 2225 mirum
866 2210 884 2241 ,
911 2184 1044 2247 quo
1078 2162 1340 2227 ducitur
1371 2186 1454 2226 ex
1487 2165 1857 2239 elementiS‚

89 2297 351 2360 corpora
381 2277 440 2339 si
469 2284 812 2361 nequeunt
842 2296 877 2338 e
905 2275 1085 2340 ferro
1114 2278 1310 2363 plura
1340 2288 1575 2343 coorta

88 2390 145 2451 in
165 2413 446 2481 vacuum
474 2390 666 2464 ferri,
690 2391 847 2475 quin
880 2391 1116 2453 anulus
1144 2391 1289 2477 ipse
1319 2403 1669 2477 sequatur3

47 2521 66 2564 5
93 2504 254 2588 quod
280 2507 446 2571 facit
464 2555 479 2582 ,
505 2513 570 2568 et
599 2506 900 2589 sequitur
918 2555 932 2580 ,
957 2504 1172 2569 donec
1201 2510 1509 2591 pervenit
1538 2510 1625 2573 ad
1653 2512 1868 2597 ipsum

88 2619 195 2680 iam
220 2620 509 2707 lapidem
540 2619 890 2704 caecisque
915 2620 983 2683 in
1016 2641 1094 2684 eo
1128 2624 1559 2707 compagibus
1588 2624 1837 2690 haesit.

87 2731 198 2795 hoc
223 2734 294 2796 fit
319 2734 512 2798 idem
533 2740 808 2797 cunctas
835 2735 904 2797 in
932 2735 1142 2819 partis
1162 2783 1178 2809 ‚
1199 2735 1378 2799 unde
1408 2759 1573 2801 vace
1601 2739 1678 2803 fit

90 2866 340 2931 cumque
371 2848 562 2911 locus
583 2897 598 2923 ‚
622 2849 761 2912 sive
793 2870 828 2912 e
857 2857 1245 2913 transverso
1278 2851 1422 2913 sive
1452 2873 1741 2938 superne

90 2978 347 3046 corpora
379 2962 699 3025 continuo
729 2963 797 3024 in
825 2984 1108 3026 vacuum
1137 2964 1354 3028 vicina
1381 2964 1720 3031 feruntur:

43 3074 300 3159 ⁰quippe
335 3066 672 3160 agitantur
701 3077 871 3139 enim
900 3076 1113 3163 plagis
1143 3079 1409 3142 aliunde
1428 3130 1445 3156 ‚
1467 3103 1591 3145 nec
1619 3083 1768 3168 ipsa

85 3195 293 3267 sponte
330 3212 451 3253 sua
481 3212 745 3255 sursum
770 3198 1060 3276 possunt
1090 3213 1495 3280 consurgere
1522 3197 1593 3259 in
1622 3219 1848 3263 auras.

83 3296 193 3363 huc
219 3304 482 3367 accedit
509 3306 642 3369 utei
663 3354 679 3381 ‚
704 3327 911 3390 quare
942 3314 1145 3390 queat
1171 3306 1243 3371 id
1270 3310 1478 3393 magis
1510 3331 1657 3374 esse
1674 3359 1688 3385 ‚

81 3410 222 3479 haec
252 3439 524 3503 quoque
553 3440 662 3482 res
693 3418 1076 3484 adiumento
1107 3431 1428 3507 motuque
1457 3425 1752 3503 iuvetur3

85 3530 242 3609 quod
260 3581 273 3606 ‚
298 3533 491 3596 simul
523 3555 563 3596 a
591 3533 813 3596 fronte
846 3541 950 3597 est
977 3535 1174 3599 anelli
1202 3539 1416 3602 rarior
1446 3546 1561 3603 aer

45 3638 264 3709 5factus
292 3647 724 3732 inanitusque
753 3647 942 3711 locus
972 3651 1182 3733 magis
1212 3673 1290 3714 ac
1320 3663 1676 3730 vacuatus,

45 3760 362 3824 3continuo
393 3761 472 3826 fit
500 3762 597 3824 uti
627 3762 740 3846 qui
766 3769 927 3849 post
957 3771 1060 3826 est
1091 3786 1370 3851 cumque
1399 3768 1661 3832 locatus

84 4100 190 4152 1000
223 4121 432 4159 omnes.
473 4104 493 4174 ΙΙ
534 4112 662 4158 1001
700 4105 1040 4175 peliceatum.
1083 4106 1103 4176 ΙΙ
1149 4115 1276 4161 1006
1323 4110 1493 4165 ferre.
1542 4114 1562 4182 ΙΙ
1614 4121 1742 4168 1007
1780 4118 1956 4185 utqui.
2004 4119 2023 4186 ΙΙ
2060 4123 2203 4170 1009
2243 4137 2306 4171 ex

80 4189 307 4240 missum.
347 4190 367 4258 ΙΙ
410 4194 538 4241 1011
579 4196 795 4242 naturae
832 4190 852 4258 ΙΙ
894 4196 1021 4242 1012
1061 4192 1205 4262 quod
1243 4192 1435 4247 dicitur
1472 4198 1491 4265 Η
1535 4204 1665 4249 1014
1703 4199 1909 4251 anullus
1960 4201 1979 4269 ΙΙ
2029 4207 2155 4252 1018
2193 4210 2247 4253 et
2282 4202 2302 4271 Η

80 4264 184 4398 {333
213 4269 434 4407 flagittss
477 4277 603 4323 1021
646 4271 845 4342 Sporte
883 4273 902 4343 ΙΙ
946 4281 1072 4327 1022
1124 4277 1250 4329 item
1290 4277 1309 4348 ΙΙ
1352 4284 1479 4330 1023
1519 4280 1751 4335 iuvatur.
1803 4283 1823 4353 Η
1874 4290 2000 4336 1025
2039 4286 2242 4352 magnis
2282 4283 2302 4352 Η

233 4369 387 4407 ocaca
414 4371 506 4407 us.
