2840 5008
502 369 646 437 210
1527 464 1530 467 A
1579 369 1681 436 v1

501 543 578 606 fit
607 562 878 628 quoque
908 549 984 605 ut
1010 541 1185 606 inter
1215 541 1369 604 dum
1401 541 1605 606 validi
1635 544 1733 606 vis
1762 544 1967 608 incita
1996 547 2180 610 venti

501 654 893 742 perscindat
919 657 1160 720 nubem
1175 657 1614 743 perfringens
1641 658 1887 744 impete
1916 669 2134 723 recto:

501 794 654 836 nam
685 770 846 858 quid
874 772 1089 857 possit
1115 772 1207 835 ibi
1234 772 1431 837 ssatus
1459 772 1809 836 manifesta
1839 771 2044 838 docet
2071 796 2178 837 res
2195 824 2211 849 ‚

364 904 457 949 140
501 886 643 962 hic,
664 886 778 949 ubi
806 875 1018 949 lenior
1050 893 1151 949 est
1172 935 1187 962 ‚
1208 888 1273 949 in
1305 896 1489 950 terra
1518 909 1662 951 cum
1695 897 1914 951 tamen
1946 888 2083 952 alta

503 1001 778 1065 arbusta
808 1001 1124 1064 evolvens
1152 1001 1488 1066 radicibus
1518 1001 1742 1065 haurit
1772 1004 1854 1067 ab
1884 1003 2058 1066 imis.

502 1123 661 1179 sunt
690 1116 885 1179 etiam
910 1115 1154 1180 fluctus
1185 1138 1305 1201 per
1333 1097 1561 1182 nubila
1579 1166 1594 1192 ‚
1617 1118 1731 1201 qui
1762 1119 1951 1202 quasi
1980 1140 2273 1181 murmur

503 1230 666 1295 dant
694 1231 763 1293 in
791 1229 1164 1315 frangendo
1194 1231 1521 1315 graviter3
1546 1231 1731 1316 quod
1758 1233 1915 1296 item
1945 1232 2018 1296 fit
2045 1232 2112 1294 in
2142 1233 2292 1297 altis

499 1345 874 1409 fluminibus
905 1328 1282 1430 magnoque
1311 1347 1512 1417 mari,
1534 1367 1681 1409 cum
1709 1346 2038 1431 frangitur
2066 1357 2322 1411 aestus,

362 1477 455 1523 145
498 1460 570 1524 id
601 1482 900 1545 quoque,
923 1460 1036 1525 ubi
1056 1481 1103 1525 Ae
1133 1461 1293 1524 nubi
1318 1461 1386 1523 in
1414 1461 1661 1525 nubem
1691 1461 1789 1524 vis
1817 1460 2051 1526 incidit
2080 1462 2325 1526 ardens

503 1574 792 1638 fulminis
811 1623 826 1650 ‚
848 1574 1017 1638 haec
1044 1576 1253 1640 multo
1286 1576 1342 1640 si
1368 1575 1545 1639 forte
1575 1597 1805 1639 umore
1834 1577 2091 1660 recepit

502 1691 722 1775 ignem
741 1737 755 1764 ‚
779 1690 1094 1752 continuo
1123 1712 1365 1776 magno
1398 1691 1689 1754 clamore
1719 1689 2039 1763 trucidat;

504 1813 582 1868 ut
611 1802 838 1866 calidis
869 1803 1163 1868 candens
1192 1804 1439 1868 ferrum
1472 1827 1507 1868 e
1534 1803 1917 1869 fornacibus
1948 1805 2100 1868 olim

506 1918 761 1994 stridit,
784 1919 897 1981 ubi
925 1919 990 1981 in
1021 1918 1309 2004 gelidum
1339 1940 1630 2006 propere
1661 1918 2093 1983 demersimus
2122 1920 2427 1986 imbrem.

367 2052 462 2098 150
506 2033 756 2098 aridior
785 2056 991 2120 porro
1023 2034 1080 2097 si
1106 2035 1319 2099 nubes
1350 2035 1594 2119 accipit
1621 2034 1837 2118 ignem
1856 2084 1872 2111 ,

343 2126 355 2139 ⁶
504 2150 719 2213 uritur
746 2150 998 2234 ingenti
1026 2150 1252 2231 sonitu
1280 2169 1604 2214 succensa
1631 2158 1943 2235 repente3

504 2266 905 2330 lauricomos
936 2271 1010 2327 ut
1039 2264 1094 2326 si
1123 2286 1245 2348 per
1273 2264 1519 2328 montis
1548 2263 1809 2327 flamma
1836 2272 2116 2350 vagetur

504 2381 778 2445 turbine‘
796 2388 1150 2443 ventorum
1179 2356 1577 2442 comburens
1603 2380 1848 2464 impete
1876 2401 2144 2465 magno:

505 2519 630 2561 nec
657 2519 767 2560 res
795 2495 930 2559 ulla
956 2494 1165 2580 magis
1196 2513 1390 2579 quam
1422 2494 1680 2559 Phoebi
1708 2494 2033 2581 Delphica
2064 2495 2289 2559 laurus

367 2630 460 2674 155
506 2612 782 2676 terribili
811 2611 1037 2674 sonitu
1063 2609 1323 2674 flamma
1353 2612 1725 2696 crepitante
1756 2618 2114 2674 crematur.

509 2726 797 2811 denique
826 2747 1035 2811 saepe¹
1055 2727 1186 2811 geli
1214 2727 1460 2789 multus
1487 2726 1716 2810 fragor
1745 2734 1948 2810 atque
1975 2726 2167 2789 ruina

508 2840 851 2926 grandinis
880 2843 948 2904 in
977 2842 1231 2926 magnis
1261 2819 1552 2905 sonitum
1583 2839 1699 2904 dat
1727 2842 2014 2904 nubibus
2046 2841 2203 2904 alte:

510 2963 751 3019 ventus
783 2956 952 3018 enim
984 2978 1132 3018 cum
1163 2957 1515 3028 confercit‚
1540 2955 1934 3041 franguntur
1960 2956 2023 3019 in
2058 2962 2204 3018 arto

510 3071 808 3134 concreti
836 3082 1098 3135 montes
1127 3073 1498 3135 nimborum
1530 3080 1599 3135 et
1626 3069 1949 3156 grandine
1979 3070 2192 3133 mixti.

370 3203 464 3252 160
589 3184 814 3270 Fulgit
839 3186 997 3249 item
1016 3235 1031 3261 ,
1052 3187 1265 3256 nubes
1293 3186 1464 3271 ignis
1497 3208 1645 3249 cum
1675 3186 1924 3249 semina
1950 3185 2156 3249 multa

513 3322 867 3364 excussere
896 3324 1019 3365 suo
1050 3323 1413 3378 concursu3
1440 3323 1562 3365 ceu
1590 3300 1877 3387 lapidem
1907 3300 1965 3365 si

510 3416 843 3503 percutiat
867 3416 1037 3502 lapis
1068 3427 1183 3481 aut
1208 3405 1489 3481 ferrum:
1511 3438 1664 3486 ,nam
1694 3424 1832 3480 tum
1863 3436 2132 3501 quoque
2159 3415 2380 3480 lumen

511 3533 695 3596 exilit
724 3542 790 3595 et
820 3531 1033 3595 claras
1063 3532 1382 3596 scintillas
1415 3530 1696 3619 dissipat
1722 3532 1924 3617 ignis.

510 3646 634 3712 sed
661 3648 978 3713 tonitrum
1004 3647 1080 3711 fit
1106 3647 1203 3711 uti
1233 3655 1389 3733 post
1417 3648 1687 3711 auribus
1716 3647 2115 3733 accipiamus
2132 3694 2146 3721 ,

370 3779 463 3824 165
504 3761 758 3848 fulgere
789 3784 991 3848 quam
1017 3771 1292 3827 cernant
1322 3763 1527 3837 oculi3
1552 3762 1708 3846 quia
1735 3783 1996 3849 semper
2026 3761 2115 3825 ad
2144 3761 2322 3825 auris

507 3875 766 3941 tardius
797 3877 1163 3942 adveniunt
1193 3859 1398 3963 quam-
1417 3878 1628 3942 visum
1662 3899 1833 3963 quae
1861 3884 2177 3942 moveant
2204 3897 2345 3940 res.

512 4199 606 4244 141
646 4190 866 4244 volvens
918 4191 938 4259 11
998 4196 1092 4242 144
1130 4198 1265 4243 aest.
1322 4191 1343 4260 ΙΙ
1400 4200 1494 4245 145
1534 4192 1622 4244 Fit
1672 4193 1693 4261 ΙΙ
1749 4199 1844 4244 149
1879 4200 2103 4263 propter
2151 4193 2170 4260 ΙΙ
2221 4200 2310 4244 151
2355 4194 2580 4263 ingentis
2614 4196 2632 4262 Η
2664 4207 2733 4243 rc·

507 4282 689 4327 cente.
740 4276 762 4344 ΙΙ
823 4279 915 4327 153
954 4272 1139 4325 Turne
1192 4277 1213 4343 ΙΙ
1265 4282 1360 4327 154
1398 4277 1506 4329 vita
1540 4276 1560 4344 ΙΙ
1604 4283 1697 4327 155
1735 4276 1966 4329 sonitum
2004 4278 2024 4345 11
2067 4283 2162 4328 158
2198 4287 2392 4329 artum.
2431 4277 2452 4346 ΙΙ
2495 4282 2584 4328 162
2621 4276 2732 4328 Pcr-

508 4358 678 4410 cuciat
714 4357 732 4425 ΙΙ
775 4363 866 4408 165
906 4356 1117 4426 Fugere
