2840 5008
1140 411 1241 478 VI
2160 412 2298 480 379

71 590 336 654 calidum
348 580 618 673 faciunt
645 609 842 672 aquae
870 597 1094 650 tactum
1122 595 1300 671 atque
1326 574 1648 669 vaporem}
1689 584 1805 649 ubi
1832 584 1902 647 in
1929 584 2117 649 libris
2147 606 2303 649 nos-

68 682 191 752 tris
218 694 326 751 est
357 687 567 750 laticis
595 696 819 750 tactum
835 734 850 749 .
878 682 1048 748 illud
1071 690 1293 747 autem
1312 681 1544 747 Bedae
1569 681 1982 747 credendum
2002 704 2141 747 non
2172 692 2297 760 est,

71 783 249 870 quod
280 784 597 848 vocalem
638 785 915 848 brevem
945 829 959 856 ‚
1005 801 1179 865 quae
1210 803 1247 866 9
1280 786 1348 844 et
1374 805 1419 844 u
1450 788 1519 845 et
1545 781 1765 844 vocali
1796 779 2096 865 qualibet
2126 784 2302 846 exci-

66 891 356 968 peretur,
384 890 663 947 veteres
689 901 1101 946 communem
1127 901 1276 943 esse
1298 879 1594 943 voluisse
1617 879 1884 943 scribit:
1914 900 2134 963 neque
2158 901 2302 945 cre-

69 981 265 1045 dibile
298 990 411 1046 est
440 990 583 1046 tam
614 981 909 1044 anticum
941 984 1208 1064 poeltam
1239 998 1319 1041 eo
1351 999 1547 1041 usum
1579 999 1726 1042 esse
1758 975 1944 1062 quod
1971 997 2300 1063 gramma-

70 1082 235 1144 ticus
253 1079 718 1145 Eichenfeldii
737 1078 941 1163 p.444
962 1084 1303 1162 tamquam
1326 1078 1692 1142 barbarum
1714 1076 1908 1140 reicit
1924 1123 1940 1150 ,
1964 1098 2113 1142 cum
2140 1077 2305 1142 dicit

70 1202 227 1265 aqua
245 1227 263 1257 ,
293 1202 422 1242 uon
451 1201 656 1264 acqua
674 1227 687 1240 .
721 1184 826 1240 est
852 1177 1057 1262 igitur
1089 1173 1519 1239 scribendum
1550 1187 1745 1262 aquae
1776 1181 1845 1239 et
1874 1178 2063 1260 aquai
2080 1225 2093 1239 .
2124 1177 2299 1241 simi·-

72 1276 214 1339 liter
244 1277 584 1340 Horatius
608 1323 622 1350 ‚
666 1277 859 1360 isque
888 1296 1062 1337 unus
1090 1274 1268 1337 inter
1301 1295 1533 1337 omnes
1558 1323 1572 1350 ‚
1615 1275 1809 1338 siluae
1847 1274 2067 1338 tribus
2098 1274 2301 1361 sylla-

69 1373 169 1436 bis
212 1374 391 1437 dixit
414 1422 430 1449 ,
478 1373 795 1458 idemque
827 1395 863 1437 e
896 1373 1238 1437 contrario
1270 1373 1509 1435 larvam
1540 1392 1714 1456 quae
1741 1371 1985 1436 Plauto
2018 1379 2086 1435 et
2112 1372 2294 1438 Pria«

73 1473 177 1554 pei
205 1472 286 1537 33
328 1479 584 1557 poetae
623 1473 805 1535 larua
852 1476 956 1533 est
977 1517 992 1544 ‚
1036 1467 1445 1552 Adamanti‘o
1477 1468 1785 1534 Putschii
1812 1492 1875 1554 p.
1895 1469 2059 1535 2304
2089 1473 2301 1552 larba,

71 1569 224 1632 item
251 1573 523 1634 miluum
551 1568 967 1653 antiquiores
985 1615 999 1641 ‚
1029 1568 1278 1631 milvum
1297 1566 1576 1631 Persius
1605 1567 1938 1633 Martialis
1967 1567 2302 1633 Iuvenalis

75 1668 172 1750 (in
199 1668 586 1733 halieuticis
615 1666 694 1730 95
725 1664 1156 1730 scribendum
1183 1667 1299 1729 ’iuli
1329 1686 1364 1728 e
1393 1665 1687 1750 Plinio),
1734 1674 1803 1730 et
1829 1666 2111 1731 Plautus
2130 1714 2145 1741 ,
2174 1669 2305 1733 nisi

76 1763 270 1829 fallor
288 1815 302 1841 ‚
337 1789 573 1830 acuam>
590 1765 993 1850 aliquotiens
1013 1814 1028 1840 ,
1057 1772 1133 1828 ut
1160 1765 1230 1828 in
1251 1765 1669 1829 Truculento
1701 1788 1771 1840 11,
1788 1767 1845 1841 7,
1869 1766 1945 1831 13
1972 1767 2121 1830 Nisi
2140 1768 2303 1830 deri-

77 1868 236 1926 vetur
276 1876 486 1928 tamen
506 1912 525 1944 ,
570 1866 764 1928 omnis
807 1865 878 1926 e'a
921 1875 1083 1949 aqua
1125 1865 1301 1927 abeat
1339 1864 1406 1926 in
1447 1887 1619 1928 mare
1639 1913 1657 1943 ,
1701 1864 1773 1928 in
1810 1864 2027 1928 Milite
2055 1887 2127 1940 11,
2145 1865 2202 1940 6,
2224 1867 2297 1929 71

81 1961 246 2024 Nam
287 1986 366 2026 ex
402 1985 536 2026 uno
572 1973 752 2046 puteo
793 1963 1052 2025 similior
1091 1981 1426 2048 numquam
1456 1964 1621 2046 potis
1648 1964 1836 2048 Aqua
1877 1968 2078 2047 α’9ἃαε
2119 1966 2278 2044 sumi
2287 2013 2305 2044 ,

84 2083 260 2144 quam
301 2061 459 2125 haec
503 2071 590 2124 est
630 2071 806 2147 atque
848 2062 965 2123 ista
992 2059 1225 2144 hospita
1249 2109 1262 2122 .
1309 2058 1601 2143 denique·
1633 2061 1747 2149 qui
1777 2067 1881 2123 est
1910 2082 1951 2123 a
1982 2059 2305 2125 Cicerone

79 2158 144 2219 in
172 2158 714 2222 Tusculanarum
743 2183 785 2232 1,
822 2158 895 2221 10
938 2158 1201 2242 positus
1246 2157 1331 2221 de
1362 2156 1655 2220 Tantalo
1681 2150 2071 2222 versiculus
2095 2206 2110 2232 ‚
2157 2181 2308 2223 eum

84 2275 304 2320 omnes
336 2265 658 2321 auctores
687 2257 785 2319 ita
813 2256 1137 2340 scriptum
1166 2254 1375 2318 fuisse
1407 2256 1874 2330 consentiunt,
1906 2257 2115 2322 Mento
2143 2281 2306 2322 sum-

83 2375 238 2416 mam
254 2369 498 2442 aquam
529 2358 857 2440 auinqem,
888 2365 1122 2418 enectus
1147 2355 1284 2417 siti.
1328 2375 1548 2450 neque
1580 2354 1774 2419 aliter
1795 2355 2089 2419 Titinius
2121 2356 2306 2440 apud

83 2449 365 2517 Nonium
392 2477 454 2540 p.
476 2455 618 2528 245,
638 2454 713 2518 31
747 2456 938 2518 Terra
958 2454 1108 2518 haec
1131 2465 1245 2534 est,
1275 2477 1397 2519 non
1419 2466 1613 2540 aqua,
1642 2455 1749 2518 ubi
1777 2477 1837 2518 es
1865 2454 2025 2538 (hoc
2048 2453 2307 2534 addidi)

87 2560 145 2612 tu
171 2555 374 2617 solitus
405 2556 758 2642 aryutarier
789 2552 1089 2632 Pedibus,
1136 2563 1361 2617 cretam
1389 2554 1535 2616 dum
1566 2554 1892 2638 comper-cis
1929 2552 2114 2635 (libri
2145 2577 2307 2618 com-

77 2653 298 2736 pesci-5)
316 2700 334 2731 ,
364 2654 711 2715 vestimenta
738 2652 844 2738 qui
873 2652 1033 2732 laves
1063 2650 1254 2735 (libri
1283 2675 1398 2737 que
1430 2650 1657 2735 levas).

246 2750 384 2814 554.
430 2749 549 2815 Ur
605 2771 1021 2813 1Ac'rnru1z
1065 2770 1276 2825 AQUE
1321 2772 1638 2813 FLuc‘ru
1682 2771 2000 2825 QUOQUE
2046 2773 2306 2813 TERRA

93 2865 180 2908 vA
196 2869 229 2909 c
247 2871 268 2910 1
284 2872 322 2910 L
338 2871 435 2912 LA
451 2870 484 2912 s
503 2896 518 2911 .
535 2848 795 2912 Vacillat
815 2855 1161 2912 corrector
1185 2849 1463 2935 oblongi
1487 2855 1554 2912 et
1578 2848 1733 2911 olim
1753 2848 2097 2933 impressi,
2119 2850 2306 2913 vacil-

93 2942 164 3004 let
181 2944 553 3010 Antonius:
584 2968 629 3008 v
643 2967 689 3008 A
705 2968 739 3008 c
760 2968 835 3008 ιι.
851 2969 889 3007 L
903 2967 949 3008 A
966 2969 1012 3008 Ν
1027 2968 1060 3009 s
1093 2953 1444 3010 corrector
1474 2944 1790 3031 quadrati
1821 2953 1890 3009 et
1913 2946 2243 3011 Avantius
2263 2994 2276 3007 .

247 3043 386 3109 555.
418 3044 541 3109 Ur
584 3066 734 3107 VAs
781 3067 1033 3107 INTER
1076 3067 1239 3107 ΝοΝ
1285 3066 1475 3119 Qm‘r
1522 3066 1990 3109 οοΝεΤΑΒΕ.
2037 3046 2113 3108 In
2139 3047 2377 3125 terras

94 3135 414 3206 Marullus
439 3191 454 3217 ‚
504 3143 644 3206 sine
683 3164 885 3206 sensu
911 3192 923 3204 .
957 3142 1417 3207 Wakefieldus
1446 3144 1675 3227 inepte
1704 3145 1861 3220 iuter
1886 3166 1995 3207 nos
2016 3190 2031 3205 .
2073 3165 2308 3208 verum

94 3243 188 3299 est
212 3262 234 3300 1
251 3264 403 3304 ΝΤΕ
422 3264 464 3304 R
510 3264 551 3303 D
568 3263 697 3305 um.
727 3240 921 3305 nimis
950 3242 1250 3304 breviter
1277 3239 1552 3303 Servius
1584 3239 1674 3304 ad
1702 3240 2066 3327 georgicon
2096 3265 2166 3317 11,
2184 3241 2308 3306 479

93 3334 212 3397 Alii
251 3361 481 3424 aquam
523 3341 733 3402 dicunt
764 3339 1087 3423 yenitalem
1126 3338 1235 3401 sub
1278 3339 1460 3401 terris
1491 3340 1717 3402 moveri
1746 3350 1802 3402 et
1825 3342 2010 3404 simul
2035 3364 2137 3405 eas
2167 3364 2307 3405 con-

97 3442 281 3498 cutere
301 3485 318 3515 ,
361 3439 518 3500 sicut
542 3460 649 3500 vas
674 3459 872 3522 aquae
893 3485 910 3515 ,
954 3448 1022 3499 ut
1047 3437 1193 3499 dicit
1220 3436 1550 3500 Lucretius
1572 3486 1585 3500 .
1633 3459 1806 3522 quae
1838 3439 2160 3503 exscribit
2185 3440 2308 3503 Isi-

100 3524 296 3595 dorus
328 3535 660 3619 originum
689 3556 828 3609 xw,
854 3534 881 3596 1
906 3582 919 3595 .

250 3630 388 3696 558.
421 3656 459 3695 Ε
477 3657 516 3696 Τ
561 3656 602 3696 n
616 3656 658 3696 n
677 3656 718 3696 e
732 3656 769 3695 E
785 3656 817 3696 s
842 3681 857 3696 .
903 3632 1343 3697 Correctores
1375 3633 1636 3716 antiqui
1666 3656 1709 3695 u
1729 3655 1771 3694 R
1790 3655 1832 3695 e
1849 3655 1886 3693 E
1903 3656 1942 3694 Τ
1968 3681 1980 3694 .

253 3728 392 3792 563.
424 3722 899 3794 ΙΝΟΙΑΝΑΤΑ
937 3754 1254 3794 ΜῙΝΕΝΤ
1300 3754 1381 3794 ΙΝ
1412 3753 1685 3794 EADEM
1716 3751 2084 3793 ΡΒΟΒῙΤΑ
2114 3752 2307 3794 PAR-

99 3842 502 3904 TEM.A.A.Q
522 3851 595 3905 ‚Q
617 3876 630 3891 .
678 3827 1069 3907 Quadratus
1087 3832 1304 3914 prodit
1318 3841 1567 3915 partem
1595 3852 1843 3915 α9αε9.,
1874 3836 1950 3891 ut
1981 3840 2311 3912 appareat

97 3914 424 3989 librarium
471 3926 585 3990 illa
631 3950 686 3989 a.
673 3949 864 4012 ....α99
912 3948 1047 3990 non
1091 3928 1544 4004 intellexisse,
1590 3948 1762 4012 quae
1790 3927 2209 3991 Veronensis
2242 3938 2311 3992 et

98 4013 391 4088 Venetus
419 4025 517 4088 ita
545 4025 799 4108 scripta
830 4024 1189 4100 exhibent,
1236 4051 1275 4090 a
1306 4052 1346 4091 a
1373 4028 1420 4090 ii
1450 4050 1541 4113 9.
1575 4026 1946 4090 omiserunt
1973 4027 2309 4091 Antonius
2406 4062 2416 4068 ·

98 4121 161 4185 et
184 4115 590 4187 Brixiensis:
635 4144 855 4207 neque
901 4143 1026 4208 ego
1075 4123 1240 4207 quid
1269 4147 1391 4211 per
1423 4145 1503 4189 ea
1534 4124 1943 4211 significetur
1979 4132 2305 4208 exputare

98 4230 365 4291 possum
389 4269 402 4283 .
447 4222 579 4287 hoc
623 4223 761 4287 scio
788 4271 802 4294 ‚
848 4221 1044 4285 finem
1089 4223 1376 4307 paginae
1405 4223 1606 4288 huius
1636 4223 1790 4289 libri
1819 4223 2174 4309 yigesimae
2206 4243 2310 4285 se-

101 4314 353 4381 eundae
381 4321 449 4382 in
481 4321 715 4387 codice
748 4322 1023 4407 antiquo
1056 4342 1191 4384 non
1221 4321 1333 4385 hic
1361 4320 1570 4387 fuisse
1589 4371 1604 4397 ‚
1637 4322 1760 4386 sed
1782 4322 1984 4407 paulo
2010 4329 2165 4385 ante
2195 4323 2312 4387 ubi

104 4416 202 4472 est
227 4418 542 4497 speluncas
568 4422 794 4485 viribus
824 4423 980 4486 altas
1002 4468 1016 4485 .
1063 4441 1282 4504 neque
1325 4442 1488 4485 vero
1521 4469 1535 4494 ‚
1582 4420 1790 4503 siquis
1820 4420 1928 4483 hic
1963 4427 2166 4483 notae
2197 4421 2312 4484 ali-
