2840 5008
1123 423 1127 427 ,
1195 348 1321 417 1111
2135 448 2142 455 ·
2254 347 2385 417 125

119 526 225 589 fiet
251 524 346 589 ita
366 573 381 600 ‚
407 531 570 588 ante
603 522 835 587 oculus
864 522 1062 586 fuerit
1093 521 1207 607 qui
1235 519 1475 584 dexter
1500 570 1515 597 ‚
1537 530 1612 585 ut
1639 521 1814 588 idem

17 658 80 703 ηε»
116 662 286 703 nunc
317 640 410 703 sit
438 639 676 704 laevus
696 685 711 712 ‚
736 646 805 700 et
835 658 870 699 e
899 637 1091 701 laevo
1123 636 1211 699 sit
1240 643 1466 699 mutua
1498 634 1765 700 dexter.

118 754 185 817 fit
213 773 497 839 quoque
531 752 620 815 de
651 752 924 837 speculo
955 752 1022 814 in
1053 750 1394 836 speculum
1423 760 1501 814 ut
1528 749 1836 821 tradatur
1862 751 2079 837 imago
2100 801 2117 826 ‚

124 870 420 954 quinque
453 868 655 931 etiam
685 873 802 929 aut
829 887 951 929 sex
979 872 1056 928 ut
1083 864 1226 928 fieri
1253 864 1603 929 simulacra
1632 865 1914 929 suerint.

121 1005 266 1048 nam
296 1003 480 1067 quae
514 1002 799 1065 cumque
828 989 1013 1044 retro
1047 989 1237 1067 parte
1265 980 1581 1043 interiore
1610 980 1944 1055 latebunt,

121 1097 269 1161 inde
299 1105 535 1161 tamen
552 1146 567 1171 ‚
595 1095 892 1181 quamvis
921 1102 1099 1158 torte
1131 1094 1528 1179 penitusque
1557 1102 1848 1169 remota,

17 1230 88 1276 330
126 1212 342 1277 omnia
370 1232 503 1297 per
530 1211 743 1274 flexos
773 1187 996 1273 aditus
1028 1208 1269 1272 educta
1298 1208 1522 1272 licebit

123 1328 426 1413 pluribus
453 1326 626 1390 haec
658 1324 946 1410 speculis
974 1323 1328 1387 videantur
1354 1325 1425 1387 in
1454 1323 1732 1387 aedibus
1764 1345 1910 1388 esse
1928 1374 1941 1389 .

124 1463 335 1527 usque
367 1440 550 1504 adeo
583 1439 856 1525 speculo
886 1439 954 1501 in
984 1439 1325 1524 speculum
1357 1438 1728 1503 translucet
1755 1440 1974 1527 imago
1992 1489 2009 1516 ,

130 1565 191 1620 et
219 1578 370 1619 cum
402 1555 600 1619 laeva
630 1553 788 1618 data
819 1560 955 1629 est,
977 1553 1054 1617 fit
1077 1574 1305 1617 rusum
1336 1559 1410 1616 ut
1441 1551 1718 1617 dextera
1745 1553 1890 1628 fiat,

127 1670 276 1734 inde
304 1677 503 1734 retro
532 1691 794 1733 rursum
825 1666 1000 1732 redit
1031 1675 1097 1731 et
1126 1668 1539 1732 convertitur
1569 1666 1838 1734 eodem.

21 1798 92 1844 335
132 1786 282 1869 quin
316 1787 522 1850 etiam
554 1805 725 1870 quae
756 1804 1039 1868 cumque
1069 1782 1398 1846 latuscula
1428 1791 1585 1847 sunt
1613 1784 2036 1868 speculorum

132 1898 422 1986 adsimili,
444 1899 674 1963 lateris
702 1898 957 1962 flexura
986 1897 1291 1985 praedita
1317 1899 1560 1974 nostri,

133 2013 418 2079 dextera
446 2036 526 2078 ea
553 2022 834 2102 propter
863 2014 1060 2077 nobis
1089 2007 1438 2076 simulacra
1463 2012 1837 2089 remittunt,

134 2137 242 2193 aut
269 2129 437 2215 quia
466 2127 551 2192 de
582 2129 854 2216 speculo
885 2129 954 2192 in
982 2128 1320 2214 speculum
1350 2126 1754 2192 transfertur
1782 2129 2032 2215 imago,

136 2242 285 2307 inde
317 2243 414 2307 ad
441 2265 569 2307 nos
601 2244 761 2307 elisa
787 2229 892 2308 bis
925 2241 1234 2317 advolat,
1257 2250 1372 2304 aut
1402 2242 1598 2307 etiam
1629 2240 1813 2326 quod

27 2369 98 2417 340
136 2359 376 2423 circum
410 2358 661 2444 agitur,
688 2380 835 2422 cum
864 2357 1047 2422 venit
1065 2356 1315 2443 ‚imago
1346 2362 1711 2441 propterea
1738 2336 1923 2442 quod

137 2472 304 2538 flexa
331 2474 550 2560 figura
580 2472 781 2539 docet
809 2472 1062 2560 speculi
1092 2472 1473 2537 convertier
1502 2472 1592 2536 ad
1621 2494 1775 2537 nos.

137 2588 490 2675 indugredi
518 2610 724 2674 porro
753 2589 1006 2674 pariter
1036 2575 1385 2652 simulacra
1411 2587 1787 2675 pedemque

18 2684 21 2803 l
143 2726 391 2791 ponere
420 2705 769 2768 nobiscum
799 2701 1039 2767 credas
1068 2711 1463 2789 gestumque
1491 2703 1728 2766 imitari

142 2828 499 2906 propterea
529 2819 685 2904 quia
703 2867 717 2894 ,
743 2817 827 2881 de
858 2820 1111 2905 speculi
1142 2840 1276 2905 qua
1302 2826 1495 2904 parte
1523 2816 1835 2890 recedas,

18 2944 102 2991 ³45
140 2935 451 2999 continuo
480 2941 823 3018 nequeunt
848 2934 1027 2997 illinc
1057 2934 1407 2998 simulacra
1434 2932 1709 3009 reverti3

147 3049 360 3112 omnia
389 3047 935 3134 quandoquidem
966 3049 1144 3134 cogit
1172 3057 1411 3112 natura
1438 3049 1674 3113 referri

147 3184 218 3226 ac
243 3163 496 3227 resilire
526 3164 609 3227 ab
639 3164 840 3228 rebus
870 3163 960 3227 ad
989 3185 1243 3249 aequos
1271 3162 1540 3227 reddita
1567 3163 1808 3229 flexus.

38 3288 111 3334 299
226 3277 596 3364 Splendida
622 3300 829 3364 porro
861 3279 1034 3343 oculi
1062 3278 1350 3364 fugitant
1379 3279 1727 3365 vitantque
1757 3281 1959 3344 tueri:

150 3393 245 3456 sol
276 3395 469 3458 etiam
503 3401 734 3457 caecat
758 3442 772 3469 ,
798 3402 1034 3458 contra
1061 3395 1118 3457 si
1146 3393 1426 3458 tendere
1457 3415 1728 3479 pergaS‚

148 3516 502 3594 propterea
531 3509 689 3593 quia
715 3509 818 3572 vis
847 3518 1153 3596 magnast
1180 3510 1390 3595 ipsius
1412 3558 1426 3585 ,
1451 3516 1516 3572 et
1546 3508 1676 3572 alte

151 3628 297 3685 aera
321 3645 447 3710 per
477 3646 716 3709 purum
744 3625 1035 3710 graviter
1064 3625 1416 3689 simulacra
1442 3623 1748 3688 feruntur

152 3744 213 3798 et
238 3735 480 3801 feriunt
509 3738 742 3803 oculos
762 3788 777 3813 ‚
796 3740 1136 3804 turbantia
1164 3740 1685 3823 compo‘situraS.

151 3862 488 3934 praeterea
517 3853 839 3940 splendor
870 3854 984 3938 qui
1015 3876 1296 3940 cumque
1329 3861 1433 3918 est
1462 3875 1615 3916 acer
1645 3854 1869 3918 adurit

40 3974 116 4022 305
155 3986 346 4052 saepe
378 3969 610 4032 oculos
637 3968 790 4034 ideo
823 3968 1009 4054 quod
1041 3970 1290 4033 semina
1321 3968 1627 4057 possidet
1653 3969 1825 4054 ignis

159 4250 248 4298 324
284 4248 400 4303 Fiet
435 4258 494 4303 ut
547 4251 568 4319 ΙΙ
623 4257 721 4304 327
771 4261 861 4304 aut
897 4260 1161 4306 omissum.
1220 4255 1237 4319 ξι
1296 4257 1393 4302 328
1432 4251 1640 4306 latebit.
1699 4252 1717 4323 ΙΙ
1772 4258 1869 4305 334
1906 4254 2169 4306 convertit
2222 4256 2241 4322 ΙΙ
2300 4261 2392 4306 341

162 4326 344 4383 Flexea
381 4332 399 4400 ΙΙ
439 4339 537 4386 304
568 4343 726 4387 ·tace1·
761 4334 962 4387 ardui-it
983 4375 994 4386 .
