2840 5008
496 360 587 427 86
1578 360 1639 428 11

493 533 774 597 verbum
816 530 1314 596 substantivum
1355 531 1572 595 omitti
1615 539 1734 595 aut
1778 533 1846 595 in
1889 532 2062 597 libro
2093 555 2190 607 111,
2209 533 2342 595 431
2378 533 2553 596 haec
2579 555 2713 616 pro-

494 631 643 696 bari
666 678 680 704 ‚
719 631 896 709 Quod
930 653 1120 714 yenus
1140 677 1158 708 ,
1188 630 1253 691 in
1293 632 1518 693 somnis
1559 631 1736 715 sopiti
1777 631 1882 693 ubi
1924 632 2229 694 cernimus·
2277 632 2414 695 alta
2460 630 2717 695 Exalare

495 752 720 814 vapore
750 729 979 792 altaria
1015 776 1027 791 .
1070 734 1302 813 potest
1346 735 1570 791 autem
1598 728 1669 791 in
1696 728 1833 791 hoc
1862 726 2135 792 dicendi
2161 749 2429 813 genere
2457 730 2716 793 verbum

496 826 891 911 praeteriri,
922 827 1040 891 ubi
1080 833 1302 889 mente
1347 825 1707 910 suppletur
1737 847 1823 889 ex
1852 826 2328 909 superioribus
2366 874 2385 889 .
2426 826 2527 890 sic
2553 827 2618 890 in
2644 849 2717 898 v1‚

502 924 663 989 1058
692 927 968 990 Pondere
997 926 1156 989 enim
1167 924 1376 1012 fretae
1388 926 1631 1010 partim
1657 936 1817 988 stant
1841 950 1866 1006 ‚-
1893 925 2056 1010 quod
2074 947 2270 1009 ymas
2302 948 2539 988 aurwm
2568 925 2720 1007 (stat

496 1022 743 1087 fretum
789 1023 1131 1107 pondere)
1165 1047 1180 1088 ε
1228 1023 1357 1086 nisi
1398 1032 1622 1086 tamen
1668 1023 1943 1107 scripsit
1985 1024 2148 1108 quod
2181 1047 2390 1109 yenus
2433 1033 2719 1086 aurumst.
2781 1093 2784 1098 A

497 1122 566 1185 in
607 1123 965 1187 rhetoricis
1008 1121 1095 1186 ad
1125 1120 1542 1185 Herennium
1582 1121 1753 1186 libro
1802 1122 1944 1196 1,19
1987 1121 2153 1205 Leqe
2189 1123 2294 1184 ize-s·
2340 1132 2434 1184 est
2474 1122 2546 1184 id
2584 1122 2721 1206 quod

485 1213 713 1306 populi
730 1223 899 1284 iussu
919 1222 1217 1284 sancitum
1240 1231 1360 1302 est5
1389 1221 1554 1306 quod
1579 1243 1770 1304 genus
1808 1220 1937 1302 (ius
1960 1220 2089 1304 est)
2124 1230 2193 1282 ut
2218 1222 2296 1282 in
2331 1220 2437 1284 ius
2468 1243 2571 1282 eas
2604 1241 2719 1283 cum

496 1321 724 1384 voceris
741 1369 754 1383 .
782 1320 1016 1384 Cicero
1051 1318 1137 1382 de
1166 1318 1558 1382 inventione
1585 1319 1654 1381 in
1686 1341 1727 1391 1,
1748 1317 1828 1380 25
1863 1318 1978 1382 Sin
2004 1341 2101 1381 res
2127 1318 2306 1381 dabit
2324 1366 2344 1397 ,
2377 1341 2506 1381 non
2533 1316 2720 1379 inutile

499 1428 584 1481 est
610 1419 686 1480 ab
717 1420 929 1504 aliqua
957 1442 1026 1482 re
1053 1440 1211 1481 nova
1241 1427 1348 1479 aut
1371 1417 1643 1479 ridicula
1669 1417 1937 1501 incipere
1957 1464 1975 1494 ‚
2007 1427 2112 1479 aut
2150 1439 2225 1479 ex
2270 1427 2547 1500 tempore
2583 1435 2717 1500 quae

497 1526 646 1581 nata
673 1518 750 1579 sit
760 1542 786 1598 ‚·
807 1517 972 1602 quod
985 1538 1175 1600 yemas*
1198 1514 1397 1599 (utile'
1411 1522 1516 1578 est
1536 1515 1836 1599 incipere
1859 1515 1923 1598 a)
1953 1515 2201 1600 strepitu
2217 1563 2236 1594 ,
2256 1514 2715 1578 acclamatione.

496 1613 659 1677 item
698 1615 768 1676 in
811 1611 1019 1688 11,162
1067 1613 1506 1677 Consuetudine
1542 1615 1639 1676 ius
1681 1624 1767 1676 est
1808 1613 1973 1699 quod
1995 1651 2065 1661 -
2092 1613 2159 1674 in
2197 1635 2443 1676 morem
2485 1619 2716 1673 vetustas

497 1712 661 1796 vulyi
689 1713 1122 1797 approbatione
1137 1712 1439 1796 perduxit
1465 1737 1489 1794 ,·
1526 1714 1692 1798 quod
1711 1735 1903 1797 ¹oenus
1941 1711 1966 1794 (
1979 1711 2048 1774 in
2081 1731 2347 1773 morem
2375 1706 2715 1793 perduxit)

487 1820 742 1893 pactum
770 1858 784 1884 ‚
799 1833 928 1895 par
954 1859 973 1890 ,
1003 1811 1338 1874 iudicatum
1357 1861 1370 1873 .
1393 1811 1627 1896 itaque
1661 1817 1946 1896 apparet
1967 1808 2261 1873 Nonium
2284 1830 2354 1892 p.
2374 1806 2478 1881 21,
2502 1806 2575 1870 15
2601 1804 2713 1867 hos

499 1906 737 1974 Lucilii
756 1931 996 1973 versus
1016 1958 1031 1987 ‚
1064 1931 1238 1993 quos
1257 1910 1356 1973 ita
1379 1911 1674 1995 scriptos
1696 1909 1960 1973 rettulit
1977 1957 1993 1982 ‚
2023 1908 2292 1972 Crebrae
2314 1918 2389 1970 ut
2407 1904 2711 1978 scintillae,

499 2006 566 2068 in
591 2009 888 2071 stricturis
917 2010 1081 2095 quod
1100 2033 1289 2094 yenus
1314 2011 1455 2074 olim
1489 2008 1769 2072 Ferventi
1781 2007 1963 2095 ferro
1991 2055 2007 2084 ,
2041 2026 2181 2069 non
2207 2025 2436 2089 usque
2467 2001 2556 2065 ad
2582 2019 2711 2063 sen-

501 2105 752 2170 tentiae
779 2106 978 2171 finem
1015 2106 1413 2193 perduxisse
1443 2130 1459 2182 3
1502 2105 1688 2191 quod
1727 2106 1875 2190 ipse
1918 2104 2145 2189 aliquo
2186 2103 2402 2168 modo
2444 2099 2709 2167 indicat,

503 2222 653 2264 cum
684 2204 847 2269 dicit
873 2207 1163 2269 scintillas
1191 2229 1348 2292 quae
1376 2206 1451 2268 de
1462 2204 1647 2292 ferro
1672 2204 1945 2292 ferventi
1982 2214 2124 2266 eunt
2156 2252 2169 2265 .
2214 2203 2289 2265 in
2318 2197 2707 2265 Lucretiano

502 2306 726 2364 autem
766 2302 879 2365 illo
924 2303 1110 2386 quod
1149 2304 1349 2367 estin
1378 2303 1553 2369 libro
1587 2327 1675 2378 ιν,
1693 2303 1810 2366 271
1850 2351 1865 2378 ‚
1917 2302 2097 2381 Quod
2128 2324 2327 2386 qenus
2364 2300 2481 2363 illa
2517 2346 2532 2372 ,
2556 2292 2709 2381 foris

503 2421 660 2487 quae
700 2422 835 2462 vere
874 2403 1351 2485 transpiciuntur
1372 2449 1386 2475 ‚
1422 2402 1883 2486 experimento
1928 2400 2112 2463 facto
2148 2400 2218 2462 in
2263 2392 2705 2483 superioribus

500 2495 669 2561 nihil
698 2495 885 2582 quod
903 2496 1062 2561 illuc
1085 2500 1303 2583 repeti
1326 2499 1574 2566 debeat
1596 2499 1973 2584 reperietur
1991 2546 2005 2560 .
2032 2495 2220 2582 quod
2247 2498 2477 2582 ipsum
2506 2491 2587 2556 de
2612 2486 2703 2552 his

506 2593 639 2658 dici
685 2595 892 2661 debet
921 2643 936 2669 ‚
977 2616 1151 2679 quae
1192 2597 1508 2684 leguntur
1535 2598 1605 2662 in
1638 2596 1984 2661 Ciceronis
2017 2595 2102 2659 de
2131 2595 2523 2659 inventione
2548 2589 2700 2652 libro

506 2714 575 2765 ΙΙ,
600 2691 714 2754 172
739 2740 754 2767 ,
785 2694 950 2778 quod
969 2715 1158 2777 ymas
1198 2706 1263 2757 ut
1288 2690 1575 2761 ‘homines
1616 2696 1898 2759 mortales
1925 2717 2161 2758 necesse
2190 2706 2280 2758 est
2304 2687 2565 2758 interire’
2590 2686 2701 2748 sine

504 2788 887 2852 adiunctione
911 2814 935 2870 ,-
975 2809 1148 2873 quae
1188 2789 1349 2853 fient
1386 2794 1690 2879 integra,
1721 2793 1779 2856 si
1814 2792 2185 2856 scribemus
2215 2803 2309 2855 est
2331 2780 2459 2874 pro
2497 2797 2592 2849 at.
2615 2782 2699 2845 ita

503 2883 684 2949 idem
724 2886 795 2948 in
839 2885 1078 2949 eodem
1110 2885 1282 2951 libro
1318 2889 1431 2950 157
1463 2893 1627 2975 quod
1645 2907 1837 2976 genus
1863 2892 2052 2954 virtus
2078 2892 2334 2954 seientia
2360 2888 2573 2953 veritas
2599 2889 2695 2954 est,

502 2983 663 3046 item
688 2985 851 3069 quod
861 3006 1051 3067 yenus
1060 2984 1330 3067 pecunia
1350 2996 1437 3046 est
1448 3033 1465 3062 ‚
1495 2988 1609 3050 165
1642 2989 1807 3074 quod
1829 3012 2019 3073 germ-s·
2028 2989 2330 3077 fidentiae
2353 2981 2695 3052 cmm-arium

507 3095 591 3146 est
615 3083 987 3173 diffidentia.

677 3181 811 3244 197.
845 3202 1012 3243 NAM
1043 3200 1198 3256 Quo
1229 3195 1482 3241 MAGIS
1512 3201 1861 3248 Unsnvms
1890 3206 2099 3247 AL'ru
2126 3183 2551 3247 DEREcrA.
2574 3170 2687 3235 Ob-

504 3279 691 3365 longi
734 3284 1081 3341 corrector
1124 3276 1407 3341 mirabili
1453 3277 1731 3340 consilio
1774 3281 1937 3345 fecit
1977 3283 2254 3366 uryimus'
2279 3328 2293 3342 .
2333 3280 2508 3344 idem
2547 3271 2689 3333 liber

507 3377 764 3441 Direcca
794 3425 807 3439 .
836 3376 1171 3440 Antonius
1191 3375 1390 3439 Marii
1426 3377 1543 3439 alte
1558 3401 1581 3456 ,-
1605 3375 1721 3459 qui
1754 3377 1985 3442 debuit
2015 3379 2312 3444 scribere
2343 3394 2534 3441 ALTE
2554 3368 2683 3434 DE·

508 3496 584 3542 ΙΕ
603 3496 638 3537 c
654 3496 741 3537 TA
766 3520 782 3548 ‚
813 3472 949 3538 hoc
981 3480 1085 3537 est
1104 3495 1189 3537 ex
1207 3473 1342 3536 alto
1361 3474 1433 3535 in
1451 3493 1696 3556 aquam
1717 3472 2007 3536 deiecta.
2032 3484 2173 3539 tum
2197 3485 2494 3541 extremo
2512 3480 2684 3532 versu

508 3573 840 3658 oblongus
855 3574 1193 3657 pressimus
1220 3564 1357 3635 'ala—c
1378 3594 1559 3655 aeyre
1573 3619 1592 3651 ,
1617 3570 1991 3655 quadratus
2008 3575 2344 3655 pressi-mue
2371 3590 2564 3657 ayere.

677 3670 811 3734 199.
845 3692 1156 3736 sunsum
1186 3690 1573 3733 Rssmovssr
1605 3690 1856 3731 MAe1s
1881 3717 1895 3730 .
1917 3667 2295 3753 Naugerius
2324 3677 2681 3733 Rssvom‘r.

672 3767 813 3832 200.
858 3789 1438 3843 EXILLANTQUE
1478 3814 1492 3828 .
1537 3765 1900 3829 Corrector
1954 3764 2228 3850 oblongi
2276 3773 2680 3830 EXILIANT·

509 3887 548 3938 Q
564 3886 606 3926 u
618 3887 656 3926 E
676 3911 690 3925 .
2195 3921 2204 3929 .

673 3959 813 4023 203.
847 3960 985 4024 S1c
1031 3983 1148 4023 1e1
1170 3984 1324 4025 run
1371 3982 1689 4035 QUOQUE
1730 3981 2044 4022 DEBENT
2081 3982 2404 4025 FLAMME
2434 3965 2679 4053 POSSE.-

506 4056 837 4124 Marullus
870 4058 976 4121 Sic
1002 4059 1187 4142 ἐρέτην
1218 4060 1429 4123 debent
1450 4058 1755 4148 flammae
1784 4079 1938 4134 Quo
1956 4079 2102 4132 Qun
2139 4107 2151 4120 .
2197 4058 2370 4125 libro
2399 4080 2439 4131 1,
2457 4049 2567 4118 ‘290
2593 4042 2682 4107 ΒΜ

506 4158 692 4241 iyitur
721 4157 931 4221 debent
956 4159 1113 4220 venti
1141 4180 1378 4243 quoque
1387 4156 1663 4246 flamina
1675 4156 1847 4244 ferri
1865 4206 1877 4218 .

675 4254 814 4319 205.
847 4255 1273 4328 PoNnERA‚
1298 4276 1680 4328 QUANTUM
1710 4277 1985 4329 1ΝΕΒΤ,
2009 4277 2378 4318 nx-:onsum
2406 4254 2679 4314 DUCEBE

506 4376 543 4414 1¹
559 4376 600 4415 u
619 4376 657 4416 G
674 4377 717 4416 N
734 4377 772 4415 E
790 4378 830 4416 N
848 4378 887 4416 r
910 4402 921 4415 .
958 4350 1294 4416 Antonius
1311 4350 1512 4414 Marii
1542 4358 1609 4415 et
1626 4351 1995 4417 Brixiensis
2025 4351 2227 4416 editio
2256 4360 2530 4438 quantum
2551 4339 2607 4400 in
2628 4351 2678 4392 se
