2840 5008
1148 390 1246 456 VI
2166 390 2301 458 387

107 568 308 650 quitur
332 614 344 639 ,
386 568 673 652 Tempore
720 587 798 629 eo
845 589 962 652 quo
1006 566 1187 627 etesia
1211 563 1428 652 flabra
1472 564 1824 648 aquilonum
1857 564 2093 627 Nubila
2138 569 2301 630 com·-

105 666 249 727 ciunt
273 666 337 727 in
366 688 468 727 eas
497 673 657 728 tunc
688 666 892 727 omnia
910 664 1115 747 partis
1134 707 1150 724 .
1183 683 1222 736 Q
1239 684 1281 724 U
1296 683 1335 724 0
1352 683 1393 722 D
1427 662 1607 723 etesia
1637 660 1965 726 Marullus
1986 712 1998 724 .

249 762 382 824 736.
408 786 491 824 IN
524 755 839 825 campos
870 781 1130 822 Annos
1160 758 1586 821 DEOEDERE
1620 760 2303 826 N1Nsnns.Servius

103 858 178 922 ad
206 858 537 923 Aeneidos
568 882 656 933 ιν,
679 858 801 921 250
848 880 892 920 A
909 880 946 919 L
964 880 1003 918 B
1022 879 1061 918 A
1079 878 1110 918 s
1153 856 1459 943 effundere
1487 858 1739 941 ninyues
1764 905 1777 919 .
1822 866 2005 921 recte
2036 858 2301 924 Lambi-

102 977 211 1018 nus
240 943 808 1020 nnscENDERE.
1545 1016 1548 1017 ⁷

246 1056 848 1120 740.Pmnc11›10
883 1076 1092 1130 QUOD
1126 1044 1450 1116 AVERNA
1480 1076 1924 1118 vocanrun
1955 1076 2300 1132 1101111111,

103 1175 171 1214 111
216 1175 306 1214 AB
351 1176 445 1216 RE
483 1154 1039 1218 Iurosmumsr
1061 1203 1074 1217 .
1109 1154 1464 1217 Consentit
1492 1176 1640 1216 cum
1672 1154 1859 1217 libris
1890 1157 2140 1219 nostris
2165 1157 2303 1220 No-

100 1251 232 1313 nius
255 1274 316 1335 p.
342 1252 435 1325 14,
457 1253 498 1315 8
516 1299 531 1325 ,
563 1253 678 1316 ubi
701 1256 896 1316 estid
922 1278 961 1317 a
988 1278 1057 1317 re
1080 1254 1430 1337 Impositum
1457 1264 1568 1316 est.
1603 1251 1724 1315 sed
1746 1253 1910 1316 mire
1938 1254 2302 1319 Gervasius

101 1348 586 1413 Tilleberiensis
616 1350 875 1435 Anglus
904 1352 974 1413 in
1006 1350 1176 1414 Otiis
1206 1350 1663 1433 imperialibus
1688 1397 1702 1423 ,
1750 1372 1919 1434 quae
1965 1374 2049 1414 cx
2090 1375 2301 1439 regno

99 1448 458 1511 Arelatensi
503 1448 594 1511 ad
639 1448 960 1513 Ottonem
1006 1456 1319 1533 quartum
1361 1450 1740 1534 Augustum
1796 1451 2066 1534 scripsit
2124 1453 2304 1516 circa

99 1565 324 1609 annum
360 1546 515 1610 1211
544 1593 559 1619 ,
601 1547 670 1609 111
700 1546 1015 1611 Leibnitii
1045 1546 1490 1631 scriptoribus
1516 1594 1530 1620 ,
1574 1555 1757 1609 tomo
1791 1570 1811 1608 1
1845 1570 1907 1632 p.
1928 1548 2081 1623 966,
2119 1551 2301 1615 Prin-

98 1644 239 1726 cipio
267 1645 432 1729 quod
456 1645 709 1707 Averna
737 1656 1029 1726 vocantur
1051 1693 1067 1722 ,
1111 1668 1326 1708 nomen
1368 1646 1581 1707 aornis
1613 1644 1962 1729 Impositum
1991 1660 2111 1726 est,
2156 1652 2306 1734 quia

98 1748 210 1802 etc.
238 1743 459 1824 potuit
487 1742 620 1804 hoc
653 1743 736 1805 ab
767 1741 1037 1805 homine
1068 1763 1204 1804 non
1233 1742 1427 1804 nimis
1453 1741 1719 1805 erudito
1744 1741 1970 1827 effingi
1996 1766 2080 1807 ex
2103 1769 2306 1810 versu

95 1836 406 1902 Prisciani
436 1840 505 1902 in
530 1839 812 1924 Vergilii
841 1838 1183 1903 Aeneidos
1214 1840 1456 1902 librum
1487 1862 1575 1913 vx,
1595 1839 1716 1902 242
1746 1841 1935 1904 illato
1960 1890 1975 1916 ,
2019 1844 2189 1907 Unde
2218 1847 2305 1910 lo-

92 1958 214 1997 cum
242 1937 404 2002 Grai
432 1939 725 2001 dixerunt
748 1939 989 2001 nomine
1010 1940 1297 2001 Aornon.
1332 1937 1456 2000 sed
1486 1938 1694 2000 multo
1727 1960 1890 2001 sane
1912 1942 2125 2025 magis
2147 1965 2305 2025 pro-

92 2033 288 2115 prium
317 2035 651 2120 loquendi
680 2056 892 2119 genus
923 2036 990 2097 in
1022 2035 1129 2099 his
1161 2043 1483 2119 apparet,
1527 2059 1743 2099 nomen
1770 2038 1841 2098 id
1866 2038 1941 2099 ab
1969 2062 2038 2101 re
2067 2040 2305 2124 Inposi-

88 2141 290 2211 tumst,
349 2155 531 2218 quae
575 2133 909 2196 Antonius
954 2132 1381 2196 Florentinus
1443 2139 1512 2195 et
1553 2132 1881 2195 Marullus
1933 2133 2269 2200 dederunt
2291 2188 2306 2213 ,

90 2248 271 2311 quam
304 2230 500 2315 quod
530 2229 684 2293 libri
711 2230 969 2293 habent
990 2278 1005 2304 ,
1050 2232 1214 2316 quod
1237 2230 1476 2293 nomine
1504 2234 1752 2293 Averna
1780 2243 2070 2295 vocantur
2086 2282 2106 2324 2
2136 2236 2206 2298 id
2231 2239 2309 2300 ab

84 2349 146 2388 re
170 2328 584 2412 inpositumst.
616 2328 846 2411 itaque
877 2349 1013 2390 non
1046 2328 1282 2391 dubito
1317 2329 1479 2412 quin
1506 2335 1713 2411 poe‘ta
1742 2330 2090 2413 scripserit
2121 2334 2305 2396 Priu-

85 2425 230 2510 eipio
246 2474 262 2503 ,
297 2448 396 2502 QU
415 2448 465 2488 o
498 2427 746 2488 Averna
775 2437 1065 2516 vocantur
1092 2428 1330 2489 nomine
1347 2475 1364 2504 ,
1395 2427 1465 2488 id
1490 2428 1566 2489 ab
1595 2450 1663 2489 re
1692 2426 2082 2513 Inpositumst
2098 2480 2109 2492 .

234 2524 372 2586 743.
398 2523 646 2590 ,Ram
665 2546 746 2586 G1
767 2547 806 2588 0
855 2546 999 2587 OBL
1018 2547 1205 2587 ITAE
1239 2574 1251 2587 .
1296 2524 1617 2587 Absurda
1660 2527 2002 2590 scribendi
2046 2531 2307 2594 ratione

81 2620 542 2685 Wakefieldus
574 2622 948 2706 Remiyiom,
983 2644 1179 2707 quem
1212 2643 1412 2685 caeco
1445 2622 1696 2705 impetu
1726 2624 2053 2711 Forbiger
2084 2630 2304 2712 sequi-

83 2726 216 2794 tur,
260 2729 338 2783 ut
379 2740 592 2782 versu
622 2720 932 2803 proximo
963 2719 1465 2805 typographum
1497 2719 1871 2785 Eichstadii
1896 2770 1910 2795 ,
1955 2725 2069 2787 ubi
2111 2727 2170 2789 is
2212 2726 2306 2790 fe—

79 2826 254 2881 cerat
284 2819 375 2883 Et
398 2820 655 2902 reqione
674 2865 688 2880 .
719 2818 1120 2901 prudentius
1152 2817 1257 2880 his
1281 2818 1611 2881 Marullus
1637 2820 1908 2905 Remiyii
1922 2871 1938 2900 ,
1971 2823 2096 2885 nisi
2123 2825 2307 2909 quod

75 2936 151 2979 ne
172 2917 304 2981 hoc
329 2916 611 3002 quidem
642 2917 1081 3000 itascriptum
1105 2915 1380 2999 probari
1407 2936 1611 2998 posse
1635 2916 1922 2982 vidimus
1946 2920 2032 2982 ad
2066 2921 2307 3011 librmn

76 3037 131 3088 v,
154 3016 310 3079 1006
331 3065 344 3079 .
379 3015 562 3078 dixit
584 3014 940 3077 Lucretius
970 3014 1081 3076 RE
1101 3037 1145 3076 M
1165 3037 1184 3075 1
1203 3036 1244 3076 G
1261 3037 1283 3075 1
1313 3015 1530 3076 oblitae
1547 3064 1562 3091 ,
1593 3023 1668 3076 ut
1690 3014 1949 3078 Ennius
1974 3017 2183 3102 Scipio
2211 3020 2305 3081 in-
2340 3083 2354 3096 δ

73 3114 215 3177 victe
230 3163 248 3193 ,
282 3121 361 3176 ut
383 3111 735 3197 Vergilius
768 3114 1011 3176 Insulae
1041 3113 1214 3176 Ionio
1236 3161 1252 3190 ,
1284 3121 1360 3174 ut
1387 3112 1721 3174 Iuvenalis
1754 3116 1983 3177 Arbori
2010 3116 2275 3180 incertae
2294 3166 2308 3180 .

75 3211 356 3276 alterum
402 3212 609 3274 huius
654 3210 837 3274 modi
883 3211 1065 3294 apud
1111 3211 1497 3274 Lucretium
1555 3210 1929 3294 exemplum
1972 3212 2195 3278 medio
2241 3217 2310 3278 in
2369 3278 2378 3288 ,

75 3330 271 3374 versu
319 3318 469 3383 est,
516 3310 729 3373 etesiae
776 3333 897 3372 esse
925 3308 1155 3381 v1,716
1177 3356 1198 3386 ,
1240 3314 1314 3370 ut
1346 3308 1532 3392 apud
1564 3307 1895 3372 Catullum
1939 3311 2069 3376 Uno
2097 3313 2162 3375 in
2194 3297 2312 3378 lee-

68 3409 186 3471 tulo
217 3408 520 3472 erudituli
550 3407 724 3470 ambo
752 3432 776 3488 ,·
820 3405 942 3469 sed
975 3405 1210 3469 eadem
1242 3406 1638 3470 condicione
1662 3453 1678 3481 ,
1722 3406 1856 3470 hoc
1897 3419 2003 3473 est
2045 3432 2125 3473 eo
2158 3413 2309 3476 loco

69 3506 179 3588 qui
212 3507 570 3570 elisionem
599 3526 738 3567 non
766 3505 1083 3589 recipiat:
1115 3527 1265 3568 nam
1290 3513 1566 3587 praeter
1594 3505 1764 3567 haec
1794 3508 2125 3569 vocabula
2152 3509 2312 3572 Cre-

64 3604 272 3667 ticum
303 3603 558 3689 pedem
590 3602 944 3666 efficientia
987 3612 1248 3667 tantum
1279 3601 1490 3664 modo
1531 3603 1601 3664 in
1638 3602 2123 3686 monosyllabis
2167 3605 2309 3668 hia-

64 3708 205 3766 tum
238 3702 525 3766 admisit
553 3701 622 3764 in
650 3700 875 3764 media
907 3700 1162 3785 dactyli
1185 3698 1487 3783 syllaba,
1527 3697 1785 3761 Ennius
1818 3720 1981 3761 vero
2013 3700 2214 3764 etiam
2243 3703 2311 3766 in

62 3799 419 3886 disyllabo
440 3848 455 3874 ,
482 3801 639 3862 senis
671 3800 841 3863 Enni
868 3799 1138 3881 imayiui'
1151 3797 1469 3882 formam,
1504 3794 1687 3879 quod
1717 3796 1935 3860 minus
1967 3798 2312 3883 eleganter

57 3896 362 3964 dixisset
394 3897 592 3961 Ennii
617 3897 902 3980 imayinis
932 3901 1048 3957 aut
1078 3893 1250 3968 Enni
1278 3895 1344 3956 in
1371 3894 1638 3976 imayine
1679 3893 1883 3978 longa
1908 3896 2130 3959 vocali
2160 3918 2312 3962 cum

52 3996 254 4061 brevi
280 3993 560 4080 syllaba
583 3995 1044 4057 coalescente.
1071 4011 1272 4075 quam
1296 3990 1709 4054 collisionem
1727 3991 2009 4057 Plautus
2037 4009 2310 4080 quoque

46 4093 419 4159 interdum
461 4091 714 4155 hiando
761 4089 1095 4153 declinat.
1140 4090 1208 4152 in
1251 4088 1614 4152 Bacchisin
1660 4113 1701 4164 1,
1721 4090 1777 4165 2,
1798 4091 1879 4155 26
1922 4091 2162 4157 Ibidem
2206 4096 2310 4177 dyo

46 4216 258 4256 meam
288 4213 552 4275 operam
561 4190 812 4276 perdidi
829 4237 846 4268 ,
876 4189 980 4251 ubi
1009 4199 1072 4250 tu
1103 4199 1269 4250 tuam
1290 4237 1302 4249 .
1336 4211 1404 4262 11,
1425 4187 1479 4261 3,
1500 4187 1579 4249 73
1611 4188 1734 4268 Qui
1762 4190 1890 4254 illic
1916 4192 2199 4255 sacerdos
2229 4204 2315 4256 est

44 4291 324 4366 Dia'nae
368 4282 696 4371 'Ephesiae
719 4337 733 4351 .
766 4311 854 4363 1v,
872 4290 928 4362 9,
949 4288 1030 4351 36
1069 4287 1206 4350 Post
1230 4287 1333 4356 ubi
1361 4287 1610 4350 tabellas
1640 4290 1725 4351 ad
1747 4311 1949 4352 senem
1979 4289 2145 4352 tetuli
2164 4337 2182 4368 ,
2228 4291 2314 4353 ibi

47 4390 261 4452 occidi
304 4386 592 4449 Troilum
615 4437 627 4449 .
674 4410 735 4461 v,
755 4386 911 4461 2,12
957 4387 1143 4450 Viden
1186 4386 1412 4453 limulis
1458 4386 1695 4451 obsecro
1737 4399 1803 4450 ut
1843 4387 2198 4450 intuentur?
2243 4389 2312 4451 in

1789 4485 1909 4548 25⁹
