2840 5008
1212 399 1307 466 111
2228 397 2361 465 179

91 572 521 655 Quadratus
553 574 816 636 minanti
857 573 1106 637 omittit
1138 596 1152 635 ε
1200 571 1383 637 idem
1424 573 1495 635 in
1536 592 1739 635 versu
1778 571 1985 639 tertio
2028 571 2332 635 discedere
2350 622 2364 637 .
2402 628 2409 634 .

93 678 471 737 corrector
523 669 809 754 oblongi
852 678 921 733 et
962 670 1115 735 Itali
1158 669 1469 755 Serpentis
1511 670 1713 732 cauda
1743 716 1757 730 .
1795 668 2129 733 Avantius
2173 668 2367 733 dedit

95 771 372 835 caudam
406 795 430 833 .·
477 767 652 832 inde
693 767 855 832 Pius
895 771 1184 832 minantis
1227 768 1539 853 Serpentis
1582 768 1844 832 caudam
1890 816 1904 831 .
1956 768 2091 832 hoc
2135 788 2366 852 quam·

96 886 303 953 quam
335 865 555 931 multi
588 867 970 949 probarunt
998 915 1013 941 ‚
1059 873 1293 951 aperte
1333 864 1578 930 falsum
1608 872 1749 929 est:
1794 887 1949 928 nam
1981 873 2196 929 totam
2224 888 2364 931 ser-

94 973 383 1051 pentem
417 963 725 1039 discidi,
772 986 908 1028 non
953 970 1218 1027 tantum
1249 962 1535 1028 caudam
1568 1010 1585 1039 ‚
1626 984 1661 1026 e
1689 963 2013 1046 proximis
2044 970 2365 1049 apparet,

96 1065 215 1129 ubi
248 1072 365 1128 est
395 1063 631 1148 Ipsam
656 1086 836 1149 seque
864 1073 1026 1126 retro
1042 1074 1294 1147 partem
1309 1073 1521 1147 petere
1549 1084 1653 1125 ore
1669 1062 1947 1145 priorem
1978 1110 1992 1124 .
2032 1070 2217 1126 recte
2245 1061 2365 1147 igi-

98 1170 213 1235 tur
235 1161 602 1227 Marullus
626 1160 900 1247 scripsit
923 1160 970 1225 S
985 1183 1024 1223 Ε
1038 1183 1130 1224 nr
1144 1183 1183 1223 Ε
1199 1183 1243 1222 Ν
1258 1183 1298 1223 Τ
1314 1181 1352 1223 Ε
1367 1183 1415 1222 Μ
1449 1208 1462 1222 .
1505 1167 1649 1223 tum
1668 1158 1848 1223 idem
1869 1160 2080 1245 linqua
2098 1160 2367 1223 vibrante

99 1261 418 1324 minacem
445 1296 530 1307 —
564 1271 620 1323 et
647 1260 880 1323 caudae
896 1281 1161 1343 procero
1192 1281 1447 1343 corpore
1470 1283 1490 1319 :
1531 1258 1735 1341 paulo
1769 1257 2141 1342 elegantius
2179 1305 2196 1334 ‚
2236 1257 2367 1323 nisi

106 1357 296 1441 quod
333 1358 669 1443 Serpentis
697 1356 949 1420 retinet
972 1404 987 1430 ‚
1016 1354 1484 1420 Wakefieldus
1514 1357 1727 1440 linqua
1753 1356 2024 1420 vibrante
2050 1405 2067 1436 ‚
2110 1358 2369 1421 minanti

112 1495 179 1504 —
217 1458 437 1521 cauda
469 1467 535 1520 et
549 1479 813 1540 procero
845 1479 1096 1540 corpore
1145 1503 1159 1518 .
1210 1454 1380 1518 alter
1424 1453 1594 1517 (luas
1639 1455 1974 1537 serpentis
2003 1463 2236 1538 partes
2264 1454 2365 1518 fa-

110 1553 200 1616 cit
228 1601 245 1628 ‚
289 1555 479 1618 alter
512 1565 661 1618 tres
709 1601 722 1617 .
768 1553 977 1617 nihilo
1009 1553 1226 1617 minus
1255 1553 1313 1616 is
1347 1551 1465 1636 qui
1495 1559 1636 1615 tres
1666 1550 1831 1617 facit
1875 1599 1891 1626 ‚
1936 1551 2165 1616 nescio
2199 1574 2365 1636 quo·

110 1651 317 1717 modo
351 1664 695 1739 utrumque
722 1653 1013 1737 serpentis
1040 1700 1059 1730 ,
1101 1651 1174 1714 id
1204 1658 1310 1715 est
1340 1698 1355 1725 ,
1399 1658 1475 1713 ut
1500 1650 1632 1734 ipsi
1661 1648 1934 1713 videtur
1956 1697 1972 1724 ‚
2012 1658 2367 1736 utramque

114 1751 467 1835 serpentis
500 1757 771 1835 partem
803 1749 1048 1815 discidi
1076 1750 1223 1814 vult
1252 1773 1266 1813 ε
1309 1749 1716 1834 prudentius
1745 1750 1802 1812 is
1835 1749 1951 1834 qui
1981 1749 2150 1814 (luas
2180 1798 2196 1826 ‚
2227 1772 2368 1816 ser-

114 1854 395 1929 pentem
424 1849 741 1935 utrimque
779 1847 850 1913 in
892 1848 1138 1911 multas
1177 1854 1408 1931 partes
1457 1846 1733 1911 discidit
1760 1895 1776 1922 ‚
1819 1848 1927 1911 vel
1956 1896 1972 1922 ‚
2021 1871 2219 1934 quem
2248 1848 2368 1914 ad-

115 1944 393 2009 modum
438 1945 599 2029 ipse
642 1967 780 2009 non
824 1953 1010 2009 recte
1054 1945 1328 2029 scripsit
1356 1992 1372 2020 ‚
1423 1945 1709 2009 discindit
1735 1992 1749 2007 .
1802 1946 1927 2009 sed
1970 1968 2191 2032 neque
2234 1947 2370 2012 hoc

119 2046 430 2130 utrimque
464 2043 638 2107 satis
668 2042 994 2128 ponderis
1020 2042 1234 2107 habet
1277 2090 1293 2118 ,
1347 2048 1416 2105 et
1453 2042 1635 2107 iners
1680 2050 1886 2126 atque
1923 2043 2227 2127 ineptum
2269 2045 2370 2109 dj-

124 2141 321 2207 cendi
349 2163 581 2228 genus
609 2141 746 2205 hoc
765 2149 882 2229 ‘est
910 2189 927 2218 ‚
958 2164 1092 2226 quo
1125 2163 1211 2205 ex
1237 2161 1529 2226 procera
1559 2140 1779 2204 cauda
1803 2140 1881 2203 fit
1909 2164 2129 2225 corpus
2145 2166 2369 2227 proce-

123 2263 259 2303 rum
289 2241 543 2304 caudae
573 2288 588 2301 .
636 2248 892 2324 quanto
924 2240 1176 2304 rectius
1206 2246 1354 2303 erat
1380 2237 1549 2302 illud
1579 2239 1812 2302 caudae
1832 2286 1849 2317 ,
1893 2259 1980 2302 ex
2009 2260 2143 2322 quo
2175 2244 2370 2306 caude

125 2335 379 2401 sactum
412 2360 576 2403 esse
607 2345 802 2422 patet
830 2385 846 2411 ‚
890 2337 1201 2401 diiunctis
1230 2336 1475 2400 litteris
1504 2335 1730 2421 legere
1760 2337 1962 2400 cauda
1991 2337 2068 2400 e!
2096 2338 2372 2422 scripsit

127 2442 332 2520 poeta
371 2436 627 2523 linyua
645 2437 915 2501 vibrante
955 2457 1309 2500 M1cAnr1
1349 2434 1701 2520 Serpentem
1749 2457 2016 2498 CAUDA
2044 2458 2082 2497 Ε
2102 2460 2369 2522 procero

126 2556 383 2620 corpore
412 2559 459 2600 U
476 2560 520 2599 'r
536 2560 579 2600 R
596 2559 620 2601 1
637 2559 736 2612 MQ
755 2558 898 2599 UE.
937 2556 1093 2597 nam
1120 2536 1420 2621 utrimque
1448 2533 1721 2597 Marulli
1750 2553 1912 2596 sane
1939 2533 2372 2617 probandum

134 2638 267 2695 est:
298 2634 650 2719 utrimque
681 2654 717 2697 e
746 2653 1036 2717 procero
1070 2652 1405 2716 corpore,
1435 2628 1505 2692 id
1537 2638 1641 2694 est
1672 2652 1758 2695 ex
1784 2613 2082 2743 u‘traque·
2103 2636 2372 2716 proceri

136 2732 445 2815 corporis
476 2740 718 2817 parte,
747 2731 976 2817 lingua
1002 2731 1268 2804 vibrat,
1299 2730 1504 2792 micat
1534 2729 1792 2793 cauda.
1812 2730 2036 2809 mimt,
2064 2730 2368 2816 inquam,

136 2846 269 2889 non
296 2831 617 2893 minatur:
635 2828 770 2892 hoc
795 2828 969 2892 enim
990 2828 1219 2914 lingua
1238 2827 1450 2890 multo
1474 2827 1686 2911 magis
1709 2826 1872 2891 facit
1896 2849 2098 2911 quam
2120 2829 2339 2902 cauda
2355 2879 2370 2907 ‚

137 2925 402 2991 micandi
445 2934 677 2991 autem
705 2928 985 2992 verbum
1024 2927 1294 3012 linguae
1341 2933 1409 2989 et
1454 2925 1711 2989 caudae
1753 2927 2088 3009 serpentis
2117 2929 2374 3012 pariter

140 3026 458 3090 convenit
477 3075 492 3090 .

302 3122 445 3187 662.
476 3124 730 3187 IPSAM
760 3144 1115 3197 sEQUERE
1148 3143 1407 3186 ΕΕΤΕΟ
1441 3169 1455 3184 .
1500 3119 1821 3205 Impressi
1849 3144 2001 3186 cum
2027 3122 2216 3186 Italis
2248 3146 2375 3188 ΒΕ-

146 3239 183 3292 Q
199 3240 239 3280 U
253 3242 291 3281 Ε
320 3234 491 3287 retro
513 3270 527 3284 .
760 3241 765 3244 ⁴

304 3319 448 3396 663.
479 3318 908 3384 Vonnmus
936 3340 1303 3381 ΑΕΒΕΝΤΙ
1328 3365 1344 3393 ,
1373 3339 1471 3380 ur
1502 3338 1767 3384 MoRsu
1797 3302 2115 3381 Pal-:mir
2140 3366 2155 3391 ,
2188 3343 2373 3384 1crA

147 3433 296 3477 noL
315 3439 470 3481 οΕΕ
516 3466 530 3481 .
575 3416 683 3481 Ita
709 3415 880 3479 haec
915 3413 1382 3479 Wakefieldus
1414 3413 1722 3478 distinxit
1761 3461 1777 3489 ‚
1799 3460 1808 3468 -
1832 3436 1956 3501 ego
1987 3436 2207 3500 neque
2240 3418 2376 3482 dis-

149 3509 355 3578 tincta
381 3537 608 3602 neque
634 3513 1030 3579 indistincta
1056 3512 1376 3598 intellego
1406 3534 1423 3574 =
1469 3533 1722 3596 quaero
1755 3514 1929 3576 enim
1958 3561 1974 3588 ‚
2015 3513 2181 3596 quid
2208 3515 2379 3581 illud

154 3607 236 3670 sit
265 3611 451 3694 quod
471 3624 797 3697 prematur
828 3659 841 3673 .
874 3609 1307 3676 scribendum
1335 3618 1442 3674 est
1471 3632 1629 3674 DOL
1649 3632 1862 3674 OREM
1904 3658 1920 3685 ,
1958 3610 2056 3673 ita
2097 3658 2113 3685 ‚
2151 3623 2220 3675 ut
2243 3615 2374 3677 vul-

154 3708 308 3770 neris
334 3711 608 3775 dolorem
623 3721 874 3794 premat
898 3710 1136 3774 ardenti
1163 3732 1369 3773 morsu
1388 3758 1402 3772 .

312 3807 452 3873 665.
484 3808 998 3873 PAR'rmums
1028 3829 1339 3871 AMMAs
1370 3811 1676 3874 Animas
1717 3853 1731 3868 .
1781 3803 2134 3893 Oblongus
2162 3808 2380 3892 prima
2441 3845 2452 3852 ·

159 3919 350 3969 manu
378 3908 729 3972 Particulas
773 3953 789 3969 .
836 3905 1137 3970 eiusdem
1179 3913 1529 3970 corrector
1556 3925 1795 3969 vocem
1820 3903 1992 3968 male
2022 3907 2380 3990 repetitam

165 3994 405 4069 delevit
422 4054 436 4068 .
540 4030 560 4048 ·

318 4102 456 4167 674.
497 4124 762 4166 ‘rAnro
798 4125 1050 4167 οΡΕΕΕ
1080 4123 1431 4166 Annusr
1465 4151 1478 4165 .
1511 4101 1650 4166 680.
1684 4122 1971 4166 som‘rA
2001 4124 2378 4168 Ammxsr.

166 4189 479 4265 Marullus
507 4212 815 4286 tantopere
844 4224 883 4263 E
902 4222 989 4263 szr
1022 4202 1249 4280 animi,
1280 4208 1347 4263 et
1372 4201 1554 4264 solita
1581 4222 1620 4262 Ε
1635 4222 1668 4263 s
1682 4223 1722 4263 r
1754 4200 1947 4263 animi
1966 4247 1979 4261 .

324 4297 460 4363 676.
482 4322 561 4364 11)
587 4320 685 4362 AB
709 4321 912 4363 ΕΕΤο
944 4320 1093 4362 mu
1116 4320 1474 4363 Lonems
1498 4319 1755 4366 ERRAT
1774 4347 1788 4360 .
1811 4296 2156 4360 Charisius
2179 4319 2241 4381 p.
2263 4297 2381 4361 183

171 4393 235 4449 et
253 4388 507 4459 Nonius
528 4418 594 4481 p.
613 4395 754 4471 515,
781 4396 853 4459 15
878 4420 919 4460 a
938 4397 1051 4460 leto
1073 4398 1200 4459 iam
1222 4396 1477 4480 lonqiter
1496 4443 1509 4457 .
1542 4393 1700 4459 hinc
1733 4394 1993 4477 primus
2015 4393 2381 4458 Lambinus
