<?xml version="1.0" encoding="UTF-8"?>
<!DOCTYPE html PUBLIC "-//W3C//DTD XHTML 1.0 Transitional//EN"
    "http://www.w3.org/TR/xhtml1/DTD/xhtml1-transitional.dtd">
<html xmlns="http://www.w3.org/1999/xhtml" xml:lang="en" lang="en">
 <head>
  <title>
</title>
<meta http-equiv="Content-Type" content="text/html;charset=utf-8" />
  <meta name='ocr-system' content='tesseract 3.04.00' />
  <meta name='ocr-capabilities' content='ocr_page ocr_carea ocr_par ocr_line ocrx_word'/>
</head>
<body>
  <div class='ocr_page' id='page_1' title='image "./tlucreticarider02lachgoog_0664.png"; bbox 0 0 2840 5008; ppageno 0'>
   <div class='ocr_carea' id='block_1_1' title="bbox 503 328 1652 438">
    <p class='ocr_par' dir='ltr' id='par_1_1' title="bbox 503 328 1652 438">
     <span class='ocr_line' id='line_1_1' title="bbox 503 328 1652 438; baseline 0.002 -3"><span class='ocrx_word' id='word_1_1' title='bbox 503 370 641 437; x_wconf 78' lang='lat'>390</span> <span class='ocrx_word' id='word_1_2' title='bbox 916 414 931 423; x_wconf 59' lang='lat'><em>„</em></span> <span class='ocrx_word' id='word_1_3' title='bbox 1429 328 1434 333; x_wconf 39' lang='lat'><em>⁰</em></span> <span class='ocrx_word' id='word_1_4' title='bbox 1523 365 1652 438; x_wconf 57' lang='lat' dir='ltr'>”V1</span> 
     </span>
    </p>
   </div>
   <div class='ocr_carea' id='block_1_2' title="bbox 436 543 2711 1024">
    <p class='ocr_par' dir='ltr' id='par_1_2' title="bbox 436 543 2711 1024">
     <span class='ocr_line' id='line_1_2' title="bbox 499 543 2704 630; baseline 0.001 -23"><span class='ocrx_word' id='word_1_5' title='bbox 499 543 841 630; x_wconf 70' lang='lat' dir='ltr'>arqentost?</span> <span class='ocrx_word' id='word_1_6' title='bbox 884 544 987 605; x_wconf 77' lang='lat' dir='ltr'>abi</span> <span class='ocrx_word' id='word_1_7' title='bbox 1012 546 1127 621; x_wconf 65' lang='grc' dir='ltr'>εἰε,</span> <span class='ocrx_word' id='word_1_8' title='bbox 1158 544 1334 606; x_wconf 81' lang='lat' dir='ltr'>belua</span> <span class='ocrx_word' id='word_1_9' title='bbox 1360 592 1373 605; x_wconf 91' lang='lat'><strong>.</strong></span> <span class='ocrx_word' id='word_1_10' title='bbox 1418 546 1664 628; x_wconf 91' lang='lat' dir='ltr'>quibus</span> <span class='ocrx_word' id='word_1_11' title='bbox 1696 545 2043 630; x_wconf 79' lang='lat' dir='ltr'>gemellum</span> <span class='ocrx_word' id='word_1_12' title='bbox 2077 555 2181 609; x_wconf 90' lang='lat' dir='ltr'>est</span> <span class='ocrx_word' id='word_1_13' title='bbox 2210 547 2278 609; x_wconf 88' lang='lat' dir='ltr'>in</span> <span class='ocrx_word' id='word_1_14' title='bbox 2309 548 2611 610; x_wconf 83' lang='lat' dir='ltr'>Asinaria</span> <span class='ocrx_word' id='word_1_15' title='bbox 2640 572 2704 621; x_wconf 87' lang='lat'>11,</span> 
     </span>
     <span class='ocr_line' id='line_1_3' title="bbox 436 641 2703 731; baseline 0.003 -27"><span class='ocrx_word' id='word_1_16' title='bbox 436 698 445 705; x_wconf 74' lang='grc'><strong>.</strong></span> <span class='ocrx_word' id='word_1_17' title='bbox 500 643 557 713; x_wconf 81' lang='grc'>2,</span> <span class='ocrx_word' id='word_1_18' title='bbox 578 644 651 706; x_wconf 81' lang='lat'>31</span> <span class='ocrx_word' id='word_1_19' title='bbox 688 641 871 706; x_wconf 80' lang='lat' dir='ltr'>Iubeo</span> <span class='ocrx_word' id='word_1_20' title='bbox 900 653 954 705; x_wconf 82' lang='lat' dir='ltr'>te</span> <span class='ocrx_word' id='word_1_21' title='bbox 980 644 1211 705; x_wconf 80' lang='lat' dir='ltr'>salvere</span> <span class='ocrx_word' id='word_1_22' title='bbox 1238 666 1475 707; x_wconf 67' lang='lat' dir='ltr'>summa</span> <span class='ocrx_word' id='word_1_23' title='bbox 1505 668 1675 723; x_wconf 81' lang='lat' dir='ltr'>voce,</span> <span class='ocrx_word' id='word_1_24' title='bbox 1723 646 1929 730; x_wconf 68' lang='lat' dir='ltr'>quoad</span> <span class='ocrx_word' id='word_1_25' title='bbox 1964 646 2120 708; x_wconf 78' lang='lat' dir='ltr'>vires</span> <span class='ocrx_word' id='word_1_26' title='bbox 2155 647 2392 709; x_wconf 74' lang='lat' dir='ltr'>valent.</span> <span class='ocrx_word' id='word_1_27' title='bbox 2446 646 2703 731; x_wconf 75' lang='lat' dir='ltr'>Gymna-</span> 
     </span>
     <span class='ocr_line' id='line_1_4' title="bbox 497 742 2705 831; baseline 0.002 -27"><span class='ocrx_word' id='word_1_28' title='bbox 497 742 897 831; x_wconf 72' lang='lat' dir='ltr'>simnflayri,</span> <span class='ocrx_word' id='word_1_29' title='bbox 918 742 1175 804; x_wconf 76' lang='lat' dir='ltr'>salveto.</span> <span class='ocrx_word' id='word_1_30' title='bbox 1222 744 1373 827; x_wconf 79' lang='lat' dir='ltr'>quid</span> <span class='ocrx_word' id='word_1_31' title='bbox 1401 746 1564 828; x_wconf 71' lang='lat' dir='ltr'>ayiS,</span> <span class='ocrx_word' id='word_1_32' title='bbox 1595 756 1792 808; x_wconf 52' lang='lat' dir='ltr'>muetos</span> <span class='ocrx_word' id='word_1_33' title='bbox 1821 743 2133 807; x_wconf 71' lang='lat' dir='ltr'>carceris?</span> <span class='ocrx_word' id='word_1_34' title='bbox 2176 745 2409 828; x_wconf 89' lang='lat' dir='ltr'>itaque</span> <span class='ocrx_word' id='word_1_35' title='bbox 2441 745 2601 808; x_wconf 86' lang='lat' dir='ltr'>nihil</span> <span class='ocrx_word' id='word_1_36' title='bbox 2628 747 2705 808; x_wconf 87' lang='lat' dir='ltr'>ab</span> 
     </span>
     <span class='ocr_line' id='line_1_5' title="bbox 501 838 2706 951; baseline 0.002 -49"><span class='ocrx_word' id='word_1_37' title='bbox 501 840 631 902; x_wconf 85' lang='lat' dir='ltr'>hac</span> <span class='ocrx_word' id='word_1_38' title='bbox 652 846 846 924; x_wconf 85' lang='lat' dir='ltr'>parte</span> <span class='ocrx_word' id='word_1_39' title='bbox 870 838 1187 922; x_wconf 76' lang='lat' dir='ltr'>praesidii</span> <span class='ocrx_word' id='word_1_40' title='bbox 1214 849 1316 904; x_wconf 90' lang='lat' dir='ltr'>cst</span> <span class='ocrx_word' id='word_1_41' title='bbox 1335 840 1444 904; x_wconf 88' lang='lat' dir='ltr'>his</span> <span class='ocrx_word' id='word_1_42' title='bbox 1470 842 1713 951; x_wconf 83' lang='lat' dir='ltr'>quibus</span> <span class='ocrx_word' id='word_1_43' title='bbox 1739 841 1910 904; x_wconf 91' lang='lat' dir='ltr'>haec</span> <span class='ocrx_word' id='word_1_44' title='bbox 1942 842 2296 919; x_wconf 85' lang='lat' dir='ltr'><strong>adscribo</strong></span> <span class='ocrx_word' id='word_1_45' title='bbox 2323 844 2441 907; x_wconf 76' lang='lat' dir='ltr'>Est</span> <span class='ocrx_word' id='word_1_46' title='bbox 2468 855 2522 905; x_wconf 77' lang='lat' dir='ltr'>et</span> <span class='ocrx_word' id='word_1_47' title='bbox 2541 844 2706 906; x_wconf 73' lang='lat' dir='ltr'><em>Athe-</em></span> 
     </span>
     <span class='ocr_line' id='line_1_6' title="bbox 501 937 2711 1024; baseline 0 -24"><span class='ocrx_word' id='word_1_48' title='bbox 501 939 673 1001; x_wconf 75' lang='lat' dir='ltr'>uaeis</span> <span class='ocrx_word' id='word_1_49' title='bbox 702 940 767 1001; x_wconf 76' lang='lat' dir='ltr'>iu</span> <span class='ocrx_word' id='word_1_50' title='bbox 794 938 1143 1000; x_wconf 73' lang='lat' dir='ltr'>moenibus:</span> <span class='ocrx_word' id='word_1_51' title='bbox 1173 937 1408 1001; x_wconf 81' lang='lat' dir='ltr'><strong>debuit</strong></span> <span class='ocrx_word' id='word_1_52' title='bbox 1439 939 1612 1001; x_wconf 90' lang='lat' dir='ltr'>enim</span> <span class='ocrx_word' id='word_1_53' title='bbox 1643 941 1825 1001; x_wconf 79' lang='lat' dir='ltr'>etiam</span> <span class='ocrx_word' id='word_1_54' title='bbox 1856 961 2040 1014; x_wconf 88' lang='lat' dir='ltr'>esse,</span> <span class='ocrx_word' id='word_1_55' title='bbox 2072 945 2147 1001; x_wconf 86' lang='lat' dir='ltr'>ut</span> <span class='ocrx_word' id='word_1_56' title='bbox 2176 939 2384 1023; x_wconf 86' lang='lat' dir='ltr'>paulo</span> <span class='ocrx_word' id='word_1_57' title='bbox 2419 948 2578 1024; x_wconf 89' lang='lat' dir='ltr'>post</span> <span class='ocrx_word' id='word_1_58' title='bbox 2601 939 2711 1001; x_wconf 80' lang='lat'>786</span> 
     </span>
    </p>
   </div>
   <div class='ocr_carea' id='block_1_3' title="bbox 508 1036 2710 1122">
    <p class='ocr_par' dir='ltr' id='par_1_3' title="bbox 508 1036 2710 1122">
     <span class='ocr_line' id='line_1_7' title="bbox 508 1036 2710 1122; baseline 0 -22"><span class='ocrx_word' id='word_1_59' title='bbox 508 1037 620 1101; x_wconf 79' lang='lat' dir='ltr'>Est</span> <span class='ocrx_word' id='word_1_60' title='bbox 648 1039 827 1100; x_wconf 79' lang='lat' dir='ltr'>etiam</span> <span class='ocrx_word' id='word_1_61' title='bbox 855 1039 1092 1122; x_wconf 74' lang='lat' dir='ltr'>maynis</span> <span class='ocrx_word' id='word_1_62' title='bbox 1122 1036 1434 1100; x_wconf 76' lang='lat' dir='ltr'>Heliconis</span> <span class='ocrx_word' id='word_1_63' title='bbox 1463 1038 1756 1100; x_wconf 76' lang='lat' dir='ltr'>montibus</span> <span class='ocrx_word' id='word_1_64' title='bbox 1786 1039 2004 1101; x_wconf 79' lang='lat' dir='ltr'>arbos.</span> <span class='ocrx_word' id='word_1_65' title='bbox 2053 1058 2261 1121; x_wconf 91' lang='lat' dir='ltr'>quare</span> <span class='ocrx_word' id='word_1_66' title='bbox 2306 1037 2426 1101; x_wconf 79' lang='lat' dir='ltr'>hio</span> <span class='ocrx_word' id='word_1_67' title='bbox 2461 1058 2710 1122; x_wconf 81' lang='lat' dir='ltr'>quoque</span> 
     </span>
    </p>
   </div>
   <div class='ocr_carea' id='block_1_4' title="bbox 506 1135 2792 1220">
    <p class='ocr_par' dir='ltr' id='par_1_4' title="bbox 506 1135 2792 1220">
     <span class='ocr_line' id='line_1_8' title="bbox 506 1135 2792 1220; baseline 0 -23"><span class='ocrx_word' id='word_1_68' title='bbox 506 1135 816 1199; x_wconf 84' lang='lat' dir='ltr'>librarios</span> <span class='ocrx_word' id='word_1_69' title='bbox 859 1157 1139 1220; x_wconf 86' lang='lat' dir='ltr'>peccare</span> <span class='ocrx_word' id='word_1_70' title='bbox 1181 1136 1405 1199; x_wconf 90' lang='lat' dir='ltr'>iudico</span> <span class='ocrx_word' id='word_1_71' title='bbox 1432 1184 1447 1210; x_wconf 90' lang='lat'><strong>‚</strong></span> <span class='ocrx_word' id='word_1_72' title='bbox 1490 1156 1616 1199; x_wconf 87' lang='lat' dir='ltr'>nec</span> <span class='ocrx_word' id='word_1_73' title='bbox 1662 1135 1901 1199; x_wconf 89' lang='lat' dir='ltr'>dubito</span> <span class='ocrx_word' id='word_1_74' title='bbox 1936 1137 2098 1219; x_wconf 89' lang='lat' dir='ltr'>quin</span> <span class='ocrx_word' id='word_1_75' title='bbox 2125 1135 2490 1199; x_wconf 85' lang='lat' dir='ltr'>Lucretius</span> <span class='ocrx_word' id='word_1_76' title='bbox 2524 1136 2724 1218; x_wconf 47' lang='lat' dir='ltr'>scrip—⁴</span> <span class='ocrx_word' id='word_1_77' title='bbox 2783 1160 2792 1171; x_wconf 92' lang='lat'><strong>·</strong></span> 
     </span>
    </p>
   </div>
   <div class='ocr_carea' id='block_1_5' title="bbox 504 1232 2715 1318">
    <p class='ocr_par' dir='ltr' id='par_1_5' title="bbox 504 1232 2715 1318">
     <span class='ocr_line' id='line_1_9' title="bbox 504 1232 2715 1318; baseline 0 -24"><span class='ocrx_word' id='word_1_78' title='bbox 504 1233 670 1296; x_wconf 88' lang='lat' dir='ltr'>serit</span> <span class='ocrx_word' id='word_1_79' title='bbox 699 1233 814 1297; x_wconf 76' lang='lat' dir='ltr'>Est</span> <span class='ocrx_word' id='word_1_80' title='bbox 854 1256 988 1297; x_wconf 82' lang='lat' dir='ltr'>ur.</span> <span class='ocrx_word' id='word_1_81' title='bbox 1035 1240 1331 1296; x_wconf 89' lang='lat' dir='ltr'>ceterum</span> <span class='ocrx_word' id='word_1_82' title='bbox 1375 1255 1459 1296; x_wconf 84' lang='lat' dir='ltr'>ex</span> <span class='ocrx_word' id='word_1_83' title='bbox 1502 1232 1609 1295; x_wconf 91' lang='lat' dir='ltr'>his</span> <span class='ocrx_word' id='word_1_84' title='bbox 1652 1232 2016 1296; x_wconf 84' lang='lat' dir='ltr'>existimari</span> <span class='ocrx_word' id='word_1_85' title='bbox 2055 1240 2291 1317; x_wconf 89' lang='lat' dir='ltr'>potest</span> <span class='ocrx_word' id='word_1_86' title='bbox 2323 1255 2533 1318; x_wconf 89' lang='lat' dir='ltr'>quam</span> <span class='ocrx_word' id='word_1_87' title='bbox 2559 1232 2715 1296; x_wconf 83' lang='lat' dir='ltr'>falso</span> 
     </span>
    </p>
   </div>
   <div class='ocr_carea' id='block_1_6' title="bbox 503 1330 2800 1429">
    <p class='ocr_par' dir='ltr' id='par_1_6' title="bbox 503 1330 2800 1429">
     <span class='ocr_line' id='line_1_10' title="bbox 503 1330 2800 1429; baseline 0 -37"><span class='ocrx_word' id='word_1_88' title='bbox 503 1330 845 1394; x_wconf 89' lang='lat' dir='ltr'>Bentleius</span> <span class='ocrx_word' id='word_1_89' title='bbox 878 1330 1198 1395; x_wconf 86' lang='lat' dir='ltr'>Terentio</span> <span class='ocrx_word' id='word_1_90' title='bbox 1236 1332 1368 1396; x_wconf 90' lang='lat' dir='ltr'>hoc</span> <span class='ocrx_word' id='word_1_91' title='bbox 1414 1343 1471 1395; x_wconf 76' lang='lat' dir='ltr'>et</span> <span class='ocrx_word' id='word_1_92' title='bbox 1510 1352 1636 1415; x_wconf 92' lang='lat' dir='ltr'>pro</span> <span class='ocrx_word' id='word_1_93' title='bbox 1683 1333 1863 1394; x_wconf 80' lang='lat' dir='ltr'>etiam</span> <span class='ocrx_word' id='word_1_94' title='bbox 1906 1332 2202 1415; x_wconf 88' lang='lat' dir='ltr'>positum</span> <span class='ocrx_word' id='word_1_95' title='bbox 2245 1339 2356 1394; x_wconf 87' lang='lat' dir='ltr'>ter</span> <span class='ocrx_word' id='word_1_96' title='bbox 2407 1341 2718 1415; x_wconf 86' lang='lat' dir='ltr'>quaterve</span> <span class='ocrx_word' id='word_1_97' title='bbox 2799 1386 2800 1429; x_wconf 58' lang='lat'>4</span> 
     </span>
    </p>
   </div>
   <div class='ocr_carea' id='block_1_7' title="bbox 504 1427 2722 2397">
    <p class='ocr_par' dir='ltr' id='par_1_7' title="bbox 506 1427 893 1493">
     <span class='ocr_line' id='line_1_11' title="bbox 506 1427 893 1493; baseline 0.008 -3"><span class='ocrx_word' id='word_1_98' title='bbox 506 1427 893 1493; x_wconf 84' lang='lat' dir='ltr'>adfluxerit.</span> 
     </span>
    </p>

    <p class='ocr_par' dir='ltr' id='par_1_8' title="bbox 506 1527 2721 1710">
     <span class='ocr_line' id='line_1_12' title="bbox 669 1527 2721 1612; baseline 0 -24"><span class='ocrx_word' id='word_1_99' title='bbox 669 1527 808 1590; x_wconf 68' lang='lat'>704.</span> <span class='ocrx_word' id='word_1_100' title='bbox 856 1552 1009 1591; x_wconf 80' lang='lat' dir='ltr'>GLA</span> <span class='ocrx_word' id='word_1_101' title='bbox 1029 1551 1168 1590; x_wconf 75' lang='lat' dir='ltr'>ium</span> <span class='ocrx_word' id='word_1_102' title='bbox 1194 1578 1206 1590; x_wconf 93' lang='lat'>.</span> <span class='ocrx_word' id='word_1_103' title='bbox 1254 1528 1366 1591; x_wconf 88' lang='lat' dir='ltr'>Sic</span> <span class='ocrx_word' id='word_1_104' title='bbox 1397 1527 1775 1612; x_wconf 87' lang='lat' dir='ltr'>quadratus</span> <span class='ocrx_word' id='word_1_105' title='bbox 1800 1576 1813 1589; x_wconf 89' lang='lat'><strong>.</strong></span> <span class='ocrx_word' id='word_1_106' title='bbox 1857 1528 1926 1589; x_wconf 92' lang='lat' dir='ltr'>in</span> <span class='ocrx_word' id='word_1_107' title='bbox 1957 1527 2251 1611; x_wconf 88' lang='lat' dir='ltr'>oblongo</span> <span class='ocrx_word' id='word_1_108' title='bbox 2282 1528 2511 1611; x_wconf 89' lang='lat' dir='ltr'>prima</span> <span class='ocrx_word' id='word_1_109' title='bbox 2536 1549 2721 1590; x_wconf 85' lang='lat' dir='ltr'>manu</span> 
     </span>
     <span class='ocr_line' id='line_1_13' title="bbox 506 1623 2522 1710; baseline 0.001 -24"><span class='ocrx_word' id='word_1_110' title='bbox 506 1624 788 1688; x_wconf 86' lang='lat' dir='ltr'>videbar</span> <span class='ocrx_word' id='word_1_111' title='bbox 817 1624 976 1687; x_wconf 90' lang='lat' dir='ltr'>mihi</span> <span class='ocrx_word' id='word_1_112' title='bbox 1008 1625 1229 1710; x_wconf 83' lang='lat' dir='ltr'>legere</span> <span class='ocrx_word' id='word_1_113' title='bbox 1262 1627 1487 1689; x_wconf 60' lang='lat' dir='ltr'>clai‘ecm</span> <span class='ocrx_word' id='word_1_114' title='bbox 1504 1651 1524 1687; x_wconf 92' lang='lat'>.·</span> <span class='ocrx_word' id='word_1_115' title='bbox 1554 1630 1902 1688; x_wconf 87' lang='lat' dir='ltr'>corrector</span> <span class='ocrx_word' id='word_1_116' title='bbox 1928 1623 2091 1687; x_wconf 86' lang='lat' dir='ltr'>fecit</span> <span class='ocrx_word' id='word_1_117' title='bbox 2127 1623 2247 1686; x_wconf 70' lang='lat' dir='ltr'>GR</span> <span class='ocrx_word' id='word_1_118' title='bbox 2266 1649 2312 1687; x_wconf 82' lang='lat' dir='ltr'>A</span> <span class='ocrx_word' id='word_1_119' title='bbox 2334 1649 2413 1688; x_wconf 79' lang='lat' dir='ltr'>[U</span> <span class='ocrx_word' id='word_1_120' title='bbox 2431 1650 2481 1688; x_wconf 77' lang='grc' dir='ltr'><strong>Μ</strong></span> <span class='ocrx_word' id='word_1_121' title='bbox 2508 1675 2522 1687; x_wconf 91' lang='grc'><strong>.</strong></span> 
     </span>
    </p>

    <p class='ocr_par' dir='ltr' id='par_1_9' title="bbox 504 1722 2722 2397">
     <span class='ocr_line' id='line_1_14' title="bbox 667 1722 2720 1787; baseline -0 -2"><span class='ocrx_word' id='word_1_122' title='bbox 667 1723 804 1785; x_wconf 84' lang='grc'><strong>755.</strong></span> <span class='ocrx_word' id='word_1_123' title='bbox 828 1722 980 1785; x_wconf 71' lang='lat' dir='ltr'>SED</span> <span class='ocrx_word' id='word_1_124' title='bbox 1014 1745 1341 1786; x_wconf 78' lang='lat' dir='ltr'>NATURA</span> <span class='ocrx_word' id='word_1_125' title='bbox 1374 1746 1560 1786; x_wconf 71' lang='lat' dir='ltr'>nom</span> <span class='ocrx_word' id='word_1_126' title='bbox 1593 1746 1788 1787; x_wconf 75' lang='lat' dir='ltr'>opus</span> <span class='ocrx_word' id='word_1_127' title='bbox 1816 1745 2143 1786; x_wconf 62' lang='lat' dir='ltr'>firmem</span> <span class='ocrx_word' id='word_1_128' title='bbox 2175 1746 2361 1786; x_wconf 79' lang='lat' dir='ltr'>IPSA</span> <span class='ocrx_word' id='word_1_129' title='bbox 2390 1747 2720 1787; x_wconf 78' lang='lat' dir='ltr'>SUAPTE.</span> 
     </span>
     <span class='ocr_line' id='line_1_15' title="bbox 508 1821 2717 1905; baseline 0 -22"><span class='ocrx_word' id='word_1_130' title='bbox 508 1821 634 1883; x_wconf 87' lang='lat' dir='ltr'>Hic</span> <span class='ocrx_word' id='word_1_131' title='bbox 675 1822 893 1905; x_wconf 87' lang='lat' dir='ltr'>prima</span> <span class='ocrx_word' id='word_1_132' title='bbox 938 1821 1215 1884; x_wconf 87' lang='lat' dir='ltr'>offensio</span> <span class='ocrx_word' id='word_1_133' title='bbox 1261 1823 1327 1885; x_wconf 87' lang='lat' dir='ltr'>in</span> <span class='ocrx_word' id='word_1_134' title='bbox 1373 1822 1565 1886; x_wconf 86' lang='lat' dir='ltr'>hiatu</span> <span class='ocrx_word' id='word_1_135' title='bbox 1611 1831 1715 1885; x_wconf 85' lang='lat' dir='ltr'>est</span> <span class='ocrx_word' id='word_1_136' title='bbox 1736 1869 1751 1895; x_wconf 89' lang='lat'>‚</span> <span class='ocrx_word' id='word_1_137' title='bbox 1808 1823 1914 1884; x_wconf 90' lang='lat' dir='ltr'>cui</span> <span class='ocrx_word' id='word_1_138' title='bbox 1956 1822 2207 1884; x_wconf 89' lang='lat' dir='ltr'>nullum</span> <span class='ocrx_word' id='word_1_139' title='bbox 2253 1822 2543 1884; x_wconf 91' lang='lat' dir='ltr'>similem</span> <span class='ocrx_word' id='word_1_140' title='bbox 2588 1843 2717 1884; x_wconf 87' lang='lat' dir='ltr'>esse</span> 
     </span>
     <span class='ocr_line' id='line_1_16' title="bbox 506 1919 2717 2003; baseline 0 -21"><span class='ocrx_word' id='word_1_141' title='bbox 506 1919 706 2003; x_wconf 85' lang='lat' dir='ltr'>paulo</span> <span class='ocrx_word' id='word_1_142' title='bbox 739 1929 894 1983; x_wconf 87' lang='lat' dir='ltr'>ante</span> <span class='ocrx_word' id='word_1_143' title='bbox 916 1919 1011 1985; x_wconf 65' lang='lat' dir='ltr'>⁴ad</span> <span class='ocrx_word' id='word_1_144' title='bbox 1044 1934 1310 1984; x_wconf 83' lang='lat' dir='ltr'>versum</span> <span class='ocrx_word' id='word_1_145' title='bbox 1340 1922 1462 1983; x_wconf 80' lang='lat'>743</span> <span class='ocrx_word' id='word_1_146' title='bbox 1496 1921 1667 1984; x_wconf 83' lang='lat' dir='ltr'>dixi.</span> <span class='ocrx_word' id='word_1_147' title='bbox 1710 1921 2038 1984; x_wconf 89' lang='lat' dir='ltr'>Avantius</span> <span class='ocrx_word' id='word_1_148' title='bbox 2069 1920 2304 1983; x_wconf 85' lang='lat' dir='ltr'>vitium</span> <span class='ocrx_word' id='word_1_149' title='bbox 2337 1921 2510 1983; x_wconf 85' lang='lat' dir='ltr'>vitio</span> <span class='ocrx_word' id='word_1_150' title='bbox 2544 1920 2717 1983; x_wconf 87' lang='lat' dir='ltr'>rede-</span> 
     </span>
     <span class='ocr_line' id='line_1_17' title="bbox 504 2017 2718 2105; baseline 0 -25"><span class='ocrx_word' id='word_1_151' title='bbox 504 2017 624 2080; x_wconf 91' lang='lat' dir='ltr'>mit</span> <span class='ocrx_word' id='word_1_152' title='bbox 651 2066 665 2090; x_wconf 87' lang='lat'>‚</span> <span class='ocrx_word' id='word_1_153' title='bbox 711 2039 859 2081; x_wconf 86' lang='lat' dir='ltr'>cum</span> <span class='ocrx_word' id='word_1_154' title='bbox 903 2019 1175 2105; x_wconf 84' lang='lat' dir='ltr'>scripsit</span> <span class='ocrx_word' id='word_1_155' title='bbox 1204 2018 1334 2083; x_wconf 76' lang='lat' dir='ltr'>Sed</span> <span class='ocrx_word' id='word_1_156' title='bbox 1371 2030 1597 2082; x_wconf 74' lang='lat' dir='ltr'>natura</span> <span class='ocrx_word' id='word_1_157' title='bbox 1639 2021 1756 2082; x_wconf 80' lang='lat' dir='ltr'>loci</span> <span class='ocrx_word' id='word_1_158' title='bbox 1798 2018 1909 2081; x_wconf 78' lang='lat' dir='ltr'>hoc</span> <span class='ocrx_word' id='word_1_159' title='bbox 1953 2041 2100 2102; x_wconf 76' lang='lat' dir='ltr'>opus</span> <span class='ocrx_word' id='word_1_160' title='bbox 2122 2045 2143 2081; x_wconf 91' lang='lat'>.·</span> <span class='ocrx_word' id='word_1_161' title='bbox 2184 2040 2342 2081; x_wconf 86' lang='lat' dir='ltr'>nam</span> <span class='ocrx_word' id='word_1_162' title='bbox 2373 2019 2718 2081; x_wconf 88' lang='lat' dir='ltr'>Lucretius</span> 
     </span>
     <span class='ocr_line' id='line_1_18' title="bbox 506 2115 2719 2201; baseline 0 -24"><span class='ocrx_word' id='word_1_163' title='bbox 506 2117 838 2179; x_wconf 86' lang='lat' dir='ltr'>vocabula</span> <span class='ocrx_word' id='word_1_164' title='bbox 865 2117 1066 2181; x_wconf 81' lang='lat' dir='ltr'>iambi</span> <span class='ocrx_word' id='word_1_165' title='bbox 1096 2116 1292 2200; x_wconf 88' lang='lat' dir='ltr'>pedis</span> <span class='ocrx_word' id='word_1_166' title='bbox 1323 2138 1638 2179; x_wconf 85' lang='lat' dir='ltr'>mensura</span> <span class='ocrx_word' id='word_1_167' title='bbox 1669 2115 2189 2199; x_wconf 87' lang='lat' dir='ltr'>comprehensa,</span> <span class='ocrx_word' id='word_1_168' title='bbox 2223 2138 2402 2201; x_wconf 86' lang='lat' dir='ltr'>quae</span> <span class='ocrx_word' id='word_1_169' title='bbox 2431 2117 2506 2179; x_wconf 90' lang='lat' dir='ltr'>in</span> <span class='ocrx_word' id='word_1_170' title='bbox 2536 2135 2719 2179; x_wconf 87' lang='lat' dir='ltr'>voca-</span> 
     </span>
     <span class='ocr_line' id='line_1_19' title="bbox 504 2214 2719 2301; baseline -0.002 -23"><span class='ocrx_word' id='word_1_171' title='bbox 504 2216 631 2278; x_wconf 88' lang='lat' dir='ltr'>lem</span> <span class='ocrx_word' id='word_1_172' title='bbox 658 2216 974 2279; x_wconf 88' lang='lat' dir='ltr'>desinunt</span> <span class='ocrx_word' id='word_1_173' title='bbox 989 2265 1006 2295; x_wconf 85' lang='lat'><strong><em>,</em></strong></span> <span class='ocrx_word' id='word_1_174' title='bbox 1029 2237 1166 2278; x_wconf 92' lang='lat' dir='ltr'>non</span> <span class='ocrx_word' id='word_1_175' title='bbox 1190 2215 1464 2301; x_wconf 90' lang='lat' dir='ltr'>copulat</span> <span class='ocrx_word' id='word_1_176' title='bbox 1487 2237 1637 2279; x_wconf 91' lang='lat' dir='ltr'>cum</span> <span class='ocrx_word' id='word_1_177' title='bbox 1659 2216 2040 2299; x_wconf 81' lang='lat' dir='ltr'>insequenti</span> <span class='ocrx_word' id='word_1_178' title='bbox 2056 2215 2276 2278; x_wconf 86' lang='lat' dir='ltr'>vocali</span> <span class='ocrx_word' id='word_1_179' title='bbox 2295 2264 2308 2277; x_wconf 91' lang='lat'><strong>.</strong></span> <span class='ocrx_word' id='word_1_180' title='bbox 2336 2214 2508 2299; x_wconf 87' lang='lat' dir='ltr'>quid</span> <span class='ocrx_word' id='word_1_181' title='bbox 2529 2214 2719 2300; x_wconf 82' lang='lat' dir='ltr'>ergo?</span> 
     </span>
     <span class='ocr_line' id='line_1_20' title="bbox 510 2312 2722 2397; baseline -0 -21"><span class='ocrx_word' id='word_1_182' title='bbox 510 2314 736 2378; x_wconf 79' lang='lat' dir='ltr'>hiatus</span> <span class='ocrx_word' id='word_1_183' title='bbox 761 2312 1022 2377; x_wconf 89' lang='lat' dir='ltr'>facilius</span> <span class='ocrx_word' id='word_1_184' title='bbox 1045 2313 1204 2377; x_wconf 87' lang='lat' dir='ltr'>ferri</span> <span class='ocrx_word' id='word_1_185' title='bbox 1228 2320 1460 2397; x_wconf 86' lang='lat' dir='ltr'>potest</span> <span class='ocrx_word' id='word_1_186' title='bbox 1490 2335 1689 2397; x_wconf 90' lang='lat' dir='ltr'>quam</span> <span class='ocrx_word' id='word_1_187' title='bbox 1721 2313 1907 2376; x_wconf 91' lang='lat' dir='ltr'>elisio</span> <span class='ocrx_word' id='word_1_188' title='bbox 1927 2361 1942 2387; x_wconf 95' lang='lat'>‚</span> <span class='ocrx_word' id='word_1_189' title='bbox 1974 2314 2373 2396; x_wconf 87' lang='lat' dir='ltr'>praesertim</span> <span class='ocrx_word' id='word_1_190' title='bbox 2406 2321 2722 2397; x_wconf 85' lang='lat' dir='ltr'>sequente</span> 
     </span>
    </p>
   </div>
   <div class='ocr_carea' id='block_1_8' title="bbox 506 2410 2800 2599">
    <p class='ocr_par' dir='ltr' id='par_1_10' title="bbox 506 2410 2800 2599">
     <span class='ocr_line' id='line_1_21' title="bbox 506 2410 2786 2497; baseline 0.001 -21"><span class='ocrx_word' id='word_1_191' title='bbox 506 2414 724 2478; x_wconf 88' lang='lat' dir='ltr'>vocali</span> <span class='ocrx_word' id='word_1_192' title='bbox 755 2416 944 2478; x_wconf 81' lang='lat' dir='ltr'>brevi</span> <span class='ocrx_word' id='word_1_193' title='bbox 972 2464 983 2476; x_wconf 90' lang='lat'><strong>.</strong></span> <span class='ocrx_word' id='word_1_194' title='bbox 1030 2422 1101 2476; x_wconf 84' lang='lat' dir='ltr'>at</span> <span class='ocrx_word' id='word_1_195' title='bbox 1128 2434 1504 2497; x_wconf 84' lang='lat' dir='ltr'>pronomen</span> <span class='ocrx_word' id='word_1_196' title='bbox 1534 2412 1839 2497; x_wconf 88' lang='lat' dir='ltr'>postulat</span> <span class='ocrx_word' id='word_1_197' title='bbox 1869 2412 2207 2475; x_wconf 88' lang='lat' dir='ltr'>sententia</span> <span class='ocrx_word' id='word_1_198' title='bbox 2231 2461 2244 2474; x_wconf 89' lang='lat'><strong>.</strong></span> <span class='ocrx_word' id='word_1_199' title='bbox 2289 2412 2388 2474; x_wconf 89' lang='lat' dir='ltr'>ita</span> <span class='ocrx_word' id='word_1_200' title='bbox 2420 2419 2568 2474; x_wconf 88' lang='lat' dir='ltr'>est:</span> <span class='ocrx_word' id='word_1_201' title='bbox 2613 2410 2724 2474; x_wconf 81' lang='lat' dir='ltr'>sed</span> <span class='ocrx_word' id='word_1_202' title='bbox 2783 2474 2786 2479; x_wconf 91' lang='lat'>.</span> 
     </span>
     <span class='ocr_line' id='line_1_22' title="bbox 507 2511 2800 2599; baseline -0.001 -22"><span class='ocrx_word' id='word_1_203' title='bbox 507 2513 821 2599; x_wconf 86' lang='lat' dir='ltr'>repudiat</span> <span class='ocrx_word' id='word_1_204' title='bbox 849 2537 1030 2599; x_wconf 66' lang='lat' dir='ltr'>opuS,</span> <span class='ocrx_word' id='word_1_205' title='bbox 1061 2514 1188 2577; x_wconf 92' lang='lat' dir='ltr'>nisi</span> <span class='ocrx_word' id='word_1_206' title='bbox 1217 2511 1394 2575; x_wconf 83' lang='lat' dir='ltr'>forte</span> <span class='ocrx_word' id='word_1_207' title='bbox 1426 2512 1767 2575; x_wconf 91' lang='lat' dir='ltr'>cornicum</span> <span class='ocrx_word' id='word_1_208' title='bbox 1797 2534 1967 2595; x_wconf 92' lang='lat' dir='ltr'>opus</span> <span class='ocrx_word' id='word_1_209' title='bbox 2000 2511 2297 2575; x_wconf 86' lang='lat' dir='ltr'>dicemus</span> <span class='ocrx_word' id='word_1_210' title='bbox 2324 2531 2478 2582; x_wconf 86' lang='lat' dir='ltr'>esse</span> <span class='ocrx_word' id='word_1_211' title='bbox 2506 2534 2721 2575; x_wconf 89' lang='lat' dir='ltr'>eorum</span> <span class='ocrx_word' id='word_1_212' title='bbox 2799 2541 2800 2548; x_wconf 27' lang='grc' dir='ltr'>ι</span> 
     </span>
    </p>
   </div>
   <div class='ocr_carea' id='block_1_9' title="bbox 418 2608 2723 3287">
    <p class='ocr_par' dir='ltr' id='par_1_11' title="bbox 418 2608 2723 3287">
     <span class='ocr_line' id='line_1_23' title="bbox 504 2608 2721 2703; baseline -0.001 -28"><span class='ocrx_word' id='word_1_213' title='bbox 504 2613 729 2698; x_wconf 86' lang='lat' dir='ltr'>fugam</span> <span class='ocrx_word' id='word_1_214' title='bbox 762 2621 831 2675; x_wconf 92' lang='lat' dir='ltr'>et</span> <span class='ocrx_word' id='word_1_215' title='bbox 862 2613 1227 2675; x_wconf 86' lang='lat' dir='ltr'>discessum</span> <span class='ocrx_word' id='word_1_216' title='bbox 1254 2660 1266 2673; x_wconf 89' lang='lat'><strong>.</strong></span> <span class='ocrx_word' id='word_1_217' title='bbox 1314 2611 1454 2674; x_wconf 84' lang='lat' dir='ltr'>seio</span> <span class='ocrx_word' id='word_1_218' title='bbox 1487 2610 1755 2694; x_wconf 88' lang='lat' dir='ltr'>quidem</span> <span class='ocrx_word' id='word_1_219' title='bbox 1785 2633 1935 2694; x_wconf 80' lang='lat' dir='ltr'>opus</span> <span class='ocrx_word' id='word_1_220' title='bbox 1964 2632 2086 2694; x_wconf 90' lang='lat' dir='ltr'>pro</span> <span class='ocrx_word' id='word_1_221' title='bbox 2121 2608 2363 2673; x_wconf 85' lang='lat' dir='ltr'>effectu</span> <span class='ocrx_word' id='word_1_222' title='bbox 2396 2610 2572 2703; x_wconf 81' lang='lat' dir='ltr'>dici,</span> <span class='ocrx_word' id='word_1_223' title='bbox 2610 2609 2721 2673; x_wconf 89' lang='lat' dir='ltr'>sed</span> 
     </span>
     <span class='ocr_line' id='line_1_24' title="bbox 510 2707 2721 2795; baseline -0.001 -22"><span class='ocrx_word' id='word_1_224' title='bbox 510 2711 595 2773; x_wconf 88' lang='lat' dir='ltr'>de</span> <span class='ocrx_word' id='word_1_225' title='bbox 625 2733 698 2774; x_wconf 89' lang='lat' dir='ltr'>re</span> <span class='ocrx_word' id='word_1_226' title='bbox 731 2732 1021 2795; x_wconf 88' lang='lat' dir='ltr'>operosa</span> <span class='ocrx_word' id='word_1_227' title='bbox 1061 2719 1129 2774; x_wconf 89' lang='lat' dir='ltr'>et</span> <span class='ocrx_word' id='word_1_228' title='bbox 1165 2709 1385 2794; x_wconf 87' lang='lat' dir='ltr'>magni</span> <span class='ocrx_word' id='word_1_229' title='bbox 1428 2708 1778 2771; x_wconf 89' lang='lat' dir='ltr'>moliminis</span> <span class='ocrx_word' id='word_1_230' title='bbox 1802 2755 1817 2781; x_wconf 89' lang='lat'><strong>‚</strong></span> <span class='ocrx_word' id='word_1_231' title='bbox 1863 2716 1939 2770; x_wconf 88' lang='lat' dir='ltr'>ut</span> <span class='ocrx_word' id='word_1_232' title='bbox 1965 2708 2036 2769; x_wconf 90' lang='lat' dir='ltr'>in</span> <span class='ocrx_word' id='word_1_233' title='bbox 2065 2731 2087 2769; x_wconf 91' lang='lat'>1</span> <span class='ocrx_word' id='word_1_234' title='bbox 2119 2707 2420 2771; x_wconf 88' lang='lat' dir='ltr'>Lucretii</span> <span class='ocrx_word' id='word_1_235' title='bbox 2459 2710 2577 2773; x_wconf 85' lang='lat'>153</span> <span class='ocrx_word' id='word_1_236' title='bbox 2589 2710 2721 2795; x_wconf 85' lang='lat' dir='ltr'>for-</span> 
     </span>
     <span class='ocr_line' id='line_1_25' title="bbox 418 2807 2723 2893; baseline -0.001 -22"><span class='ocrx_word' id='word_1_237' title='bbox 418 2819 425 2824; x_wconf 84' lang='grc'><strong>’</strong></span> <span class='ocrx_word' id='word_1_238' title='bbox 505 2811 668 2872; x_wconf 79' lang='lat' dir='ltr'>mido</span> <span class='ocrx_word' id='word_1_239' title='bbox 697 2811 969 2874; x_wconf 77' lang='lat' dir='ltr'>mortalis</span> <span class='ocrx_word' id='word_1_240' title='bbox 998 2811 1254 2873; x_wconf 75' lang='lat' dir='ltr'>continet</span> <span class='ocrx_word' id='word_1_241' title='bbox 1280 2810 1472 2872; x_wconf 75' lang='lat' dir='ltr'>omn-is</span> <span class='ocrx_word' id='word_1_242' title='bbox 1491 2856 1507 2885; x_wconf 85' lang='grc'>,</span> <span class='ocrx_word' id='word_1_243' title='bbox 1560 2807 1740 2886; x_wconf 81' lang='lat' dir='ltr'>Quod</span> <span class='ocrx_word' id='word_1_244' title='bbox 1763 2808 1956 2869; x_wconf 81' lang='lat' dir='ltr'>multa</span> <span class='ocrx_word' id='word_1_245' title='bbox 1982 2808 2047 2868; x_wconf 78' lang='lat' dir='ltr'>in</span> <span class='ocrx_word' id='word_1_246' title='bbox 2077 2808 2253 2869; x_wconf 55' lang='lat' dir='ltr'>termis·</span> <span class='ocrx_word' id='word_1_247' title='bbox 2264 2808 2422 2893; x_wconf 82' lang='lat' dir='ltr'>fieri</span> <span class='ocrx_word' id='word_1_248' title='bbox 2450 2809 2723 2893; x_wconf 77' lang='lat' dir='ltr'>caeloque</span> 
     </span>
     <span class='ocr_line' id='line_1_26' title="bbox 508 2904 2719 2992; baseline -0.001 -22"><span class='ocrx_word' id='word_1_249' title='bbox 508 2918 783 2986; x_wconf 78' lang='lat' dir='ltr'>tuentur,</span> <span class='ocrx_word' id='word_1_250' title='bbox 837 2907 1110 2985; x_wconf 78' lang='lat' dir='ltr'>Quorum</span> <span class='ocrx_word' id='word_1_251' title='bbox 1153 2929 1403 2992; x_wconf 79' lang='lat' dir='ltr'>operum</span> <span class='ocrx_word' id='word_1_252' title='bbox 1448 2929 1664 2968; x_wconf 78' lang='lat' dir='ltr'>causas</span> <span class='ocrx_word' id='word_1_253' title='bbox 1707 2942 1786 2951; x_wconf 84' lang='lat'>-—</span> <span class='ocrx_word' id='word_1_254' title='bbox 1809 2952 1827 2983; x_wconf 88' lang='lat'>‚</span> <span class='ocrx_word' id='word_1_255' title='bbox 1885 2913 1951 2966; x_wconf 87' lang='lat' dir='ltr'>et</span> <span class='ocrx_word' id='word_1_256' title='bbox 1993 2904 2064 2966; x_wconf 89' lang='lat' dir='ltr'>in</span> <span class='ocrx_word' id='word_1_257' title='bbox 2107 2907 2327 2966; x_wconf 86' lang='lat' dir='ltr'>Aetna</span> <span class='ocrx_word' id='word_1_258' title='bbox 2368 2904 2610 2967; x_wconf 83' lang='lat' dir='ltr'>Lucilii</span> <span class='ocrx_word' id='word_1_259' title='bbox 2652 2904 2719 2967; x_wconf 79' lang='lat'>25</span> 
     </span>
     <span class='ocr_line' id='line_1_27' title="bbox 517 3003 2716 3091; baseline -0.002 -22"><span class='ocrx_word' id='word_1_260' title='bbox 517 3007 637 3087; x_wconf 80' lang='lat' dir='ltr'>Qui</span> <span class='ocrx_word' id='word_1_261' title='bbox 666 3018 824 3069; x_wconf 73' lang='lat' dir='ltr'>tamo</span> <span class='ocrx_word' id='word_1_262' title='bbox 852 3017 1044 3069; x_wconf 73' lang='lat' dir='ltr'>motus</span> <span class='ocrx_word' id='word_1_263' title='bbox 1074 3007 1243 3090; x_wconf 73' lang='lat' dir='ltr'>operi</span> <span class='ocrx_word' id='word_1_264' title='bbox 1264 3055 1280 3083; x_wconf 89' lang='lat'><em>‚</em></span> <span class='ocrx_word' id='word_1_265' title='bbox 1325 3029 1486 3091; x_wconf 82' lang='lat' dir='ltr'>quae</span> <span class='ocrx_word' id='word_1_266' title='bbox 1524 3028 1712 3069; x_wconf 71' lang='lat' dir='ltr'>causa</span> <span class='ocrx_word' id='word_1_267' title='bbox 1740 3005 2032 3087; x_wconf 76' lang='lat' dir='ltr'>perennis</span> <span class='ocrx_word' id='word_1_268' title='bbox 2062 3003 2349 3087; x_wconf 71' lang='lat' dir='ltr'>Explicet</span> <span class='ocrx_word' id='word_1_269' title='bbox 2374 3004 2716 3082; x_wconf 63' lang='lat' dir='ltr'>immeomcm</span> 
     </span>
     <span class='ocr_line' id='line_1_28' title="bbox 489 3101 2720 3195; baseline -0.003 -27"><span class='ocrx_word' id='word_1_270' title='bbox 489 3106 785 3195; x_wconf 77' lang='lat' dir='ltr'>flammas</span> <span class='ocrx_word' id='word_1_271' title='bbox 815 3113 884 3167; x_wconf 92' lang='lat' dir='ltr'>et</span> <span class='ocrx_word' id='word_1_272' title='bbox 913 3112 1141 3168; x_wconf 87' lang='lat' dir='ltr'>cetera</span> <span class='ocrx_word' id='word_1_273' title='bbox 1160 3151 1175 3177; x_wconf 86' lang='lat'>‚</span> <span class='ocrx_word' id='word_1_274' title='bbox 1208 3111 1276 3166; x_wconf 89' lang='lat' dir='ltr'>et</span> <span class='ocrx_word' id='word_1_275' title='bbox 1303 3104 1553 3166; x_wconf 88' lang='lat' dir='ltr'>ibidem</span> <span class='ocrx_word' id='word_1_276' title='bbox 1581 3104 1824 3166; x_wconf 91' lang='lat' dir='ltr'>iterum</span> <span class='ocrx_word' id='word_1_277' title='bbox 1862 3101 1975 3164; x_wconf 84' lang='lat'>115</span> <span class='ocrx_word' id='word_1_278' title='bbox 2009 3101 2093 3163; x_wconf 92' lang='lat' dir='ltr'>de</span> <span class='ocrx_word' id='word_1_279' title='bbox 2123 3122 2195 3163; x_wconf 92' lang='lat' dir='ltr'>re</span> <span class='ocrx_word' id='word_1_280' title='bbox 2226 3122 2475 3186; x_wconf 86' lang='lat' dir='ltr'>magna</span> <span class='ocrx_word' id='word_1_281' title='bbox 2502 3126 2624 3165; x_wconf 76' lang='lat' dir='ltr'>non</span> <span class='ocrx_word' id='word_1_282' title='bbox 2651 3111 2720 3164; x_wconf 80' lang='lat' dir='ltr'>est</span> 
     </span>
     <span class='ocr_line' id='line_1_29' title="bbox 509 3200 2718 3287; baseline -0.004 -19"><span class='ocrx_word' id='word_1_283' title='bbox 509 3207 607 3268; x_wconf 72' lang='lat' dir='ltr'>hic</span> <span class='ocrx_word' id='word_1_284' title='bbox 649 3229 835 3267; x_wconf 79' lang='lat' dir='ltr'>causa</span> <span class='ocrx_word' id='word_1_285' title='bbox 877 3206 1150 3267; x_wconf 79' lang='lat' dir='ltr'>docenda</span> <span class='ocrx_word' id='word_1_286' title='bbox 1169 3252 1186 3283; x_wconf 84' lang='lat'><strong><em>,</em></strong></span> <span class='ocrx_word' id='word_1_287' title='bbox 1219 3204 1387 3267; x_wconf 79' lang='lat' dir='ltr'>Dum</span> <span class='ocrx_word' id='word_1_288' title='bbox 1415 3214 1523 3265; x_wconf 74' lang='lat' dir='ltr'>stet</span> <span class='ocrx_word' id='word_1_289' title='bbox 1562 3226 1710 3287; x_wconf 75' lang='lat' dir='ltr'>opus</span> <span class='ocrx_word' id='word_1_290' title='bbox 1752 3224 1972 3263; x_wconf 79' lang='lat' dir='ltr'>causae</span> <span class='ocrx_word' id='word_1_291' title='bbox 1995 3249 2007 3262; x_wconf 88' lang='lat'><strong>.</strong></span> <span class='ocrx_word' id='word_1_292' title='bbox 2054 3220 2251 3284; x_wconf 85' lang='lat' dir='ltr'>quam</span> <span class='ocrx_word' id='word_1_293' title='bbox 2283 3200 2370 3261; x_wconf 89' lang='lat' dir='ltr'>ob</span> <span class='ocrx_word' id='word_1_294' title='bbox 2403 3222 2549 3262; x_wconf 89' lang='lat' dir='ltr'>rem</span> <span class='ocrx_word' id='word_1_295' title='bbox 2577 3200 2718 3262; x_wconf 85' lang='lat' dir='ltr'>huic</span> 
     </span>
    </p>
   </div>
   <div class='ocr_carea' id='block_1_10' title="bbox 509 3297 2759 3384">
    <p class='ocr_par' dir='ltr' id='par_1_12' title="bbox 509 3297 2759 3384">
     <span class='ocr_line' id='line_1_30' title="bbox 509 3297 2759 3384; baseline -0.002 -21"><span class='ocrx_word' id='word_1_296' title='bbox 509 3302 662 3363; x_wconf 94' lang='lat' dir='ltr'>loco</span> <span class='ocrx_word' id='word_1_297' title='bbox 693 3324 777 3363; x_wconf 91' lang='lat' dir='ltr'>ne</span> <span class='ocrx_word' id='word_1_298' title='bbox 808 3302 940 3362; x_wconf 90' lang='lat' dir='ltr'>hoc</span> <span class='ocrx_word' id='word_1_299' title='bbox 973 3301 1240 3383; x_wconf 86' lang='lat' dir='ltr'>quidem</span> <span class='ocrx_word' id='word_1_300' title='bbox 1275 3302 1635 3364; x_wconf 89' lang='lat' dir='ltr'>convenire</span> <span class='ocrx_word' id='word_1_301' title='bbox 1680 3298 2121 3362; x_wconf 91' lang='lat' dir='ltr'>iudicabimus</span> <span class='ocrx_word' id='word_1_302' title='bbox 2148 3346 2161 3372; x_wconf 97' lang='lat'>‚</span> <span class='ocrx_word' id='word_1_303' title='bbox 2186 3297 2337 3365; x_wconf 72' lang='lat' dir='ltr'>,Sed</span> <span class='ocrx_word' id='word_1_304' title='bbox 2374 3308 2607 3361; x_wconf 77' lang='lat' dir='ltr'>natura</span> <span class='ocrx_word' id='word_1_305' title='bbox 2645 3298 2719 3359; x_wconf 81' lang='lat' dir='ltr'>lo·</span> <span class='ocrx_word' id='word_1_306' title='bbox 2753 3377 2759 3384; x_wconf 18' lang='grc' dir='ltr'>ἱ</span> 
     </span>
    </p>
   </div>
   <div class='ocr_carea' id='block_1_11' title="bbox 511 3393 2726 4367">
    <p class='ocr_par' dir='ltr' id='par_1_13' title="bbox 511 3393 2726 4367">
     <span class='ocr_line' id='line_1_31' title="bbox 512 3393 2719 3486; baseline -0.002 -25"><span class='ocrx_word' id='word_1_307' title='bbox 512 3421 731 3484; x_wconf 71' lang='lat' dir='ltr'>casque</span> <span class='ocrx_word' id='word_1_308' title='bbox 759 3421 908 3481; x_wconf 79' lang='lat' dir='ltr'>opus</span> <span class='ocrx_word' id='word_1_309' title='bbox 937 3398 1124 3486; x_wconf 68' lang='lat' dir='ltr'>qfficz‘t</span> <span class='ocrx_word' id='word_1_310' title='bbox 1147 3400 1270 3481; x_wconf 79' lang='lat' dir='ltr'>ipse</span> <span class='ocrx_word' id='word_1_311' title='bbox 1294 3446 1311 3475; x_wconf 85' lang='grc'>,</span> <span class='ocrx_word' id='word_1_312' title='bbox 1356 3397 1479 3460; x_wconf 89' lang='lat' dir='ltr'>sed</span> <span class='ocrx_word' id='word_1_313' title='bbox 1511 3400 1710 3482; x_wconf 78' lang='lat' dir='ltr'>operis</span> <span class='ocrx_word' id='word_1_314' title='bbox 1741 3395 2143 3460; x_wconf 86' lang='lat' dir='ltr'>vocabulum</span> <span class='ocrx_word' id='word_1_315' title='bbox 2173 3404 2331 3459; x_wconf 83' lang='lat' dir='ltr'>ante</span> <span class='ocrx_word' id='word_1_316' title='bbox 2363 3396 2590 3457; x_wconf 89' lang='lat' dir='ltr'>omnia</span> <span class='ocrx_word' id='word_1_317' title='bbox 2618 3393 2719 3457; x_wconf 87' lang='lat' dir='ltr'>de-</span> 
     </span>
     <span class='ocr_line' id='line_1_32' title="bbox 511 3491 2718 3570; baseline -0.004 -11"><span class='ocrx_word' id='word_1_318' title='bbox 511 3497 791 3561; x_wconf 89' lang='lat' dir='ltr'>lebimus</span> <span class='ocrx_word' id='word_1_319' title='bbox 823 3544 837 3570; x_wconf 92' lang='lat'>,</span> <span class='ocrx_word' id='word_1_320' title='bbox 883 3516 1019 3557; x_wconf 92' lang='lat' dir='ltr'>non</span> <span class='ocrx_word' id='word_1_321' title='bbox 1058 3503 1284 3558; x_wconf 85' lang='lat' dir='ltr'>tamen</span> <span class='ocrx_word' id='word_1_322' title='bbox 1324 3496 1422 3557; x_wconf 87' lang='lat' dir='ltr'>ita</span> <span class='ocrx_word' id='word_1_323' title='bbox 1463 3503 1539 3557; x_wconf 90' lang='lat' dir='ltr'>ut</span> <span class='ocrx_word' id='word_1_324' title='bbox 1581 3496 1647 3557; x_wconf 91' lang='lat' dir='ltr'>in</span> <span class='ocrx_word' id='word_1_325' title='bbox 1677 3496 1818 3558; x_wconf 89' lang='lat' dir='ltr'>eius</span> <span class='ocrx_word' id='word_1_326' title='bbox 1847 3495 2067 3556; x_wconf 89' lang='lat' dir='ltr'>locum</span> <span class='ocrx_word' id='word_1_327' title='bbox 2095 3492 2262 3555; x_wconf 88' lang='lat' dir='ltr'>nihil</span> <span class='ocrx_word' id='word_1_328' title='bbox 2293 3491 2718 3555; x_wconf 88' lang='lat' dir='ltr'>sufficiamus:</span> 
     </span>
     <span class='ocr_line' id='line_1_33' title="bbox 513 3590 2718 3682; baseline -0.003 -22"><span class='ocrx_word' id='word_1_329' title='bbox 513 3596 697 3682; x_wconf 87' lang='lat' dir='ltr'>quod</span> <span class='ocrx_word' id='word_1_330' title='bbox 732 3618 879 3659; x_wconf 91' lang='lat' dir='ltr'>cum</span> <span class='ocrx_word' id='word_1_331' title='bbox 901 3595 1309 3681; x_wconf 84' lang='lat' dir='ltr'>neglexisset</span> <span class='ocrx_word' id='word_1_332' title='bbox 1338 3594 1407 3656; x_wconf 91' lang='lat' dir='ltr'>in</span> <span class='ocrx_word' id='word_1_333' title='bbox 1433 3593 1723 3678; x_wconf 86' lang='lat' dir='ltr'>quadam</span> <span class='ocrx_word' id='word_1_334' title='bbox 1749 3590 2436 3655; x_wconf 70' lang='lat' dir='ltr'>Varronis‘sententia</span> <span class='ocrx_word' id='word_1_335' title='bbox 2458 3590 2718 3653; x_wconf 77' lang='lat' dir='ltr'>O.Ms11-</span> 
     </span>
     <span class='ocr_line' id='line_1_34' title="bbox 511 3688 2722 3777; baseline -0.004 -19"><span class='ocrx_word' id='word_1_336' title='bbox 511 3697 691 3759; x_wconf 89' lang='lat' dir='ltr'>lerus</span> <span class='ocrx_word' id='word_1_337' title='bbox 716 3743 732 3769; x_wconf 89' lang='lat'>‚</span> <span class='ocrx_word' id='word_1_338' title='bbox 778 3716 1036 3758; x_wconf 86' lang='lat' dir='ltr'>omnem</span> <span class='ocrx_word' id='word_1_339' title='bbox 1078 3715 1216 3757; x_wconf 92' lang='lat' dir='ltr'>rem</span> <span class='ocrx_word' id='word_1_340' title='bbox 1261 3711 1412 3760; x_wconf 83' lang='lat' dir='ltr'>sese</span> <span class='ocrx_word' id='word_1_341' title='bbox 1460 3699 1851 3777; x_wconf 87' lang='lat' dir='ltr'>pervertere</span> <span class='ocrx_word' id='word_1_342' title='bbox 1893 3712 2031 3752; x_wconf 90' lang='lat' dir='ltr'>non</span> <span class='ocrx_word' id='word_1_343' title='bbox 2076 3689 2326 3751; x_wconf 89' lang='lat' dir='ltr'>sensit.</span> <span class='ocrx_word' id='word_1_344' title='bbox 2375 3688 2463 3751; x_wconf 88' lang='lat' dir='ltr'>de</span> <span class='ocrx_word' id='word_1_345' title='bbox 2505 3689 2722 3771; x_wconf 84' lang='lat' dir='ltr'>lingua</span> 
     </span>
     <span class='ocr_line' id='line_1_35' title="bbox 512 3787 2726 3876; baseline -0.005 -20"><span class='ocrx_word' id='word_1_346' title='bbox 512 3795 756 3857; x_wconf 88' lang='lat' dir='ltr'>Latina</span> <span class='ocrx_word' id='word_1_347' title='bbox 799 3795 971 3858; x_wconf 93' lang='lat' dir='ltr'>libro</span> <span class='ocrx_word' id='word_1_348' title='bbox 1004 3817 1101 3857; x_wconf 87' lang='lat' dir='ltr'>vu</span> <span class='ocrx_word' id='word_1_349' title='bbox 1146 3791 1353 3876; x_wconf 81' lang='lat' dir='ltr'>p.283</span> <span class='ocrx_word' id='word_1_350' title='bbox 1397 3792 1566 3854; x_wconf 86' lang='lat' dir='ltr'>haec</span> <span class='ocrx_word' id='word_1_351' title='bbox 1609 3790 1819 3853; x_wconf 88' lang='lat' dir='ltr'>habet</span> <span class='ocrx_word' id='word_1_352' title='bbox 1849 3787 2278 3851; x_wconf 87' lang='lat' dir='ltr'>Florentinus</span> <span class='ocrx_word' id='word_1_353' title='bbox 2325 3787 2573 3850; x_wconf 83' lang='lat' dir='ltr'>codex.</span> <span class='ocrx_word' id='word_1_354' title='bbox 2616 3809 2726 3848; x_wconf 76' lang='lat' dir='ltr'>nec</span> 
     </span>
     <span class='ocr_line' id='line_1_36' title="bbox 511 3889 2724 3975; baseline -0.004 -21"><span class='ocrx_word' id='word_1_355' title='bbox 511 3895 735 3955; x_wconf 77' lang='lat' dir='ltr'>mirum</span> <span class='ocrx_word' id='word_1_356' title='bbox 753 3941 769 3970; x_wconf 82' lang='lat'>‚</span> <span class='ocrx_word' id='word_1_357' title='bbox 815 3916 949 3955; x_wconf 80' lang='lat' dir='ltr'>cum</span> <span class='ocrx_word' id='word_1_358' title='bbox 978 3916 1100 3955; x_wconf 73' lang='lat' dir='ltr'>non</span> <span class='ocrx_word' id='word_1_359' title='bbox 1127 3893 1303 3955; x_wconf 82' lang='lat' dir='ltr'>modo</span> <span class='ocrx_word' id='word_1_360' title='bbox 1332 3889 1934 3975; x_wconf 62' lang='lat' dir='ltr'>Ispamenidis-opus</span> <span class='ocrx_word' id='word_1_361' title='bbox 1954 3898 2097 3971; x_wconf 78' lang='lat' dir='ltr'>post</span> <span class='ocrx_word' id='word_1_362' title='bbox 2122 3910 2314 3949; x_wconf 73' lang='lat' dir='ltr'>annos</span> <span class='ocrx_word' id='word_1_363' title='bbox 2345 3909 2382 3948; x_wconf 90' lang='lat' dir='ltr'>L</span> <span class='ocrx_word' id='word_1_364' title='bbox 2409 3908 2724 3969; x_wconf 35' lang='lat' dir='ltr'>,eaperrec-</span> 
     </span>
     <span class='ocr_line' id='line_1_37' title="bbox 513 3986 2726 4075; baseline -0.005 -21"><span class='ocrx_word' id='word_1_365' title='bbox 513 4003 604 4054; x_wconf 76' lang='lat' dir='ltr'>tus</span> <span class='ocrx_word' id='word_1_366' title='bbox 649 4015 689 4053; x_wconf 87' lang='grc' dir='ltr'>α</span> <span class='ocrx_word' id='word_1_367' title='bbox 731 3992 932 4053; x_wconf 75' lang='lat' dir='ltr'>multis</span> <span class='ocrx_word' id='word_1_368' title='bbox 973 4014 1093 4054; x_wconf 80' lang='lat' dir='ltr'>non</span> <span class='ocrx_word' id='word_1_369' title='bbox 1139 4000 1532 4075; x_wconf 74' lang='lat' dir='ltr'>coynoscatur</span> <span class='ocrx_word' id='word_1_370' title='bbox 1552 4036 1569 4067; x_wconf 85' lang='lat'><strong><em>,</em></strong></span> <span class='ocrx_word' id='word_1_371' title='bbox 1613 3988 1721 4050; x_wconf 79' lang='lat' dir='ltr'>sed</span> <span class='ocrx_word' id='word_1_372' title='bbox 1760 3987 1941 4049; x_wconf 80' lang='lat' dir='ltr'>etiam</span> <span class='ocrx_word' id='word_1_373' title='bbox 1979 3986 2207 4048; x_wconf 79' lang='lat' dir='ltr'>Teucer</span> <span class='ocrx_word' id='word_1_374' title='bbox 2252 3986 2422 4047; x_wconf 78' lang='lat' dir='ltr'>Livii</span> <span class='ocrx_word' id='word_1_375' title='bbox 2455 3995 2595 4068; x_wconf 78' lang='lat' dir='ltr'>post</span> <span class='ocrx_word' id='word_1_376' title='bbox 2633 4005 2726 4043; x_wconf 76' lang='grc' dir='ltr'>ΧΠ</span> 
     </span>
     <span class='ocr_line' id='line_1_38' title="bbox 511 4081 2724 4174; baseline -0.005 -21"><span class='ocrx_word' id='word_1_377' title='bbox 511 4114 700 4154; x_wconf 75' lang='lat' dir='ltr'>annos</span> <span class='ocrx_word' id='word_1_378' title='bbox 729 4089 805 4151; x_wconf 83' lang='lat' dir='ltr'>ab</span> <span class='ocrx_word' id='word_1_379' title='bbox 833 4091 957 4151; x_wconf 76' lang='lat' dir='ltr'>suis</span> <span class='ocrx_word' id='word_1_380' title='bbox 987 4091 1094 4174; x_wconf 80' lang='lat' dir='ltr'>qui</span> <span class='ocrx_word' id='word_1_381' title='bbox 1119 4090 1197 4151; x_wconf 78' lang='lat' dir='ltr'>sit</span> <span class='ocrx_word' id='word_1_382' title='bbox 1221 4090 1562 4171; x_wconf 74' lang='lat' dir='ltr'>iynoretur.</span> <span class='ocrx_word' id='word_1_383' title='bbox 1590 4083 2069 4169; x_wconf 84' lang='lat' dir='ltr'>Lagomarsino</span> <span class='ocrx_word' id='word_1_384' title='bbox 2101 4092 2329 4156; x_wconf 86' lang='lat' dir='ltr'>tamen</span> <span class='ocrx_word' id='word_1_385' title='bbox 2357 4081 2587 4165; x_wconf 89' lang='lat' dir='ltr'>potius</span> <span class='ocrx_word' id='word_1_386' title='bbox 2616 4101 2724 4162; x_wconf 86' lang='lat' dir='ltr'>ap-</span> 
     </span>
     <span class='ocr_line' id='line_1_39' title="bbox 512 4178 2726 4271; baseline -0.005 -21"><span class='ocrx_word' id='word_1_387' title='bbox 512 4188 734 4271; x_wconf 89' lang='lat' dir='ltr'>paruit</span> <span class='ocrx_word' id='word_1_388' title='bbox 764 4210 902 4271; x_wconf 76' lang='lat' dir='ltr'>opes</span> <span class='ocrx_word' id='word_1_389' title='bbox 917 4235 934 4265; x_wconf 84' lang='lat'><em>‚</em></span> <span class='ocrx_word' id='word_1_390' title='bbox 966 4186 1094 4248; x_wconf 90' lang='lat' dir='ltr'>nisi</span> <span class='ocrx_word' id='word_1_391' title='bbox 1119 4184 1304 4269; x_wconf 87' lang='lat' dir='ltr'>quod</span> <span class='ocrx_word' id='word_1_392' title='bbox 1329 4186 1388 4247; x_wconf 92' lang='lat' dir='ltr'>ei</span> <span class='ocrx_word' id='word_1_393' title='bbox 1409 4185 1625 4268; x_wconf 89' lang='lat' dir='ltr'>prima</span> <span class='ocrx_word' id='word_1_394' title='bbox 1649 4191 1717 4246; x_wconf 91' lang='lat' dir='ltr'>et</span> <span class='ocrx_word' id='word_1_395' title='bbox 1739 4183 1943 4245; x_wconf 84' lang='lat' dir='ltr'>tertia</span> <span class='ocrx_word' id='word_1_396' title='bbox 1970 4182 2197 4245; x_wconf 86' lang='lat' dir='ltr'>littera</span> <span class='ocrx_word' id='word_1_397' title='bbox 2226 4181 2526 4243; x_wconf 87' lang='lat' dir='ltr'>incertae</span> <span class='ocrx_word' id='word_1_398' title='bbox 2553 4178 2726 4241; x_wconf 83' lang='lat' dir='ltr'>visae</span> 
     </span>
     <span class='ocr_line' id='line_1_40' title="bbox 515 4277 2722 4367; baseline -0.005 -19"><span class='ocrx_word' id='word_1_399' title='bbox 515 4293 705 4348; x_wconf 87' lang='lat' dir='ltr'>sunt:</span> <span class='ocrx_word' id='word_1_400' title='bbox 736 4285 892 4347; x_wconf 91' lang='lat' dir='ltr'>huic</span> <span class='ocrx_word' id='word_1_401' title='bbox 924 4304 1127 4367; x_wconf 90' lang='lat' dir='ltr'>super</span> <span class='ocrx_word' id='word_1_402' title='bbox 1158 4284 1480 4365; x_wconf 92' lang='lat' dir='ltr'>scriptum</span> <span class='ocrx_word' id='word_1_403' title='bbox 1515 4282 1669 4345; x_wconf 91' lang='lat' dir='ltr'>olim</span> <span class='ocrx_word' id='word_1_404' title='bbox 1690 4280 1899 4344; x_wconf 85' lang='lat' dir='ltr'>fuisse</span> <span class='ocrx_word' id='word_1_405' title='bbox 1925 4280 2115 4365; x_wconf 87' lang='lat' dir='ltr'>quasi</span> <span class='ocrx_word' id='word_1_406' title='bbox 2137 4302 2215 4342; x_wconf 86' lang='lat' dir='ltr'>m.</span> <span class='ocrx_word' id='word_1_407' title='bbox 2237 4279 2371 4341; x_wconf 86' lang='lat' dir='ltr'>iam</span> <span class='ocrx_word' id='word_1_408' title='bbox 2398 4277 2568 4340; x_wconf 91' lang='lat' dir='ltr'>illud</span> <span class='ocrx_word' id='word_1_409' title='bbox 2598 4298 2722 4359; x_wconf 73' lang='lat' dir='ltr'>coy-</span> 
     </span>
    </p>
   </div>
   <div class='ocr_carea' id='block_1_12' title="bbox 513 4377 2800 4467">
    <p class='ocr_par' dir='ltr' id='par_1_14' title="bbox 513 4377 2800 4467">
     <span class='ocr_line' id='line_1_41' title="bbox 513 4377 2800 4467; baseline -0.004 -23"><span class='ocrx_word' id='word_1_410' title='bbox 513 4391 1110 4467; x_wconf 78' lang='lat' dir='ltr'>noscaturtempore</span> <span class='ocrx_word' id='word_1_411' title='bbox 1124 4390 1483 4465; x_wconf 85' lang='lat' dir='ltr'>praesente</span> <span class='ocrx_word' id='word_1_412' title='bbox 1498 4381 1790 4464; x_wconf 89' lang='lat' dir='ltr'>positum</span> <span class='ocrx_word' id='word_1_413' title='bbox 1809 4378 2109 4443; x_wconf 89' lang='lat' dir='ltr'>ostendit</span> <span class='ocrx_word' id='word_1_414' title='bbox 2126 4377 2477 4464; x_wconf 84' lang='lat' dir='ltr'>scriptoris</span> <span class='ocrx_word' id='word_1_415' title='bbox 2494 4394 2724 4437; x_wconf 86' lang='lat' dir='ltr'>nomen</span> <span class='ocrx_word' id='word_1_416' title='bbox 2799 4409 2800 4444; x_wconf 28' lang='lat' dir='ltr'><strong>ff</strong></span> 
     </span>
    </p>
   </div>
  </div>
 </body>
</html>
