2840 5008
459 348 549 416 82
1431 421 1436 429 ⁴
1540 348 1634 414 111

333 538 396 584 80
456 520 742 608 percipit
770 519 1099 582 humanos
1129 518 1354 583 odium
1383 519 1685 605 lucisque
1715 518 2077 594 videndae,

454 643 530 698 ut
558 635 682 697 sibi
714 634 1100 697 conciseant
1128 635 1446 697 maerenti
1478 642 1752 718 pectore
1780 635 2016 710 letum,

457 749 647 813 obliti
674 747 930 812 fontem
962 769 1268 811 curarum
1294 748 1475 812 hune
1507 769 1654 812 esse
1684 749 2017 824 timorem,

456 863 636 926 hunc
665 883 914 926 vexare
941 861 1269 948 pudorem
1288 912 1303 938 ‚
1326 863 1507 928 hunc
1535 864 1799 927 vincula
1829 863 2132 927 amicitiai

454 999 762 1063 rumpere
795 986 864 1042 et
888 978 957 1073 {n
986 997 1239 1040 summa
1267 977 1586 1062 pietatem
1617 984 1918 1041 evertere
1948 976 2220 1041 fraude:

331 1109 394 1155 85
455 1115 607 1157 nam
634 1093 763 1156 iam
793 1113 993 1176 saepe
1021 1090 1324 1154 homines
1353 1093 1635 1175 patriam
1667 1113 1996 1176 ear-osque
2025 1093 2330 1176 parentis

453 1206 929 1292 prodiderunt,
951 1206 1165 1269 vitare
1193 1204 1566 1268 Acherusia
1594 1207 1843 1292 templa
1872 1215 2207 1292 petentes.

451 1343 605 1385 nam
634 1322 743 1387 vel
772 1321 870 1384 uti
898 1321 1087 1405 pueri
1116 1317 1459 1404 trepidant
1489 1328 1691 1404 atque
1722 1322 1941 1384 omnia
1971 1323 2185 1385 caeeis

451 1438 518 1500 in
545 1436 841 1500 tenebris
870 1440 1177 1499 metuunt
1195 1482 1209 1508 ‚
1233 1434 1328 1496 sie
1356 1455 1482 1521 nos
1512 1435 1580 1497 in
1611 1435 1757 1498 luce
1787 1435 2091 1514 timemus

453 1552 627 1616 inter
657 1550 814 1613 dum
833 1599 847 1625 ‚
871 1549 1005 1612 nilo
1040 1568 1210 1633 quae
1241 1557 1398 1613 sunt
1424 1530 1786 1612 metuenda
1814 1551 2024 1634 magis
2056 1571 2252 1634 quam

329 1683 393 1729 90
456 1687 640 1751 quae·
656 1665 843 1750 pueri
871 1664 940 1727 in
968 1662 1261 1726 tenebris
1290 1663 1595 1747 pavit-ant
1621 1664 2013 1748 finguntque
2041 1664 2292 1729 futura.

452 1779 632 1842 hune
660 1780 861 1865 igitur
891 1786 1214 1842 terrorem
1245 1778 1443 1840 animi
1471 1778 1921 1863 tenebrasque
1950 1787 2296 1867 necessest
2371 1814 2377 1821 ·

453 1916 594 1958 non
621 1893 792 1957 radii
822 1893 981 1956 solis
1012 1914 1230 1977 neque
1259 1891 1483 1956 lucida
1511 1893 1645 1956 tela
1677 1891 1806 1955 diei

456 2006 814 2072 discutiant
832 2056 846 2083 ‚
870 2006 992 2069 sed
1019 2015 1298 2070 naturae
1329 2007 1589 2093 species
1617 2007 1960 2091 ratioque.

532 2123 826 2185 Primum
855 2122 1139 2185 animum
1169 2120 1319 2185 dieo
1339 2171 1354 2196 ‚
1376 2130 1664 2190 mentem
1695 2143 1892 2207 quam
1922 2142 2121 2206 saepe
2150 2142 2485 2189 vocamus
2508 2176 2527 2200 ‚
2593 2195 2616 2211 .

232 2242 236 2247 ”
329 2254 393 2299 95
451 2226 520 2300 in
551 2258 686 2322 quo
719 2236 1061 2299 eonsilium
1091 2236 1270 2300 vitae
1297 2237 1724 2322 regimenque
1752 2236 2044 2300 locatum
2073 2245 2207 2311 est,

453 2373 599 2416 esse
627 2351 912 2415 hominis
942 2358 1201 2437 partem
1230 2351 1364 2413 nilo
1395 2353 1609 2415 minus
1640 2373 1718 2415 ae
1746 2373 1981 2435 manus
2013 2359 2080 2414 et
2107 2372 2229 2435 pes

453 2475 656 2552 atque
687 2466 899 2531 oculei
926 2472 1155 2552 partes
1186 2466 1538 2530 animantis
1569 2467 1777 2532 totius
1810 2472 2071 2530 extant.

453 2677 721 2760 sensum
750 2696 943 2759 animi
975 2704 1161 2759 certa
1189 2718 1327 2759 non
1358 2718 1506 2760 esse
1533 2697 1602 2759 in
1633 2701 1827 2780 parte
1858 2695 2177 2768 locatum,

451 2832 683 2875 verum
711 2810 1010 2874 habitum
1043 2810 1375 2896 quendam
1405 2811 1670 2876 vitalem
1704 2810 2008 2894 eorporis
2041 2831 2215 2883 esse,

311 2943 406 2989 100
449 2925 863 3014 harmoniam
893 2926 1053 2988 Grai
1084 2946 1282 3010 quam
1312 2923 1544 2988 dieunt
1562 2974 1577 3000 ‚
1606 2924 1791 3009 quod
1817 2924 2017 2989 faeiat
2043 2947 2169 2988 nos

451 3041 678 3103 vivere
709 3060 856 3102 eum
887 3061 1090 3104 sensu
1108 3088 1122 3114 ‚
1144 3039 1327 3102 nulla
1356 3061 1502 3103 eum
1532 3039 1600 3102 in
1629 3047 1821 3122 parte
1853 3040 1980 3103 siet
2007 3060 2220 3124 meps3

452 3162 528 3217 ut
553 3153 734 3218 bena
762 3176 962 3239 saepe
989 3152 1305 3217 valetudo
1336 3174 1484 3216 eum
1515 3152 1756 3218 dicitur
1785 3135 1936 3218 esse

454 3270 754 3356 eorporis
773 3318 788 3345 ‚
813 3277 880 3333 et
907 3290 1045 3332 non
1076 3277 1181 3332 est
1209 3276 1432 3332 tamen
1460 3268 1628 3333 haec
1656 3290 1818 3354 pars
1848 3269 1981 3332 ulla
2008 3268 2290 3331 valentis
2312 3317 2326 3330 .

452 3385 548 3447 sie
578 3383 772 3474 animi
802 3404 1072 3445 sensum
1101 3404 1237 3446 non
1267 3391 1451 3447 certa
1476 3390 1671 3469 parte
1701 3389 2063 3468 reponunt3

311 3515 402 3561 105
446 3520 686 3584 magno
720 3518 923 3582 opere
951 3498 1021 3559 in
1052 3518 1186 3581 quo
1215 3497 1303 3560 mi
1334 3497 1583 3562 diversi
1612 3519 1835 3566 errare
1864 3495 2202 3560 videntur.

449 3635 651 3697 saepe
680 3613 906 3697 itaque
926 3661 941 3687 ‚
963 3612 1033 3674 in
1059 3619 1379 3697 promptu
1410 3634 1657 3699 eorpus
1688 3595 1872 3697 quod
1905 3613 2196 3676 cernitur
2215 3660 2229 3686 ‚
2253 3622 2526 3696 aegret,

450 3749 595 3790 eum
626 3729 847 3790 tamen
878 3748 962 3790 ex
991 3726 1124 3816 alia⁴
1145 3726 1466 3791 laetamur
1496 3735 1689 3814 parte
1716 3727 1979 3790 latenti:

451 3848 518 3904 et
544 3849 726 3904 retro
756 3841 832 3904 fit
857 3842 953 3905 uti
986 3848 1221 3906 eontra
1252 3842 1338 3905 sit
1368 3863 1572 3927 saepe
1599 3841 1916 3916 vicissim,
1952 3865 1958 3871 ·
1989 3915 1992 3916 γ

450 3977 596 4018 eum
621 3955 818 4018 miser
850 3975 933 4018 ex
962 3957 1178 4021 animo
1211 3958 1496 4020 laetatur
1527 3977 1809 4041 corpore
1838 3960 2016 4030 tot03

447 4241 507 4287 81
549 4217 874 4288 coniciscant
912 4235 931 4303 Η
970 4240 1035 4286 84
1071 4235 1270 4305 pietate
1306 4233 1325 4301 ΙΙ
1362 4232 1579 4287 suadet.
1629 4233 1650 4301 ΙΙ
1689 4238 1753 4283 94
1791 4247 1947 4301 quem
1984 4232 2005 4300 ΙΙ
2043 4226 2105 4282 95
2146 4238 2396 4285 vocatum
2438 4235 2459 4303 ΙΙ
2506 4244 2615 4292 100
2657 4250 2745 4295 ta-

445 4319 549 4372 ciat
584 4319 603 4387 ΙΙ
646 4323 741 4372 106
780 4335 1024 4389 aegrum.
1064 4319 1084 4386 ΙΙ
1126 4322 1221 4370 108
1256 4316 1345 4369 ubi
2160 4322 2164 4325 ’
