<?xml version="1.0" encoding="UTF-8"?>
<!DOCTYPE html PUBLIC "-//W3C//DTD XHTML 1.0 Transitional//EN"
    "http://www.w3.org/TR/xhtml1/DTD/xhtml1-transitional.dtd">
<html xmlns="http://www.w3.org/1999/xhtml" xml:lang="en" lang="en">
 <head>
  <title>
</title>
<meta http-equiv="Content-Type" content="text/html;charset=utf-8" />
  <meta name='ocr-system' content='tesseract 3.04.00' />
  <meta name='ocr-capabilities' content='ocr_page ocr_carea ocr_par ocr_line ocrx_word'/>
</head>
<body>
  <div class='ocr_page' id='page_1' title='image "./tlucreticarider02lachgoog_0165.png"; bbox 0 0 2840 5008; ppageno 0'>
   <div class='ocr_carea' id='block_1_1' title="bbox 1156 383 1282 450">
    <p class='ocr_par' dir='ltr' id='par_1_1' title="bbox 1156 383 1282 450">
     <span class='ocr_line' id='line_1_1' title="bbox 1156 383 1282 450; baseline 0 0"><span class='ocrx_word' id='word_1_1' title='bbox 1156 383 1282 450; x_wconf 90' lang='lat' dir='ltr'>IIII</span> 
     </span>
    </p>
   </div>
   <div class='ocr_carea' id='block_1_2' title="bbox 53 556 1938 4067">
    <p class='ocr_par' dir='ltr' id='par_1_2' title="bbox 53 556 1938 4067">
     <span class='ocr_line' id='line_1_2' title="bbox 166 556 1829 641; baseline -0.003 -18"><span class='ocrx_word' id='word_1_2' title='bbox 166 560 303 623; x_wconf 91' lang='lat' dir='ltr'>Nec</span> <span class='ocrx_word' id='word_1_3' title='bbox 336 558 569 622; x_wconf 88' lang='lat' dir='ltr'>divina</span> <span class='ocrx_word' id='word_1_4' title='bbox 599 564 816 620; x_wconf 88' lang='lat' dir='ltr'>satum</span> <span class='ocrx_word' id='word_1_5' title='bbox 846 557 1194 641; x_wconf 75' lang='lat' dir='ltr'><strong>genitalem</strong></span> <span class='ocrx_word' id='word_1_6' title='bbox 1224 557 1493 618; x_wconf 89' lang='lat' dir='ltr'>numina</span> <span class='ocrx_word' id='word_1_7' title='bbox 1522 556 1829 639; x_wconf 83' lang='lat' dir='ltr'>cuiquam</span> 
     </span>
     <span class='ocr_line' id='line_1_3' title="bbox 92 668 1827 758; baseline -0.002 -21"><span class='ocrx_word' id='word_1_8' title='bbox 92 677 464 738; x_wconf 77' lang='lat' dir='ltr'><strong>absterrent</strong></span> <span class='ocrx_word' id='word_1_9' title='bbox 482 720 498 747; x_wconf 88' lang='lat'>‚</span> <span class='ocrx_word' id='word_1_10' title='bbox 521 683 717 758; x_wconf 84' lang='lat' dir='ltr'>pater</span> <span class='ocrx_word' id='word_1_11' title='bbox 748 693 787 733; x_wconf 90' lang='lat' dir='ltr'>a</span> <span class='ocrx_word' id='word_1_12' title='bbox 815 670 1035 755; x_wconf 86' lang='lat' dir='ltr'>gnatis</span> <span class='ocrx_word' id='word_1_13' title='bbox 1065 690 1149 732; x_wconf 89' lang='lat' dir='ltr'>ne</span> <span class='ocrx_word' id='word_1_14' title='bbox 1182 668 1486 733; x_wconf 82' lang='lat' dir='ltr'><strong>dulcibus</strong></span> <span class='ocrx_word' id='word_1_15' title='bbox 1516 691 1827 754; x_wconf 90' lang='lat' dir='ltr'>umquam</span> 
     </span>
     <span class='ocr_line' id='line_1_4' title="bbox 53 783 1747 873; baseline -0.003 -21"><span class='ocrx_word' id='word_1_16' title='bbox 53 809 67 852; x_wconf 81' lang='lat'>5</span> <span class='ocrx_word' id='word_1_17' title='bbox 92 788 453 873; x_wconf 87' lang='lat' dir='ltr'>appelletur</span> <span class='ocrx_word' id='word_1_18' title='bbox 487 792 554 849; x_wconf 86' lang='lat' dir='ltr'>et</span> <span class='ocrx_word' id='word_1_19' title='bbox 583 793 660 848; x_wconf 89' lang='lat' dir='ltr'>ut</span> <span class='ocrx_word' id='word_1_20' title='bbox 688 785 895 849; x_wconf 85' lang='lat' dir='ltr'>sterili</span> <span class='ocrx_word' id='word_1_21' title='bbox 925 783 1193 847; x_wconf 80' lang='lat' dir='ltr'>Venere</span> <span class='ocrx_word' id='word_1_22' title='bbox 1225 785 1451 869; x_wconf 83' lang='lat' dir='ltr'>exigat</span> <span class='ocrx_word' id='word_1_23' title='bbox 1480 805 1747 861; x_wconf 83' lang='lat' dir='ltr'>aevom3</span> 
     </span>
     <span class='ocr_line' id='line_1_5' title="bbox 93 899 1938 986; baseline -0.001 -22"><span class='ocrx_word' id='word_1_24' title='bbox 93 901 261 986; x_wconf 88' lang='lat' dir='ltr'>quod</span> <span class='ocrx_word' id='word_1_25' title='bbox 290 901 696 985; x_wconf 90' lang='lat' dir='ltr'>plerumque</span> <span class='ocrx_word' id='word_1_26' title='bbox 725 906 967 984; x_wconf 89' lang='lat' dir='ltr'>putant</span> <span class='ocrx_word' id='word_1_27' title='bbox 985 947 1000 974; x_wconf 91' lang='lat'>‚</span> <span class='ocrx_word' id='word_1_28' title='bbox 1025 908 1094 962; x_wconf 91' lang='lat' dir='ltr'>et</span> <span class='ocrx_word' id='word_1_29' title='bbox 1120 899 1325 961; x_wconf 89' lang='lat' dir='ltr'>multo</span> <span class='ocrx_word' id='word_1_30' title='bbox 1358 899 1679 983; x_wconf 88' lang='lat' dir='ltr'>sanguine</span> <span class='ocrx_word' id='word_1_31' title='bbox 1709 902 1938 965; x_wconf 89' lang='lat' dir='ltr'>maesti</span> 
     </span>
     <span class='ocr_line' id='line_1_6' title="bbox 93 1012 1674 1099; baseline -0.003 -20"><span class='ocrx_word' id='word_1_32' title='bbox 93 1021 540 1099; x_wconf 88' lang='lat' dir='ltr'>conspergunt</span> <span class='ocrx_word' id='word_1_33' title='bbox 571 1034 721 1076; x_wconf 90' lang='lat' dir='ltr'>aras</span> <span class='ocrx_word' id='word_1_34' title='bbox 751 1012 1158 1095; x_wconf 81' lang='lat' dir='ltr'>adolentque</span> <span class='ocrx_word' id='word_1_35' title='bbox 1189 1012 1674 1088; x_wconf 83' lang='lat' dir='ltr'>altaria-doniS,</span> 
     </span>
     <span class='ocr_line' id='line_1_7' title="bbox 91 1126 1623 1215; baseline -0.001 -23"><span class='ocrx_word' id='word_1_36' title='bbox 91 1137 155 1192; x_wconf 89' lang='lat' dir='ltr'>ut</span> <span class='ocrx_word' id='word_1_37' title='bbox 179 1128 499 1215; x_wconf 89' lang='lat' dir='ltr'>gravidas</span> <span class='ocrx_word' id='word_1_38' title='bbox 531 1126 824 1191; x_wconf 89' lang='lat' dir='ltr'>reddant</span> <span class='ocrx_word' id='word_1_39' title='bbox 852 1148 1097 1190; x_wconf 89' lang='lat' dir='ltr'>uxores</span> <span class='ocrx_word' id='word_1_40' title='bbox 1130 1127 1376 1189; x_wconf 90' lang='lat' dir='ltr'>semine</span> <span class='ocrx_word' id='word_1_41' title='bbox 1406 1127 1623 1210; x_wconf 87' lang='lat' dir='ltr'>larg0‚</span> 
     </span>
     <span class='ocr_line' id='line_1_8' title="bbox 93 1239 1788 1327; baseline -0.002 -21"><span class='ocrx_word' id='word_1_42' title='bbox 93 1265 164 1306; x_wconf 90' lang='lat' dir='ltr'>ne</span> <span class='ocrx_word' id='word_1_43' title='bbox 192 1244 518 1327; x_wconf 91' lang='lat' dir='ltr'>quiquam</span> <span class='ocrx_word' id='word_1_44' title='bbox 539 1291 554 1316; x_wconf 86' lang='lat'><strong>‚</strong></span> <span class='ocrx_word' id='word_1_45' title='bbox 581 1241 803 1304; x_wconf 86' lang='lat' dir='ltr'>divom</span> <span class='ocrx_word' id='word_1_46' title='bbox 831 1262 1073 1303; x_wconf 90' lang='lat' dir='ltr'>numen</span> <span class='ocrx_word' id='word_1_47' title='bbox 1105 1241 1442 1324; x_wconf 85' lang='lat' dir='ltr'>sortisque</span> <span class='ocrx_word' id='word_1_48' title='bbox 1470 1239 1758 1325; x_wconf 84' lang='lat' dir='ltr'>fatigant</span> <span class='ocrx_word' id='word_1_49' title='bbox 1775 1290 1788 1303; x_wconf 90' lang='lat'><strong>.</strong></span> 
     </span>
     <span class='ocr_line' id='line_1_9' title="bbox 53 1355 1848 1438; baseline 0 -18"><span class='ocrx_word' id='word_1_50' title='bbox 53 1375 221 1421; x_wconf 65' lang='lat' dir='ltr'>anam</span> <span class='ocrx_word' id='word_1_51' title='bbox 251 1357 521 1421; x_wconf 88' lang='lat' dir='ltr'>steriles</span> <span class='ocrx_word' id='word_1_52' title='bbox 550 1356 820 1418; x_wconf 86' lang='lat' dir='ltr'>nimium</span> <span class='ocrx_word' id='word_1_53' title='bbox 850 1376 1076 1418; x_wconf 86' lang='lat' dir='ltr'>crasso</span> <span class='ocrx_word' id='word_1_54' title='bbox 1110 1362 1268 1418; x_wconf 90' lang='lat' dir='ltr'>sunt</span> <span class='ocrx_word' id='word_1_55' title='bbox 1294 1355 1544 1418; x_wconf 90' lang='lat' dir='ltr'>semine</span> <span class='ocrx_word' id='word_1_56' title='bbox 1572 1357 1812 1438; x_wconf 89' lang='lat' dir='ltr'>partim</span> <span class='ocrx_word' id='word_1_57' title='bbox 1833 1406 1848 1431; x_wconf 86' lang='lat'>‚</span> 
     </span>
     <span class='ocr_line' id='line_1_10' title="bbox 94 1469 1696 1555; baseline -0.001 -21"><span class='ocrx_word' id='word_1_58' title='bbox 94 1481 151 1534; x_wconf 85' lang='lat' dir='ltr'>et</span> <span class='ocrx_word' id='word_1_59' title='bbox 174 1469 429 1555; x_wconf 89' lang='lat' dir='ltr'>liquido</span> <span class='ocrx_word' id='word_1_60' title='bbox 460 1477 736 1554; x_wconf 88' lang='lat' dir='ltr'>praeter</span> <span class='ocrx_word' id='word_1_61' title='bbox 763 1469 1006 1532; x_wconf 89' lang='lat' dir='ltr'>iustum</span> <span class='ocrx_word' id='word_1_62' title='bbox 1033 1470 1352 1552; x_wconf 89' lang='lat' dir='ltr'>tenuique</span> <span class='ocrx_word' id='word_1_63' title='bbox 1380 1469 1664 1531; x_wconf 89' lang='lat' dir='ltr'>vicissim</span> <span class='ocrx_word' id='word_1_64' title='bbox 1682 1519 1696 1532; x_wconf 92' lang='lat'><strong>.</strong></span> 
     </span>
     <span class='ocr_line' id='line_1_11' title="bbox 94 1582 1926 1669; baseline 0.001 -22"><span class='ocrx_word' id='word_1_65' title='bbox 94 1595 274 1650; x_wconf 84' lang='lat' dir='ltr'>tenve</span> <span class='ocrx_word' id='word_1_66' title='bbox 303 1585 480 1648; x_wconf 90' lang='lat' dir='ltr'>locis</span> <span class='ocrx_word' id='word_1_67' title='bbox 514 1584 671 1667; x_wconf 86' lang='lat' dir='ltr'>quia</span> <span class='ocrx_word' id='word_1_68' title='bbox 699 1605 834 1646; x_wconf 90' lang='lat' dir='ltr'>non</span> <span class='ocrx_word' id='word_1_69' title='bbox 862 1585 1044 1669; x_wconf 88' lang='lat' dir='ltr'>potis</span> <span class='ocrx_word' id='word_1_70' title='bbox 1076 1592 1179 1646; x_wconf 92' lang='lat' dir='ltr'>est</span> <span class='ocrx_word' id='word_1_71' title='bbox 1209 1582 1500 1667; x_wconf 87' lang='lat' dir='ltr'>adfigere</span> <span class='ocrx_word' id='word_1_72' title='bbox 1531 1582 1926 1661; x_wconf 86' lang='lat' dir='ltr'>adhaesum,</span> 
     </span>
     <span class='ocr_line' id='line_1_12' title="bbox 88 1683 1742 1782; baseline 0.001 -22"><span class='ocrx_word' id='word_1_73' title='bbox 88 1699 341 1782; x_wconf 80' lang='lat' dir='ltr'>liquitur</span> <span class='ocrx_word' id='word_1_74' title='bbox 374 1697 720 1781; x_wconf 83' lang='lat' dir='ltr'>extemplo</span> <span class='ocrx_word' id='word_1_75' title='bbox 755 1683 819 1759; x_wconf 89' lang='lat' dir='ltr'>et</span> <span class='ocrx_word' id='word_1_76' title='bbox 845 1706 1231 1761; x_wconf 87' lang='lat' dir='ltr'>revocatum</span> <span class='ocrx_word' id='word_1_77' title='bbox 1262 1697 1444 1760; x_wconf 90' lang='lat' dir='ltr'>cedit</span> <span class='ocrx_word' id='word_1_78' title='bbox 1473 1698 1742 1762; x_wconf 83' lang='lat' dir='ltr'>abortu,</span> 
     </span>
     <span class='ocr_line' id='line_1_13' title="bbox 91 1812 1740 1897; baseline 0.001 -23"><span class='ocrx_word' id='word_1_79' title='bbox 91 1814 358 1876; x_wconf 84' lang='lat' dir='ltr'>crassius</span> <span class='ocrx_word' id='word_1_80' title='bbox 387 1813 502 1875; x_wconf 85' lang='lat' dir='ltr'>his</span> <span class='ocrx_word' id='word_1_81' title='bbox 532 1833 739 1895; x_wconf 89' lang='lat' dir='ltr'>porro</span> <span class='ocrx_word' id='word_1_82' title='bbox 772 1812 1084 1894; x_wconf 86' lang='lat' dir='ltr'>quoniam</span> <span class='ocrx_word' id='word_1_83' title='bbox 1114 1813 1493 1875; x_wconf 91' lang='lat' dir='ltr'>concretius</span> <span class='ocrx_word' id='word_1_84' title='bbox 1524 1832 1740 1897; x_wconf 88' lang='lat' dir='ltr'>aequo</span> 
     </span>
     <span class='ocr_line' id='line_1_14' title="bbox 53 1926 1672 2009; baseline 0.002 -24"><span class='ocrx_word' id='word_1_85' title='bbox 53 1926 353 1989; x_wconf 83' lang='lat' dir='ltr'>5mittitur</span> <span class='ocrx_word' id='word_1_86' title='bbox 373 1975 388 2000; x_wconf 91' lang='lat'><strong>‚</strong></span> <span class='ocrx_word' id='word_1_87' title='bbox 421 1932 543 1988; x_wconf 87' lang='lat' dir='ltr'>aut</span> <span class='ocrx_word' id='word_1_88' title='bbox 571 1946 710 1988; x_wconf 95' lang='lat' dir='ltr'>non</span> <span class='ocrx_word' id='word_1_89' title='bbox 737 1935 872 1988; x_wconf 88' lang='lat' dir='ltr'>tam</span> <span class='ocrx_word' id='word_1_90' title='bbox 902 1926 1164 2009; x_wconf 88' lang='lat' dir='ltr'>prolixo</span> <span class='ocrx_word' id='word_1_91' title='bbox 1193 1927 1509 2009; x_wconf 88' lang='lat' dir='ltr'>provolat</span> <span class='ocrx_word' id='word_1_92' title='bbox 1534 1927 1672 1990; x_wconf 89' lang='lat' dir='ltr'>ictu</span> 
     </span>
     <span class='ocr_line' id='line_1_15' title="bbox 92 2027 1903 2126; baseline 0.002 -24"><span class='ocrx_word' id='word_1_93' title='bbox 92 2048 188 2103; x_wconf 85' lang='lat' dir='ltr'>aut</span> <span class='ocrx_word' id='word_1_94' title='bbox 213 2047 578 2126; x_wconf 87' lang='lat' dir='ltr'>penetrare</span> <span class='ocrx_word' id='word_1_95' title='bbox 608 2039 796 2102; x_wconf 91' lang='lat' dir='ltr'>locos</span> <span class='ocrx_word' id='word_1_96' title='bbox 827 2061 1038 2123; x_wconf 88' lang='lat' dir='ltr'>aeque</span> <span class='ocrx_word' id='word_1_97' title='bbox 1067 2027 1303 2124; x_wconf 88' lang='lat' dir='ltr'>nequit</span> <span class='ocrx_word' id='word_1_98' title='bbox 1332 2049 1449 2103; x_wconf 89' lang='lat' dir='ltr'>aut</span> <span class='ocrx_word' id='word_1_99' title='bbox 1476 2049 1903 2124; x_wconf 82' lang='lat' dir='ltr'>penetratum</span> 
     </span>
     <span class='ocr_line' id='line_1_16' title="bbox 92 2153 1773 2239; baseline 0.001 -23"><span class='ocrx_word' id='word_1_100' title='bbox 92 2176 265 2239; x_wconf 88' lang='lat' dir='ltr'>aegre</span> <span class='ocrx_word' id='word_1_101' title='bbox 295 2154 713 2218; x_wconf 78' lang='lat' dir='ltr'>admiscetur</span> <span class='ocrx_word' id='word_1_102' title='bbox 740 2153 1040 2217; x_wconf 90' lang='lat' dir='ltr'>muliebri</span> <span class='ocrx_word' id='word_1_103' title='bbox 1072 2156 1318 2218; x_wconf 88' lang='lat' dir='ltr'>semine</span> <span class='ocrx_word' id='word_1_104' title='bbox 1349 2175 1605 2217; x_wconf 90' lang='lat' dir='ltr'>semen.</span> <span class='ocrx_word' id='word_1_105' title='bbox 1765 2165 1773 2170; x_wconf 81' lang='grc'><strong>’</strong></span> 
     </span>
     <span class='ocr_line' id='line_1_17' title="bbox 92 2267 1923 2334; baseline 0.003 -5"><span class='ocrx_word' id='word_1_106' title='bbox 92 2289 221 2330; x_wconf 87' lang='lat' dir='ltr'>nam</span> <span class='ocrx_word' id='word_1_107' title='bbox 245 2269 535 2331; x_wconf 89' lang='lat' dir='ltr'>multum</span> <span class='ocrx_word' id='word_1_108' title='bbox 564 2268 947 2331; x_wconf 88' lang='lat' dir='ltr'>harmoniae</span> <span class='ocrx_word' id='word_1_109' title='bbox 976 2269 1259 2332; x_wconf 90' lang='lat' dir='ltr'>Veneris</span> <span class='ocrx_word' id='word_1_110' title='bbox 1291 2267 1556 2332; x_wconf 86' lang='lat' dir='ltr'>differre</span> <span class='ocrx_word' id='word_1_111' title='bbox 1585 2269 1923 2334; x_wconf 87' lang='lat' dir='ltr'>videntur.</span> 
     </span>
     <span class='ocr_line' id='line_1_18' title="bbox 91 2367 1670 2468; baseline 0.001 -24"><span class='ocrx_word' id='word_1_112' title='bbox 91 2392 269 2467; x_wconf 84' lang='lat' dir='ltr'>atque</span> <span class='ocrx_word' id='word_1_113' title='bbox 299 2384 470 2447; x_wconf 91' lang='lat' dir='ltr'>alias</span> <span class='ocrx_word' id='word_1_114' title='bbox 502 2384 613 2446; x_wconf 87' lang='lat' dir='ltr'>alii</span> <span class='ocrx_word' id='word_1_115' title='bbox 642 2383 978 2468; x_wconf 92' lang='lat' dir='ltr'>complent</span> <span class='ocrx_word' id='word_1_116' title='bbox 1006 2385 1213 2468; x_wconf 87' lang='lat' dir='ltr'>magis</span> <span class='ocrx_word' id='word_1_117' title='bbox 1233 2434 1247 2458; x_wconf 86' lang='lat'>‚</span> <span class='ocrx_word' id='word_1_118' title='bbox 1279 2406 1363 2447; x_wconf 83' lang='lat' dir='ltr'>ex</span> <span class='ocrx_word' id='word_1_119' title='bbox 1392 2367 1670 2467; x_wconf 74' lang='lat' dir='ltr'>aliisque</span> 
     </span>
     <span class='ocr_line' id='line_1_19' title="bbox 53 2496 1884 2584; baseline 0.003 -27"><span class='ocrx_word' id='word_1_120' title='bbox 53 2498 451 2582; x_wconf 80' lang='lat' dir='ltr'>osuccipiunt</span> <span class='ocrx_word' id='word_1_121' title='bbox 474 2498 651 2561; x_wconf 79' lang='lat' dir='ltr'>&#39;aliae</span> <span class='ocrx_word' id='word_1_122' title='bbox 680 2496 947 2582; x_wconf 89' lang='lat' dir='ltr'>pondus</span> <span class='ocrx_word' id='word_1_123' title='bbox 975 2499 1187 2583; x_wconf 88' lang='lat' dir='ltr'>magis</span> <span class='ocrx_word' id='word_1_124' title='bbox 1217 2500 1418 2584; x_wconf 91' lang='lat' dir='ltr'>inque</span> <span class='ocrx_word' id='word_1_125' title='bbox 1449 2511 1884 2584; x_wconf 86' lang='lat' dir='ltr'>gravescunt.</span> 
     </span>
     <span class='ocr_line' id='line_1_20' title="bbox 98 2612 1641 2698; baseline 0.002 -24"><span class='ocrx_word' id='word_1_126' title='bbox 98 2622 151 2674; x_wconf 85' lang='lat' dir='ltr'>et</span> <span class='ocrx_word' id='word_1_127' title='bbox 175 2614 420 2678; x_wconf 90' lang='lat' dir='ltr'>multae</span> <span class='ocrx_word' id='word_1_128' title='bbox 453 2612 1155 2698; x_wconf 87' lang='lat' dir='ltr'>steriles-Hymenaeis</span> <span class='ocrx_word' id='word_1_129' title='bbox 1186 2621 1339 2677; x_wconf 90' lang='lat' dir='ltr'>ante</span> <span class='ocrx_word' id='word_1_130' title='bbox 1367 2613 1641 2677; x_wconf 89' lang='lat' dir='ltr'>fuerunt</span> 
     </span>
     <span class='ocr_line' id='line_1_21' title="bbox 94 2725 1899 2812; baseline 0.003 -24"><span class='ocrx_word' id='word_1_131' title='bbox 94 2726 372 2809; x_wconf 86' lang='lat' dir='ltr'>pluribus</span> <span class='ocrx_word' id='word_1_132' title='bbox 394 2776 409 2801; x_wconf 88' lang='lat'>‚</span> <span class='ocrx_word' id='word_1_133' title='bbox 437 2735 508 2790; x_wconf 89' lang='lat' dir='ltr'>et</span> <span class='ocrx_word' id='word_1_134' title='bbox 537 2734 774 2789; x_wconf 88' lang='lat' dir='ltr'>nactae</span> <span class='ocrx_word' id='word_1_135' title='bbox 804 2735 965 2812; x_wconf 88' lang='lat' dir='ltr'>post</span> <span class='ocrx_word' id='word_1_136' title='bbox 993 2736 1150 2791; x_wconf 88' lang='lat' dir='ltr'>sunt</span> <span class='ocrx_word' id='word_1_137' title='bbox 1178 2736 1401 2791; x_wconf 89' lang='lat' dir='ltr'>tamen</span> <span class='ocrx_word' id='word_1_138' title='bbox 1428 2725 1610 2790; x_wconf 86' lang='lat' dir='ltr'>unde</span> <span class='ocrx_word' id='word_1_139' title='bbox 1638 2728 1899 2812; x_wconf 87' lang='lat' dir='ltr'>puellos</span> 
     </span>
     <span class='ocr_line' id='line_1_22' title="bbox 91 2840 1651 2927; baseline 0.003 -26"><span class='ocrx_word' id='word_1_140' title='bbox 91 2841 412 2926; x_wconf 84' lang='lat' dir='ltr'>suscipere</span> <span class='ocrx_word' id='word_1_141' title='bbox 449 2849 518 2904; x_wconf 88' lang='lat' dir='ltr'>et</span> <span class='ocrx_word' id='word_1_142' title='bbox 545 2849 746 2925; x_wconf 87' lang='lat' dir='ltr'>partu</span> <span class='ocrx_word' id='word_1_143' title='bbox 778 2850 1055 2927; x_wconf 87' lang='lat' dir='ltr'>possent</span> <span class='ocrx_word' id='word_1_144' title='bbox 1086 2840 1412 2906; x_wconf 81' lang='lat' dir='ltr'>ditescere</span> <span class='ocrx_word' id='word_1_145' title='bbox 1445 2841 1651 2905; x_wconf 90' lang='lat' dir='ltr'>dulci.</span> 
     </span>
     <span class='ocr_line' id='line_1_23' title="bbox 98 2954 1839 3040; baseline 0.002 -23"><span class='ocrx_word' id='word_1_146' title='bbox 98 2963 155 3018; x_wconf 86' lang='lat' dir='ltr'>et</span> <span class='ocrx_word' id='word_1_147' title='bbox 181 2957 422 3039; x_wconf 89' lang='lat' dir='ltr'>quibus</span> <span class='ocrx_word' id='word_1_148' title='bbox 458 2962 615 3019; x_wconf 91' lang='lat' dir='ltr'>ante</span> <span class='ocrx_word' id='word_1_149' title='bbox 647 2954 825 3018; x_wconf 93' lang='lat' dir='ltr'>domi</span> <span class='ocrx_word' id='word_1_150' title='bbox 852 2955 1183 3019; x_wconf 83' lang='lat' dir='ltr'>fecundae</span> <span class='ocrx_word' id='word_1_151' title='bbox 1213 2977 1426 3040; x_wconf 90' lang='lat' dir='ltr'>saepe·</span> <span class='ocrx_word' id='word_1_152' title='bbox 1444 2957 1839 3040; x_wconf 84' lang='lat' dir='ltr'>nequissent</span> 
     </span>
     <span class='ocr_line' id='line_1_24' title="bbox 53 3070 1755 3156; baseline 0.004 -28"><span class='ocrx_word' id='word_1_153' title='bbox 53 3085 70 3128; x_wconf 85' lang='lat'>5</span> <span class='ocrx_word' id='word_1_154' title='bbox 94 3092 318 3134; x_wconf 81' lang='lat' dir='ltr'>uxores</span> <span class='ocrx_word' id='word_1_155' title='bbox 347 3090 597 3154; x_wconf 88' lang='lat' dir='ltr'>parere</span> <span class='ocrx_word' id='word_1_156' title='bbox 618 3118 632 3144; x_wconf 88' lang='lat'>,</span> <span class='ocrx_word' id='word_1_157' title='bbox 654 3070 993 3134; x_wconf 88' lang='lat' dir='ltr'>inventast</span> <span class='ocrx_word' id='word_1_158' title='bbox 1018 3071 1147 3134; x_wconf 87' lang='lat' dir='ltr'>illis</span> <span class='ocrx_word' id='word_1_159' title='bbox 1176 3092 1451 3155; x_wconf 90' lang='lat' dir='ltr'>quoque</span> <span class='ocrx_word' id='word_1_160' title='bbox 1482 3092 1755 3156; x_wconf 90' lang='lat' dir='ltr'>compar</span> 
     </span>
     <span class='ocr_line' id='line_1_25' title="bbox 93 3185 1677 3268; baseline 0.001 -23"><span class='ocrx_word' id='word_1_161' title='bbox 93 3193 309 3249; x_wconf 85' lang='lat' dir='ltr'>natura</span> <span class='ocrx_word' id='word_1_162' title='bbox 327 3234 341 3259; x_wconf 89' lang='lat'>‚</span> <span class='ocrx_word' id='word_1_163' title='bbox 364 3192 444 3246; x_wconf 90' lang='lat' dir='ltr'>ut</span> <span class='ocrx_word' id='word_1_164' title='bbox 473 3191 756 3267; x_wconf 88' lang='lat' dir='ltr'>possent</span> <span class='ocrx_word' id='word_1_165' title='bbox 784 3185 1002 3268; x_wconf 88' lang='lat' dir='ltr'>gnatis</span> <span class='ocrx_word' id='word_1_166' title='bbox 1032 3186 1285 3248; x_wconf 90' lang='lat' dir='ltr'>munire</span> <span class='ocrx_word' id='word_1_167' title='bbox 1314 3193 1677 3249; x_wconf 79' lang='lat' dir='ltr'>senectam.</span> 
     </span>
     <span class='ocr_line' id='line_1_26' title="bbox 93 3298 1686 3383; baseline 0.002 -24"><span class='ocrx_word' id='word_1_168' title='bbox 93 3320 286 3383; x_wconf 90' lang='lat' dir='ltr'>usque</span> <span class='ocrx_word' id='word_1_169' title='bbox 319 3298 497 3361; x_wconf 85' lang='lat' dir='ltr'>adeo</span> <span class='ocrx_word' id='word_1_170' title='bbox 530 3300 746 3381; x_wconf 87' lang='lat' dir='ltr'>magni</span> <span class='ocrx_word' id='word_1_171' title='bbox 775 3298 983 3362; x_wconf 88' lang='lat' dir='ltr'>refert</span> <span class='ocrx_word' id='word_1_172' title='bbox 1001 3347 1014 3374; x_wconf 86' lang='lat'>‚</span> <span class='ocrx_word' id='word_1_173' title='bbox 1037 3307 1115 3362; x_wconf 89' lang='lat' dir='ltr'>ut</span> <span class='ocrx_word' id='word_1_174' title='bbox 1144 3300 1394 3362; x_wconf 90' lang='lat' dir='ltr'>semina</span> <span class='ocrx_word' id='word_1_175' title='bbox 1422 3298 1686 3383; x_wconf 88' lang='lat' dir='ltr'>possint</span> 
     </span>
     <span class='ocr_line' id='line_1_27' title="bbox 94 3413 1492 3497; baseline 0.002 -24"><span class='ocrx_word' id='word_1_176' title='bbox 94 3413 434 3476; x_wconf 89' lang='lat' dir='ltr'>seminibus</span> <span class='ocrx_word' id='word_1_177' title='bbox 468 3413 877 3475; x_wconf 89' lang='lat' dir='ltr'>commisceri</span> <span class='ocrx_word' id='word_1_178' title='bbox 907 3414 1278 3496; x_wconf 86' lang='lat' dir='ltr'>genitaliter</span> <span class='ocrx_word' id='word_1_179' title='bbox 1310 3420 1492 3497; x_wconf 85' lang='lat' dir='ltr'>apta,</span> 
     </span>
     <span class='ocr_line' id='line_1_28' title="bbox 96 3526 1856 3612; baseline 0.002 -26"><span class='ocrx_word' id='word_1_180' title='bbox 96 3545 440 3611; x_wconf 84' lang='lat' dir='ltr'>crassaque</span> <span class='ocrx_word' id='word_1_181' title='bbox 475 3526 876 3590; x_wconf 88' lang='lat' dir='ltr'>conveniant</span> <span class='ocrx_word' id='word_1_182' title='bbox 904 3526 1173 3611; x_wconf 86' lang='lat' dir='ltr'>liquidis</span> <span class='ocrx_word' id='word_1_183' title='bbox 1205 3535 1273 3591; x_wconf 89' lang='lat' dir='ltr'>et</span> <span class='ocrx_word' id='word_1_184' title='bbox 1297 3526 1554 3612; x_wconf 88' lang='lat' dir='ltr'>liquida</span> <span class='ocrx_word' id='word_1_185' title='bbox 1584 3528 1856 3592; x_wconf 90' lang='lat' dir='ltr'>crassis.</span> 
     </span>
     <span class='ocr_line' id='line_1_29' title="bbox 53 3625 1585 3724; baseline 0.003 -25"><span class='ocrx_word' id='word_1_186' title='bbox 53 3647 274 3724; x_wconf 81' lang='lat' dir='ltr'>oatque</span> <span class='ocrx_word' id='word_1_187' title='bbox 301 3642 374 3704; x_wconf 91' lang='lat' dir='ltr'>in</span> <span class='ocrx_word' id='word_1_188' title='bbox 406 3663 487 3704; x_wconf 95' lang='lat' dir='ltr'>eo</span> <span class='ocrx_word' id='word_1_189' title='bbox 517 3640 727 3703; x_wconf 90' lang='lat' dir='ltr'>refert</span> <span class='ocrx_word' id='word_1_190' title='bbox 755 3662 888 3724; x_wconf 90' lang='lat' dir='ltr'>quo</span> <span class='ocrx_word' id='word_1_191' title='bbox 919 3625 1103 3704; x_wconf 87' lang='lat' dir='ltr'>victu</span> <span class='ocrx_word' id='word_1_192' title='bbox 1131 3642 1270 3705; x_wconf 90' lang='lat' dir='ltr'>vita</span> <span class='ocrx_word' id='word_1_193' title='bbox 1302 3642 1585 3705; x_wconf 89' lang='lat' dir='ltr'>colatur:</span> 
     </span>
     <span class='ocr_line' id='line_1_30' title="bbox 95 3755 1883 3839; baseline 0.002 -26"><span class='ocrx_word' id='word_1_194' title='bbox 95 3774 359 3839; x_wconf 86' lang='lat' dir='ltr'>namque</span> <span class='ocrx_word' id='word_1_195' title='bbox 390 3755 536 3818; x_wconf 87' lang='lat' dir='ltr'>aliis</span> <span class='ocrx_word' id='word_1_196' title='bbox 567 3755 768 3818; x_wconf 91' lang='lat' dir='ltr'>rebus</span> <span class='ocrx_word' id='word_1_197' title='bbox 800 3764 1242 3819; x_wconf 88' lang='lat' dir='ltr'>concrescunt</span> <span class='ocrx_word' id='word_1_198' title='bbox 1271 3757 1520 3819; x_wconf 88' lang='lat' dir='ltr'>semina</span> <span class='ocrx_word' id='word_1_199' title='bbox 1547 3755 1883 3829; x_wconf 82' lang='lat' dir='ltr'>membriS‚</span> 
     </span>
     <span class='ocr_line' id='line_1_31' title="bbox 97 3869 1671 3965; baseline 0.001 -38"><span class='ocrx_word' id='word_1_200' title='bbox 97 3873 274 3951; x_wconf 84' lang='lat' dir='ltr'>atque</span> <span class='ocrx_word' id='word_1_201' title='bbox 305 3870 451 3933; x_wconf 87' lang='lat' dir='ltr'>aliis</span> <span class='ocrx_word' id='word_1_202' title='bbox 486 3876 931 3933; x_wconf 85' lang='lat' dir='ltr'>extenvantur</span> <span class='ocrx_word' id='word_1_203' title='bbox 960 3871 1326 3954; x_wconf 84' lang='lat' dir='ltr'>tabentque</span> <span class='ocrx_word' id='word_1_204' title='bbox 1353 3869 1671 3965; x_wconf 82' lang='lat' dir='ltr'>vicissim.</span> 
     </span>
     <span class='ocr_line' id='line_1_32' title="bbox 100 3982 1847 4067; baseline 0.003 -27"><span class='ocrx_word' id='word_1_205' title='bbox 100 3988 157 4042; x_wconf 86' lang='lat' dir='ltr'>et</span> <span class='ocrx_word' id='word_1_206' title='bbox 182 3984 418 4065; x_wconf 89' lang='lat' dir='ltr'>quibus</span> <span class='ocrx_word' id='word_1_207' title='bbox 449 3984 598 4067; x_wconf 87' lang='lat' dir='ltr'>ipsa</span> <span class='ocrx_word' id='word_1_208' title='bbox 628 3982 842 4046; x_wconf 91' lang='lat' dir='ltr'>modis</span> <span class='ocrx_word' id='word_1_209' title='bbox 871 3990 1197 4046; x_wconf 85' lang='lat' dir='ltr'>tractetur</span> <span class='ocrx_word' id='word_1_210' title='bbox 1226 3983 1474 4046; x_wconf 87' lang='lat' dir='ltr'>blanda</span> <span class='ocrx_word' id='word_1_211' title='bbox 1501 3985 1813 4067; x_wconf 88' lang='lat' dir='ltr'>voluptas</span> <span class='ocrx_word' id='word_1_212' title='bbox 1831 4033 1847 4060; x_wconf 72' lang='grc'>,</span> 
     </span>
    </p>
   </div>
   <div class='ocr_carea' id='block_1_3' title="bbox 2209 385 2358 452">
    <p class='ocr_par' dir='ltr' id='par_1_3' title="bbox 2209 385 2358 452">
     <span class='ocr_line' id='line_1_33' title="bbox 2209 385 2358 452; baseline 0.013 -2"><span class='ocrx_word' id='word_1_213' title='bbox 2209 385 2358 452; x_wconf 86' lang='lat'>155·</span> 
     </span>
    </p>
   </div>
   <div class='ocr_carea' id='block_1_4' title="bbox 105 4261 2334 4340">
    <p class='ocr_par' dir='ltr' id='par_1_4' title="bbox 105 4261 2334 4340">
     <span class='ocr_line' id='line_1_34' title="bbox 105 4261 2334 4340; baseline 0.001 -33"><span class='ocrx_word' id='word_1_214' title='bbox 105 4263 215 4311; x_wconf 86' lang='grc'><strong>1234</strong></span> <span class='ocrx_word' id='word_1_215' title='bbox 250 4270 463 4330; x_wconf 80' lang='lat' dir='ltr'>praeter</span> <span class='ocrx_word' id='word_1_216' title='bbox 514 4264 533 4328; x_wconf 63' lang='grc' dir='ltr'><strong>Η</strong></span> <span class='ocrx_word' id='word_1_217' title='bbox 585 4269 713 4340; x_wconf 31' lang='grc'><strong>12413</strong></span> <span class='ocrx_word' id='word_1_218' title='bbox 752 4261 921 4337; x_wconf 58' lang='lat' dir='ltr'>cfedit</span> <span class='ocrx_word' id='word_1_219' title='bbox 959 4261 978 4331; x_wconf 78' lang='grc' dir='ltr'><strong>Η</strong></span> <span class='ocrx_word' id='word_1_220' title='bbox 1022 4268 1148 4313; x_wconf 90' lang='grc'><strong>1244</strong></span> <span class='ocrx_word' id='word_1_221' title='bbox 1187 4261 1268 4313; x_wconf 83' lang='lat' dir='ltr'>hic</span> <span class='ocrx_word' id='word_1_222' title='bbox 1308 4263 1326 4330; x_wconf 77' lang='grc' dir='ltr'>Η</span> <span class='ocrx_word' id='word_1_223' title='bbox 1368 4268 1495 4313; x_wconf 86' lang='grc'><strong>1247</strong></span> <span class='ocrx_word' id='word_1_224' title='bbox 1534 4262 1739 4314; x_wconf 84' lang='lat' dir='ltr'>mulieri</span> <span class='ocrx_word' id='word_1_225' title='bbox 1786 4263 1804 4329; x_wconf 79' lang='grc' dir='ltr'>Η</span> <span class='ocrx_word' id='word_1_226' title='bbox 1848 4268 1971 4314; x_wconf 79' lang='grc'><strong>1252</strong></span> <span class='ocrx_word' id='word_1_227' title='bbox 2010 4280 2109 4331; x_wconf 87' lang='lat' dir='ltr'>pos</span> <span class='ocrx_word' id='word_1_228' title='bbox 2147 4261 2166 4328; x_wconf 85' lang='grc' dir='ltr'>ΙΙ</span> <span class='ocrx_word' id='word_1_229' title='bbox 2206 4265 2334 4312; x_wconf 86' lang='grc'><strong>1255</strong></span> 
     </span>
    </p>
   </div>
   <div class='ocr_carea' id='block_1_5' title="bbox 102 4339 1584 4414">
    <p class='ocr_par' dir='ltr' id='par_1_5' title="bbox 102 4339 1584 4414">
     <span class='ocr_line' id='line_1_35' title="bbox 102 4339 1584 4414; baseline 0.003 -23"><span class='ocrx_word' id='word_1_230' title='bbox 102 4339 282 4396; x_wconf 84' lang='lat' dir='ltr'>Uxoris</span> <span class='ocrx_word' id='word_1_231' title='bbox 323 4344 342 4412; x_wconf 90' lang='grc' dir='ltr'>ΙΙ</span> <span class='ocrx_word' id='word_1_232' title='bbox 386 4351 514 4396; x_wconf 83' lang='lat'>1259</span> <span class='ocrx_word' id='word_1_233' title='bbox 554 4345 874 4396; x_wconf 84' lang='lat' dir='ltr'>conveniunt</span> <span class='ocrx_word' id='word_1_234' title='bbox 914 4345 932 4411; x_wconf 90' lang='grc' dir='ltr'>ΙΙ</span> <span class='ocrx_word' id='word_1_235' title='bbox 975 4349 1100 4395; x_wconf 86' lang='grc'><strong>1262</strong></span> <span class='ocrx_word' id='word_1_236' title='bbox 1140 4344 1225 4396; x_wconf 86' lang='lat' dir='ltr'>alii</span> <span class='ocrx_word' id='word_1_237' title='bbox 1264 4345 1283 4414; x_wconf 89' lang='grc' dir='ltr'>ΙΙ</span> <span class='ocrx_word' id='word_1_238' title='bbox 1321 4345 1584 4411; x_wconf 85' lang='lat' dir='ltr'>tabenque</span> 
     </span>
    </p>
   </div>
  </div>
 </body>
</html>
