2840 5008
423 445 463 509 4
697 476 709 483 ·
1537 445 1566 509 Ι

413 615 954 700 frondiferasque
986 616 1223 680 domos
1254 616 1470 679 avium
1502 637 1911 702 camposque
1939 617 2213 681 virentis
2255 689 2264 694 ,

270 816 277 821 .
416 732 719 795 omnibus
749 731 1074 794 incutiens
1102 729 1419 794 blandum
1451 751 1572 814 per
1600 738 1878 815 pectora
1908 752 2199 795 amorem

291 862 352 906 20
416 844 622 908 efficis
650 852 727 908 ut
757 844 997 930 cupide
1027 845 1390 929 generatim
1422 845 1642 908 saecla
1670 854 2071 930 propagent.

415 980 586 1043 quae
618 960 928 1043 quoniam
959 980 1181 1022 rerum
1208 966 1508 1022 naturam
1543 960 1688 1022 sola
1715 960 2049 1044 gubernas
2067 1008 2081 1033 ,

409 1094 535 1136 nec
566 1074 706 1136 sine
736 1081 805 1136 te
837 1074 1191 1158 quicquam
1222 1072 1366 1136 dias
1396 1073 1464 1134 in
1493 1072 1753 1135 luminis
1785 1093 1939 1135 oras

414 1187 713 1250 exoritur
740 1207 960 1270 neque
989 1187 1063 1251 fit
1091 1186 1337 1250 laetum
1366 1207 1588 1269 neque
1618 1186 1894 1250 amabile
1927 1186 2307 1270 quicquam,

409 1310 476 1365 te
506 1301 754 1364 sociam
784 1299 1026 1365 studeo
1059 1299 1430 1364 scribendis
1459 1300 1765 1362 versibus
1798 1320 1979 1373 esse,

285 1432 346 1476 25
409 1437 579 1500 quos
612 1436 736 1500 ego
770 1415 853 1476 de
883 1435 1104 1477 rerum
1133 1419 1374 1476 natura
1402 1434 1699 1498 pangere
1731 1433 1941 1493 conor

405 1527 842 1591 Memmiadae
871 1533 1108 1589 nostro
1128 1575 1142 1601 ‚
1168 1548 1365 1611 quem
1394 1534 1468 1590 tu
1488 1576 1502 1602 ,
1528 1526 1655 1590 dea
1673 1576 1687 1602 ,
1712 1534 2011 1611 tempore
2039 1529 2108 1591 in
2138 1529 2312 1590 omni

409 1641 713 1705 omnibus
744 1648 1051 1729 ornatum
1081 1638 1351 1704 voluisti
1383 1640 1707 1705 excellere
1737 1641 1967 1705 rebus,

401 1776 535 1839 quo
567 1755 773 1840 magis
804 1763 1145 1832 aeternum
1179 1754 1267 1818 da
1296 1754 1491 1819 dictis
1510 1803 1525 1831 ‚
1551 1755 1706 1818 diva
1725 1804 1739 1830 ,
1761 1755 2086 1840 leporem.

407 1869 593 1933 effice
623 1877 699 1932 ut
727 1870 983 1932 interea
1011 1845 1155 1932 fera
1184 1890 1499 1933 moenera
1527 1869 1775 1932 militiai

279 1999 341 2044 30
400 2004 525 2068 per
551 1984 758 2046 maria
786 2005 864 2046 ac
892 1991 1109 2047 terras
1142 1984 1353 2047 omnis
1385 1985 1605 2068 sopita
1635 1983 2010 2066 quiescant:

398 2118 553 2160 nam
581 2104 655 2160 tu
684 2098 829 2160 sola
856 2105 1052 2182 potes
1081 2096 1442 2179 tranquilla
1470 2118 1638 2182 pace
1664 2097 1895 2160 iuvare

400 2211 698 2275 mortalis
719 2259 734 2286 ‚
758 2212 1072 2293 quoniam
1102 2211 1258 2275 belli
1285 2209 1431 2271 fera
1454 2230 1768 2272 moenera
1796 2210 2071 2273 Mavors

403 2324 812 2409 armipotens
839 2324 1013 2407 regit
1031 2372 1045 2398 ,
1068 2324 1136 2385 in
1165 2322 1483 2406 gremium
1517 2323 1630 2405 qui
1660 2343 1862 2406 saepe
1892 2330 2077 2385 tuum
2109 2343 2181 2384 se

400 2438 590 2502 reicit
620 2445 894 2501 aeterno
928 2436 1233 2499 devictus
1260 2435 1536 2498 vulnere
1567 2436 1836 2512 amoriS,

277 2571 339 2615 35
402 2561 604 2638 atque
634 2555 728 2618 ita
757 2552 1127 2639 suspiciens
1144 2603 1159 2630 ,
1181 2551 1378 2615 tereti
1408 2550 1666 2613 cervice
1693 2558 1999 2636 reposta,

397 2671 617 2754 pascit
646 2686 869 2731 amore
899 2666 1167 2741 avidoS‚
1188 2666 1452 2730 inhians
1482 2665 1551 2727 in
1581 2647 1650 2729 te
1670 2714 1685 2741 ,
1712 2664 1839 2728 dea
1859 2713 1873 2740 ‚
1895 2665 2080 2729 visus
2098 2710 2113 2737 ‚

402 2803 571 2866 eque
602 2788 719 2844 tuo
750 2781 1004 2865 pendet
1031 2781 1329 2866 resupini
1355 2780 1629 2863 spiritus
1661 2801 1804 2844 ore.
1871 2833 1875 2837 .

330 2968 339 2982 Ι
398 2896 578 2958 hunc
606 2902 681 2957 tu
701 2943 715 2969 ,
742 2894 896 2958 diva
915 2943 930 2970 ,
952 2903 1070 2957 tuo
1101 2896 1533 2958 recubantem
1564 2914 1848 2978 corpore
1881 2900 2114 2957 sancto

401 3010 649 3073 circum
677 3008 828 3071 fusa
856 3028 1087 3093 super,
1113 3007 1337 3071 suavis
1366 3027 1451 3067 ex
1480 3026 1597 3068 ore
1617 3007 1946 3091 loquellas

274 3141 337 3186 40
394 3122 601 3187 funde
629 3130 868 3207 petens
897 3108 1230 3207 placidam
1256 3120 1574 3184 Romanis
1592 3166 1607 3194 ‚
1629 3120 1879 3183 incluta
1897 3168 1911 3194 ‚
1934 3139 2195 3204 pacem:

252 3221 269 3236 Χ
394 3259 547 3301 nam
577 3258 797 3321 neque
827 3259 952 3301 nos
985 3258 1184 3322 agere
1212 3235 1346 3297 hoc
1375 3234 1616 3318 patriai
1644 3241 1948 3320 tempore
1977 3234 2208 3318 iniquo

395 3373 752 3439 possumus
784 3373 1000 3437 aequo
1032 3347 1247 3415 animo
1277 3371 1402 3413 nec
1432 3348 1699 3412 Memmi
1730 3348 1910 3412 clara
1936 3368 2243 3435 propago

393 3466 637 3531 talibus
665 3466 736 3529 in
761 3466 963 3530 rebus
995 3465 1321 3530 communi
1351 3463 1549 3527 desse
1580 3463 1834 3528 saluti..

1415 3624 1451 3663 θῐε

271 3823 358 3868 50-
397 3805 583 3889 quod
615 3827 816 3890 super
848 3815 977 3882 est,
1009 3827 1259 3872 vacuas
1289 3806 1467 3870 auris
1497 3807 1914 3893 animumque
1944 3827 2248 3891 sagacem

394 3927 721 3984 semotum
750 3941 790 3983 a
820 3923 996 3985 curis
1026 3921 1269 3986 adhibe
1297 3942 1525 3986 veram
1556 3921 1645 3985 ad
1672 3923 2023 3998 rationem3

395 4234 457 4279 27
497 4228 753 4281 oralatum
791 4229 811 4296 ΙΙ
849 4235 911 4280 32
950 4248 1170 4283 monera
1205 4232 1224 4300 Η
1263 4237 1323 4282 33
1364 4232 1569 4301 regium
1606 4232 1660 4283 in
1696 4231 2056 4301 gremiumque
2094 4229 2114 4299 ΙΙ
2151 4234 2211 4279 35
2251 4227 2394 4278 teriti
2434 4229 2453 4297 ΙΙ
2491 4233 2554 4279 43
2595 4229 2652 4280 id

395 4326 515 4362 esse
561 4312 580 4379 ΙΙ
627 4317 1016 4378 44-49=11,
1045 4319 1362 4367 646—651.
1424 4315 1442 4382 ΙΙ
1499 4322 1563 4367 50
1610 4323 1669 4368 ut
1717 4331 1907 4367 vacuas
1955 4314 1975 4379 ΙΙ
2024 4314 2356 4379 animumque
2401 4328 2647 4381 sagacem

393 4411 608 4446 emessa.
