2840 5008
1169 363 1231 428 ΙΙ

63 545 119 599 et
144 557 395 620 cycnea
428 536 614 598 mele
648 534 1094 618 Phoebeaque
1126 533 1408 598 daedala
1439 536 1712 601 chordis

64 652 336 715 carmina
366 650 714 714 consimili
744 649 1003 712 ratione
1033 670 1361 734 oppressa
1390 650 1694 715 silerent:

40 786 325 848 ¹namque
357 764 511 828 aliis
546 762 735 827 aliud
762 763 1211 853 praestantius
1242 774 1664 830 exereretur.

65 878 280 942 cedere
310 879 482 942 item
514 886 707 941 retro
738 886 1022 964 possent
1048 877 1115 939 in
1147 877 1516 942 deteriores
1573 861 1582 870 ⁶

67 994 259 1056 omnia
286 993 385 1056 sic
415 993 650 1077 partis
671 1041 686 1067 ‚
708 1000 782 1056 ut
813 992 1095 1055 diximus
1123 993 1190 1053 in
1220 992 1540 1055 melioris:

17 1121 32 1169 θ
64 1128 325 1191 namque
356 1108 514 1171 aliis
549 1105 734 1169 aliud
761 1115 942 1170 retro
976 1126 1243 1190 quoque
1272 1107 1553 1169 taetrius
1585 1117 1764 1172 esset

66 1222 313 1285 naribus
345 1222 641 1285 auribus
672 1227 872 1305 atque
904 1219 1112 1283 oculis
1143 1220 1410 1304 orisque
1443 1222 1694 1306 sapori.

69 1357 215 1418 quae
245 1336 579 1419 quoniam
612 1356 749 1397 non
780 1342 967 1405 sunt,
991 1333 1111 1397 sed
1133 1334 1342 1397 'rebus
1370 1335 1640 1399 reddita
1670 1344 1852 1401 certa

66 1450 191 1512 finis
219 1451 572 1533 utrimque
602 1456 787 1511 tenet
817 1470 1135 1511 summam
1153 1496 1168 1523 ‚
1194 1448 1452 1512 fateare
1479 1459 1823 1515 necessest

66 1563 379 1626 materiem
416 1585 704 1647 quoque
731 1563 932 1625 finitis
964 1562 1229 1626 differre
1257 1563 1514 1648 figuris.

17 1688 32 1737 ⁵
66 1675 327 1760 denique
359 1678 451 1741 ab
484 1677 757 1763 ignibus
788 1676 875 1739 ad
905 1675 1161 1761 gelidas
1190 1677 1318 1740 iter
1346 1699 1562 1761 usque
1589 1680 1862 1762 pruinas

64 1789 359 1854 finitumst
387 1799 723 1876 retroque
754 1792 897 1877 pari
924 1792 1184 1854 ratione
1213 1800 1653 1856 remensumst
1670 1843 1684 1856 .
1735 1792 1738 1795 ’

66 1905 243 1968 ambit
273 1906 453 1968 enim
487 1906 681 1970 calor
709 1928 787 1969 ac
814 1904 1025 1990 frigus
1044 1953 1057 1979 ‚
1083 1904 1411 1990 mediique
1441 1915 1714 1993 tepores

65 2017 513 2103 interutraque
545 2021 769 2082 iacent
798 2019 1144 2106 explentes
1176 2019 1411 2084 ordine
1442 2042 1789 2085 summam:

18 2186 19 2215 ¹
68 2151 203 2216 ergo
231 2133 423 2196 finita
459 2132 721 2197 distant
748 2134 1005 2197 ratione
1040 2141 1292 2209 creata,

17 2252 36 2311 ,θ
67 2247 313 2332 ancipiti
349 2248 677 2331 quoniam
707 2249 1003 2311 mucroni
1033 2249 1363 2332 utrimque
1392 2256 1744 2324 notantur,

18 2422 19 2427 ,
65 2357 195 2423 hinc
223 2361 515 2425 flammis
543 2361 725 2424 illinc
750 2361 978 2447 rigidis
1006 2362 1250 2425 infesta
1276 2363 1532 2448 pruinis
1551 2412 1564 2425 .

137 2473 375 2558 [Quod
408 2475 732 2561 quoniam
762 2475 992 2554 docui,
1015 2498 1288 2563 pergam
1321 2486 1674 2543 conectere
1703 2500 1843 2544 rem
1874 2500 2044 2566 quae

20 2637 21 2642 1
68 2609 134 2651 ex
155 2589 287 2655 hoc
316 2599 491 2679 apta
518 2589 717 2653 fidem
749 2590 983 2667 ducat,
1005 2592 1368 2675 primordia
1397 2615 1648 2674 rerum,

20 2699 21 2744 ἓ
66 2701 215 2767 inter
245 2727 318 2768 se
349 2706 552 2769 simili
584 2726 755 2789 quae
786 2714 942 2770 sunt
970 2706 1271 2791 perfecta
1297 2707 1541 2793 figura,

19 2775 38 2886 i
66 2815 292 2881 infinita
324 2820 560 2883 cluere
579 2869 592 2882 .
619 2813 862 2883 etenim
892 2819 1209 2884 distantia
1238 2844 1382 2885 cum
1415 2823 1502 2885 sit

20 3013 21 3024 ἵ
68 2929 406 2995 formarum
438 2933 665 3011 finita,
686 2956 959 2998 necesse
992 2943 1095 2998 est
1125 2956 1296 3019 quae
1328 2938 1571 3001 similes
1604 2938 1740 3001 sint

70 3064 194 3107 esse
218 3047 522 3110 infinitas
542 3095 557 3121 ‚
583 3054 699 3111 aut
727 3070 1041 3112 summam
1071 3050 1373 3114 materiai

68 3157 289 3224 finitam
320 3169 647 3225 constare
668 3209 682 3236 ‚
704 3162 776 3224 id
808 3162 992 3248 quod
1020 3185 1156 3227 non
1189 3186 1336 3228 esse
1365 3166 1717 3250 probavi.]

20 3265 21 3272 ἵ
133 3273 450 3339 Protinus
484 3267 837 3340 ostendam
868 3279 1266 3363 corpuscula
1295 3282 1593 3352 materiai

19 3395 41 3443 υ
69 3406 135 3448 ex
157 3388 412 3453 infinito
447 3411 767 3453 summam
794 3413 1011 3455 rerum
1043 3415 1257 3478 usque
1284 3393 1546 3468 tenere,

68 3501 338 3588 undique
370 3504 647 3589 protelo
678 3504 1018 3591 plagarum
1052 3508 1472 3572 continuato.

69 3634 195 3677 nam
223 3618 415 3701 quod
446 3638 604 3681 rara
631 3617 819 3682 vides
848 3621 1056 3704 magis
1089 3643 1237 3684 esse
1268 3624 1570 3687 animalia
1601 3624 1952 3709 quaedam,

70 3725 543 3816 fecundamque
574 3732 785 3796 minus
815 3713 1120 3798 naturam
1152 3739 1364 3800 cernis
1393 3739 1463 3801 in
1490 3739 1648 3813 illis,

71 3849 129 3903 at
150 3847 421 3930 regione
452 3846 743 3930 locoque
773 3849 899 3911 alio
932 3850 1262 3934 terrisque
1292 3854 1564 3916 remotis

2237 367 2322 433 57

74 4158 153 4203 512
186 4157 279 4208 sed
314 4167 589 4214 omissum.
642 4159 662 4227 ΙΙ
699 4167 794 4212 514
831 4162 1042 4215 infinitis
1082 4163 1101 4230 ΙΙ
1139 4171 1233 4215 515
1271 4165 1563 4235 hiemisque
1601 4166 1620 4234 [Ι
1659 4174 1754 4219 517
1796 4167 1983 4221 Omnis
2022 4168 2042 4236 ΙΙ
2082 4176 2179 4223 518
2220 4170 2304 4221 In-

76 4243 142 4286 ter
171 4248 417 4312 utrasque
455 4242 476 4308 ΙΙ
519 4248 618 4295 520
658 4243 853 4313 Ancipi
887 4246 906 4313 ΙΙ
949 4251 1040 4298 521
1082 4247 1190 4298 Hin
1227 4247 1470 4317 ssammps
1506 4248 1526 4315 ΙΙ
1567 4248 1766 4301 infessa
1808 4249 1826 4315 ΙΙ
1865 4257 1961 4302 529
1989 4250 2247 4303 Versibus
2285 4250 2305 4319 ΙΙ

78 4322 156 4370 533
191 4325 355 4393 magis
