2840 5008
387 433 430 499 8
1503 432 1534 498 Ι

382 626 520 668 11011
547 604 717 667 radii
746 603 907 668 solis
935 624 1156 688 neque
1182 602 1409 666 lucida
1437 604 1571 667 tela
1601 602 1731 667 diei

378 708 749 782 'discutiant
766 767 782 794 ,
806 718 930 783 sed
957 725 1237 782 naturae
1267 718 1527 805 species
1555 719 1895 803 ratioque.

383 833 775 919 principium
808 834 993 896 cuius
1021 832 1177 895 hinc
1204 833 1399 896 nobis
1431 811 1711 896 exordia
1741 841 1987 907 sumet,

244 965 338 1010 150
381 930 627 1011 nullam
654 967 795 1009 rem
826 969 861 1009 e
890 947 1024 1010 nilo
1054 947 1234 1031 gigni
1265 946 1585 1011 divinitus
1614 969 1955 1030 umquam.

387 1063 634 1147 quippe
661 1062 757 1124 ita
783 1059 1070 1124 formido
1101 1060 1398 1126 mortalis
1432 1062 1728 1125 continet
1759 1062 1971 1124 omnis
1993 1110 2007 1135 ,

386 1175 573 1261 quod
601 1175 808 1239 multa
836 1177 903 1239 in
933 1176 1130 1238 terris
1157 1176 1299 1239 fieri
1329 1174 1652 1259 caeloque
1683 1163 1983 1250 tuentur,

388 1312 671 1375 quorum
701 1312 977 1375 operum
1008 1309 1244 1352 causas
1273 1288 1456 1351 nulla
1484 1290 1742 1352 ratione
1773 1289 2002 1353 videre

386 1411 672 1490 possunt
700 1425 779 1466 ac
806 1404 949 1468 fieri
979 1402 1205 1466 divino
1234 1403 1499 1465 numine
1528 1412 1760 1466 rentur
1778 1450 1792 1464 .

246 1535 340 1580 156
386 1540 553 1602 quas
585 1519 671 1581 ob
702 1538 812 1580 res
841 1517 955 1580 ubi
982 1515 1344 1580 viderimus
1373 1516 1468 1579 nil
1495 1537 1700 1602 posse
1732 1517 1944 1580 creari

386 1631 471 1694 (16
500 1633 634 1695 nilo
655 1680 670 1707 ,
697 1639 838 1693 tum
870 1629 1055 1715 quod
1084 1631 1419 1715 sequimur
1447 1632 1576 1695 iam
1604 1633 1853 1695 rectius
1882 1629 2039 1694 inde

382 1746 857 1831 perspiciemus
876 1794 890 1820 ,
916 1754 985 1808 et
1011 1744 1191 1807 unde
1224 1751 1427 1829 queat
1453 1767 1563 1810 res
1598 1766 1904 1830 quaeque
1936 1747 2145 1810 creari

246 1878 338 1922 155
386 1868 453 1924 et
484 1882 616 1945 quo
651 1880 957 1944 quaeque
984 1858 1186 1923 modo
1217 1859 1380 1924 fiant
1409 1881 1618 1945 opera
1646 1861 1788 1923 sine
1820 1859 2071 1925 divom.

248 1991 341 2036 159
468 1974 641 2037 Nam
671 1975 727 2038 si
760 1973 844 2037 de
873 1975 1009 2038 nilo
1039 1975 1309 2048 fierent,
1334 1976 1419 2038 ex
1448 1950 1959 2039 omnibu⁵'rebus

390 2110 584 2152 omne
614 2110 824 2173 genus
853 2090 1040 2153 nasci
1069 2096 1304 2173 posset
1322 2137 1337 2163 ,
1359 2090 1453 2153 nil
1481 2091 1729 2154 semine
1760 2098 2018 2176 egeret.

232 723 263 736 ,o

390 2225 425 2265 e
453 2223 632 2264 mare
660 2204 940 2286 primum
966 2204 1271 2268 homines
1290 2251 1304 2277 ,
1331 2224 1366 2266 e
1397 2215 1579 2268 terra
1605 2214 1839 2291 posset
1869 2205 2028 2268 oriri

389 2316 878 2401 squamigerum
906 2338 1116 2409 genus
1149 2325 1216 2381 et
1244 2317 1554 2383 {solueres
1586 2341 1931 2405 erumpere
1963 2320 2176 2382 caelo:

388 2437 688 2495 armenta
716 2437 918 2516 atque
948 2430 1112 2493 aliae
1140 2431 1439 2517 pecudes
1458 2480 1472 2508 ,
1497 2454 1708 2519 genus
1740 2454 1933 2496 omne
1962 2432 2285 2508 ferarum,

387 2547 643 2610 incerto
673 2553 872 2630 partu
905 2544 1086 2607 culta
1117 2566 1196 2609 ac
1227 2518 1497 2667 ἃ,
1523 2554 1857 2612 tenerent:

250 2677 342 2724 165
386 2683 512 2724 nec
540 2660 798 2723 fructus
829 2658 1004 2721 idem
1035 2659 1387 2723 arboribus
1419 2668 1729 2723 constare
1760 2664 2084 2737 solerent,

391 2774 514 2838 sed
540 2779 986 2848 mutarentur,
1008 2773 1186 2836 ferre
1218 2792 1450 2835 omnes
1777 2784 2041 2840 ossent.

312 2873 319 2880 ⁰
392 2888 639 2973 quippe
659 2934 673 2960 ,
694 2886 809 2948 ubi
837 2907 975 2947 non
1007 2892 1234 2947 essent
1262 2766 1894 2992 genitamra
1924 2890 2191 2973 cuique,

397 3002 511 3085 qui
540 3005 778 3086 posset
807 3003 1017 3059 mater
1046 2996 1247 3060 rebus
1278 3000 1648 3061 consistere
1678 3000 1907 3062 certa?

391 3122 460 3178 at
488 3134 665 3176 nunc
695 3111 1053 3175 seminibus
1084 3109 1241 3193 quia
1271 3110 1472 3174 certis
1505 3131 1811 3195 quaeque
1844 3119 2183 3186 creantur,

252 3247 344 3292 170
387 3228 545 3292 inde
577 3228 907 3290 enascitur
936 3232 1140 3309 atque
1170 3245 1324 3288 oras
1353 3224 1422 3286 in
1450 3224 1710 3287 luminis
1742 3225 1909 3301 exit,

392 3342 701 3406 materies
729 3341 843 3405 ubi
869 3341 1045 3402 inest
1073 3338 1394 3423 cuiusque
1426 3347 1494 3402 et
1523 3361 1812 3424 corpora
1838 3341 2079 3426 prima:

393 3465 596 3542 atque
624 3456 753 3519 hac
782 3475 854 3518 re
884 3461 1230 3538 nequeunt
1259 3475 1342 3518 ex
1373 3453 1677 3517 omnibus
1710 3455 1927 3517 omnia
1953 3455 2165 3540 gigni,
2186 3436 2361 3594 .

396 3570 581 3657 quod
610 3569 811 3634 certis
838 3569 907 3631 in
935 3570 1135 3633 rebus
1163 3569 1339 3632 inest
1368 3576 1630 3632 secreta
1655 3567 1970 3633 facultas.

393 3692 742 3771 praeterea
773 3705 891 3747 cur
919 3704 1076 3746 vere
1105 3705 1327 3747 rosam
1346 3733 1360 3759 ,
1382 3683 1718 3747 frumenta
1747 3684 1967 3769 calore
1984 3732 1999 3757 ‚
2255 3736 2321 3797 .

254 3819 346 3864 175
391 3802 566 3864 vites
597 3806 913 3862 autumno
944 3796 1135 3861 fundi
1165 3798 1491 3863 suadente
1520 3798 1858 3888 videmus,
1951 3873 1964 3876 „

395 3915 452 3978 si
480 3935 616 3977 non
635 3961 650 3988 ,
673 3921 857 3976 certa
885 3935 1007 3976 suo
1041 3913 1196 3996 quia
1224 3921 1526 3999 tempore
1557 3914 1808 3977 semina
1835 3934 2056 3976 rerum

396 4050 545 4091 cum
575 4027 1042 4091 confluxerunt
1060 4074 1075 4101 ,
1097 4036 1256 4111 pate
1282 4028 1359 4090 fit
1389 4027 1576 4111 quod
1606 4049 1889 4112 cumque
1919 4032 2183 4091 creatur
2200 4073 2213 4099 ‚

398 4142 554 4206 dum
584 4131 1017 4227 tempestates
1048 4139 1299 4205 adsunt
1328 4149 1397 4206 et
1425 4141 1648 4205 vivida
1675 4142 1874 4206 tellus

409 4392 502 4437 158
538 4393 595 4438 ut
633 4386 654 4453 ΙΙ
696 4393 788 4439 168
825 4386 1004 4439 derta.
1043 4388 1064 4454 ΙΙ
1107 4392 1201 4438 176
1238 4387 1326 4455 qui
1363 4387 1383 4452 ΙΙ
1427 4390 1520 4437 177
1559 4393 1766 4438 oreatu.
