2840 5008
484 376 579 443 98
1562 372 1655 439 III

479 549 548 610 in
576 567 648 609 se
678 548 958 610 animam
987 556 1190 630 atque
1217 546 1287 608 in
1317 566 1434 609 eos
1464 548 1714 630 poterit
1743 545 2144 610 concludere
2173 555 2426 622 motus,

336 679 432 724 575
479 683 651 746 quos
682 669 836 723 ante
863 662 932 723 in
959 661 1182 724 nervis
1215 667 1281 723 et
1306 661 1375 722 in
1401 661 1553 747 ipso
1585 682 1872 745 corpore
1901 662 2174 745 agebat.

479 797 686 860 quare
718 776 912 838 etiarn
943 782 1146 860 atque
1177 774 1371 837 etiam
1400 775 1698 839 resoluto
1732 775 2034 859 corporis
2066 777 2243 838 omni

477 890 764 975 tegmine
795 898 861 953 et
891 889 1116 952 eiectis
1148 896 1339 952 extra
1364 890 1676 954 vitalibus
1706 890 1882 952 auris

477 1002 756 1067 dissolui
785 1025 1023 1066 sensus
1054 1003 1247 1065 animi
1275 1002 1530 1066 fateare
1558 1012 1901 1067 necessest

475 1126 678 1204 atque
709 1119 1017 1192 animam,
1043 1117 1353 1201 quoniam
1383 1119 1803 1181 coniunctast
1834 1138 2033 1180 causa
2064 1116 2356 1180 duobuS.

333 1249 435 1294 580
470 1217 476 1225 ⁸
555 1231 860 1317 Denique
891 1253 1040 1294 cum
1070 1252 1316 1317 corpus
1347 1241 1640 1315 nequeat
1667 1232 1965 1316 perferre
1995 1233 2230 1294 animai

474 1344 857 1418 discidium,
884 1346 1042 1427 quin
1069 1345 1139 1406 in
1164 1339 1385 1408 taetro
1414 1347 1718 1409 tabescat
1748 1345 1961 1409 odore
1980 1395 1994 1417 ,

477 1457 639 1544 quid
671 1457 936 1520 dubitas
968 1457 1128 1539 quin
1158 1476 1241 1518 ex
1268 1459 1399 1521 imo
1430 1461 1832 1544 penitusque
1865 1469 2101 1523 coorta

477 1572 798 1636 emanarit
826 1570 922 1632 uti
949 1568 1168 1632 fumus
1201 1568 1442 1632 diffusa
1471 1575 1723 1636 animae
1752 1575 1852 1635 vis
1871 1623 1886 1644 ,

476 1696 678 1771 atque
707 1683 860 1747 ideo
890 1692 1081 1746 tanta
1107 1691 1429 1747 mutatum
1458 1693 1654 1768 putre
1682 1688 1873 1750 ruina

303 1818 427 1865 ,585
474 1798 843 1865 conciderit
872 1817 1116 1885 corpus
1137 1846 1151 1872 ‚
1173 1787 1440 1883 penitus
1471 1800 1627 1884 quia
1653 1808 1834 1862 mota
1861 1800 2009 1863 loco
2042 1810 2200 1864 sunt

473 1913 910 1979 fundamenta
928 1961 942 1988 ‚
963 1912 1149 1976 foras
1178 1922 1488 1977 manant-e
1519 1914 1733 1975 anima
1760 1934 1973 1996 usque
2002 1937 2128 1998 per
2152 1924 2341 1979 artus

471 2050 725 2116 perque
753 2029 1008 2091 viarum
1039 2028 1250 2090 omnis
1278 2027 1490 2090 flexus
1511 2075 1525 2102 ‚
1546 2028 1614 2089 in
1646 2048 1928 2113 corpore
1960 2028 2074 2110 qui
2104 2039 2259 2092 sunt
2278 2079 2292 2099 ,

473 2152 676 2228 atque
704 2142 1076 2206 foramina?
1098 2141 1504 2205 multimodis
1534 2151 1611 2205 ut
1637 2162 1918 2204 noscere
1949 2144 2166 2224 possis

407 2304 421 2320 x
473 2258 885 2347 dispertitam
918 2258 1170 2321 animae
1199 2264 1502 2320 naturam
1534 2257 1749 2319 exisse
1778 2277 1900 2340 per
1930 2263 2117 2318 artus
2136 2305 2150 2328 ‚
2225 2239 2234 2246 ’

329 2389 425 2436 590
472 2383 541 2437 et
569 2374 754 2460 prius
786 2394 930 2436 esse
961 2372 1084 2434 sibi
1118 2370 1506 2434 distractam
1538 2392 1823 2454 corpore
1851 2371 1918 2432 in
1949 2371 2096 2455 ipso
2115 2419 2130 2442 ,

469 2510 667 2573 quam
697 2487 1015 2575 prolapsa
1042 2486 1227 2550 foras
1259 2496 1489 2550 enaret
1516 2485 1585 2548 in
1615 2485 1785 2549 acris
1815 2506 2041 2548 auras,

468 2604 629 2688 quin
661 2604 853 2666 etiam
883 2603 1031 2666 finis
1063 2601 1219 2664 dum
1248 2603 1425 2665 vitae
1454 2603 1738 2665 vertitur
1766 2601 1972 2675 intra,

467 2740 670 2803 saepe
701 2718 921 2801 aliqua
947 2696 1167 2781 tamen
1201 2738 1235 2779 e
1267 2739 1470 2780 causa
1497 2715 1825 2780 labefacta
1856 2716 2124 2779 videtur

466 2832 562 2894 ire
593 2833 809 2894 anima
837 2853 915 2894 ac
946 2840 1092 2895 toto
1124 2832 1292 2894 solui
1326 2831 1411 2894 de
1443 2853 1728 2918 corpore
1759 2831 1932 2894 velle
1955 2880 1969 2905 ‚

322 2962 419 3007 595
464 2954 532 3010 et
562 2946 752 3030 quasi
781 2967 1090 3032 supremo
1120 2945 1552 3028 languescere
1582 2953 1883 3028 tempore
1915 2945 2168 3014 voltUS‚

462 3061 815 3144 molliaque
849 3059 1169 3142 exsangui
1202 3065 1438 3120 trunco
1471 3056 1713 3119 cadere
1745 3059 1962 3121 omnia
1988 3058 2308 3120 membra.

463 3173 649 3257 quod
677 3195 887 3258 genus
920 3181 1056 3247 est,
1080 3173 1296 3235 animo
1331 3171 1498 3235 male
1526 3172 1774 3235 factum
1805 3193 1953 3233 cum
1981 3169 2373 3256 perhibetur

463 3294 578 3349 aut
606 3289 887 3350 animam
916 3287 1188 3371 liquisse
1208 3311 1223 3362 3
1246 3288 1357 3350 ubi
1385 3288 1514 3350 iam
1544 3285 1919 3373 trepidatur
1950 3294 2017 3350 et
2046 3305 2276 3348 omnes

459 3409 823 3463 extremum
857 3402 1132 3485 cupiunt
1161 3402 1337 3465 vitae
1368 3401 1907 3488 repraehendere
1937 3401 2253 3491 yinclum:

313 3531 412 3578 600
459 3523 946 3601 conquassatur
977 3516 1146 3578 enirn
1177 3524 1316 3579 tum
1340 3539 1529 3580 mens
1559 3518 1946 3603 animaeque
1977 3525 2283 3604 potestas

456 3632 668 3695 omnis
687 3681 702 3707 ‚
727 3640 795 3696 et
821 3631 990 3695 haec
1018 3631 1167 3716 ipso
1200 3654 1346 3694 cum
1378 3654 1665 3717 corpore
1695 3635 1974 3697 conlabe
2000 3633 2197 3706 fiunt3

450 3754 528 3810 ut
555 3748 822 3831 gravior
851 3748 1050 3832 paulo
1082 3747 1299 3832 possit
1329 3747 1700 3811 dissolvere
1733 3771 1964 3813 causa.

453 3859 617 3944 quid
648 3860 915 3926 dubitas
943 3862 1212 3926 tandem
1245 3864 1404 3947 quin
1437 3873 1628 3927 extra
1657 3863 1926 3950 prodita
1956 3885 2200 3950 corpus

452 4179 549 4225 574
588 4172 723 4224 Sese
759 4174 931 4225 anima
984 4175 1003 4243 ΙΙ
1058 4181 1155 4226 576
1197 4175 1348 4238 Quae
1398 4178 1416 4245 Η
1456 4182 1554 4227 578
1591 4176 1780 4229 satiare
1817 4177 1835 4244 Η
1874 4183 1971 4229 580
2009 4193 2213 4246 nequea
2249 4177 2268 4245 Η
2308 4182 2403 4227 582
2444 4193 2506 4228 ea
2543 4179 2645 4230 imo
2681 4180 2699 4247 Η

452 4261 548 4306 583
586 4254 759 4307 anima
785 4256 924 4309 eius·
961 4258 979 4325 ΙΙ
1023 4263 1119 4307 586
1156 4268 1369 4310 manant
1394 4260 1701 4327 animaeque
1737 4261 1756 4328 Η
1796 4265 1893 4310 594
1923 4277 2159 4329 corpore
2185 4262 2357 4311 omnia
2386 4262 2646 4313 membra.
2682 4264 2699 4330 Η

449 4343 546 4387 596
587 4338 834 4406 easangui
875 4339 894 4407 ΙΙ
931 4348 1119 4390 trunco
1155 4349 1422 4394 omismtm.
1461 4342 1480 4409 Η
1522 4347 1617 4391 597
1657 4343 1889 4410 peribet.
