2840 5008
488 407 582 477 68
1588 405 1669 472 11·

490 599 779 665 corpora
806 578 1019 662 prima
1046 597 1311 640 manere
1332 624 1348 652 ‚
1371 576 1570 639 etiam
1599 586 1862 642 secreta
1889 581 2142 663 teporis

486 700 644 755 sunt
670 713 750 756 ac
778 691 1043 775 frigoris
1077 691 1341 754 omnino
1374 689 1707 776 calidique
1737 692 2008 776 vaporis
2027 739 2042 764 ‚

343 824 441 869 845
487 815 555 871 et
583 806 806 870 sonitu
836 805 1065 869 sterila
1094 813 1163 868 et
1191 826 1352 868 suco
1382 805 1602 868 ieiuna
1629 805 1964 880 feruntur,

485 941 613 983 nec
641 920 889 983 iaciunt
914 920 1117 983 ullum
1147 920 1422 1004 proprio
1455 918 1540 982 de
1571 941 1857 1005 corpore
1887 920 2191 985 odorem.

486 1035 660 1099 sicut
688 1034 1043 1098 amaracini
1070 1032 1388 1097 blandum
1418 1042 1808 1118 stactaeque
1837 1034 2162 1118 liquorem
2191 1070 2196 1075 -

487 1157 554 1212 et
580 1147 775 1212 nardi
797 1148 1031 1230 florem
1049 1198 1063 1222 ‚
1086 1156 1317 1211 nectar
1348 1148 1461 1233 qui
1490 1148 1762 1211 naribus
1791 1149 2008 1223 halat,

487 1285 633 1327 cum
662 1261 883 1326 facere
911 1263 1221 1327 instituas
1243 1311 1257 1334 ‚
1282 1284 1432 1325 cum
1460 1263 1687 1345 primis
1721 1284 2040 1347 quaerere
2072 1284 2192 1350 par
2225 1249 2358 1338 est,

339 1395 437 1440 850
483 1400 616 1462 quo
648 1376 738 1440 ad
765 1377 923 1439 licet
952 1398 1029 1440 ac
1058 1376 1237 1462 potis
1268 1397 1340 1438 es
1369 1377 1696 1462 reperire,
1720 1377 2028 1440 inolentis
2059 1377 2211 1442 olivi

480 1500 786 1556 naturam
804 1539 819 1564 ‚
842 1491 1087 1553 nullam
1118 1510 1289 1574 quae
1317 1491 1539 1554 mittat
1567 1491 1838 1554 naribus
1869 1512 2094 1554 auram
2114 1539 2130 1565 ‚

484 1626 683 1689 quam
709 1605 972 1667 minime
999 1610 1078 1668 ut
1106 1605 1320 1689 possit
1347 1596 1594 1670 mixtos
1622 1606 1691 1669 in
1722 1626 2006 1690 corpore
2035 1604 2279 1668 odores

484 1726 982 1803 concoctosque
1011 1740 1133 1781 suo
1167 1723 1596 1784 contractans
1624 1718 1911 1803 perdere
1939 1720 2083 1783 viro
2102 1768 2116 1793 ‚

479 1841 761 1918 propter
792 1832 1069 1895 eandem
1097 1855 1237 1896 rem
1268 1831 1521 1897 debent
1549 1832 1914 1918 primordia
1943 1856 2163 1897 rerum

338 1965 436 2011 855
480 1969 619 2010 non
649 1946 970 2011 adhibere
1000 1970 1190 2011 suum
1219 1946 1575 2032 gignundis
1605 1949 1804 2012 rebus
1836 1947 2111 2012 odorem
2130 1997 2146 2024 ‚

478 2083 603 2125 nec
631 2062 952 2137 sonitum,
977 2062 1293 2146 quoniam
1321 2062 1413 2125 nil
1443 2063 1528 2125 ab
1558 2084 1632 2125 se
1660 2063 1919 2127 mittere
1948 2070 2261 2146 possunt,

479 2198 605 2239 nec
635 2176 825 2240 simili
853 2172 1121 2240 ratione
1143 2197 1453 2259 saporem
1486 2175 1773 2261 denique
1805 2197 2203 2261 quemquam

479 2312 604 2354 nec
632 2289 840 2374 frigus
868 2311 1088 2374 neque
1115 2290 1272 2352 item
1303 2289 1589 2352 calidum
1617 2290 2051 2376 tepidumque
2081 2311 2432 2374 vaporem,

479 2414 734 2480 cetera3
761 2425 930 2488 quae
962 2386 1110 2465 cum
1141 2404 1235 2466 ita
1264 2412 1423 2467 sunt
1453 2413 1674 2468 tamen
1703 2414 1779 2470 ut
1806 2405 2111 2468 mort-alia
2140 2413 2487 2481 constent,

333 2537 432 2584 860
474 2520 658 2583 molli
684 2519 866 2583 lenta
884 2566 898 2593 ,
921 2518 1193 2602 fragosa
1220 2519 1435 2603 putri,
1460 2541 1625 2584 cava
1654 2542 1936 2606 corpore
1964 2542 2119 2584 raro
2136 2570 2151 2595 ‚

478 2634 697 2697 omnia
723 2632 858 2726 sint
886 2654 925 2695 a
952 2631 1293 2717 principiis
1321 2634 1624 2698 seiuncta
1650 2643 2020 2710 necessest,

475 2746 851 2812 inmortalia
877 2746 934 2808 si
961 2746 1268 2812 volumus
1298 2748 1697 2833 subiungere
1727 2751 1927 2813 rebus

476 2859 910 2924 fundamenta
930 2909 944 2935 ‚
966 2860 1207 2943 quibus
1236 2860 1488 2925 nitatur
1516 2884 1770 2925 summa
1798 2863 2057 2938 salutis3
2127 2870 2132 2936 j

474 2998 561 3039 ne
590 2974 711 3038 tibi
739 2995 846 3036 res
875 2972 1161 3036 redeant
1189 2972 1281 3036 ad
1307 2975 1512 3037 nilum
1540 2974 1839 3039 funditus
1872 2997 2129 3039 omnes,

330 3107 428 3153 865
554 3088 752 3153 Nunc
783 3109 861 3151 ea
891 3109 1061 3174 quae
1092 3088 1339 3153 sentire
1369 3087 1670 3153 videmus
1699 3112 1979 3174 cumque
2008 3098 2350 3154 necessest

475 3225 559 3267 ex
585 3203 1004 3267 insensilibus
1034 3211 1255 3267 tamen
1287 3204 1506 3267 omnia
1535 3205 1892 3269 confiteare

471 3318 810 3405 principiis
844 3327 1154 3382 constare
1173 3367 1187 3381 .
1210 3340 1430 3403 neque
1459 3318 1531 3383 id
1559 3319 1933 3384 manufesta
1959 3319 2258 3383 refutant

471 3455 594 3496 nec
624 3440 861 3496 contra
889 3439 1222 3518 pugnant,
1244 3433 1313 3494 in
1343 3442 1660 3518 promptu
1690 3435 1956 3519 cognita
1988 3454 2157 3517 quae
2188 3441 2369 3509 sunt,

469 3546 594 3617 sed
619 3548 825 3632 magis
855 3548 1002 3635 ipsa
1029 3568 1228 3609 manu
1259 3545 1514 3610 ducunt
1545 3556 1611 3611 et
1641 3547 1915 3612 credere
1948 3559 2196 3633 cogunt

329 3677 426 3724 870
473 3682 556 3724 ex
582 3662 1002 3726 insensilibus
1021 3710 1037 3736 ‚
1062 3659 1246 3746 quod
1278 3659 1428 3723 dico
1449 3710 1465 3736 ‚
1487 3661 1790 3725 animalia
1815 3662 2019 3746 gigni.

470 3776 719 3860 quippe
748 3775 976 3840 videre
1005 3777 1161 3840 licet
1190 3776 1380 3840 vivos
1413 3776 1697 3840 existere
1727 3797 1983 3841 vermes

467 3896 762 3952 stercore
793 3889 877 3953 de
908 3899 1126 3955 taetro
1150 3938 1165 3964 ‚
1188 3899 1500 3974 putorem
1531 3913 1679 3953 cum
1709 3891 1832 3955 sibi
1859 3898 2060 3955 nacta
2090 3900 2193 3955 est

434 4061 435 4064 ,
466 4002 942 4087 intempestivis
975 4025 1058 4067 ex
1086 4004 1405 4069 imbribus
1434 4004 1660 4068 umida
1687 4005 1915 4081 tellus3

470 4286 568 4334 845
608 4288 765 4336 etuna
808 4282 827 4352 ΙΙ
874 4281 1282 4353 846Ῥι·ορι·ἰιιιη
1332 4286 1352 4352 Η
1399 4291 1499 4336 850
1540 4283 1698 4348 Quod
1745 4285 1765 4354 Η
1812 4286 1991 4355 possis
2027 4285 2047 4353 Η
2089 4290 2186 4335 853
2226 4292 2529 4339 contractas
2565 4289 2586 4358 ΙΙ
2625 4292 2716 4341 854

462 4380 575 4417 rem
608 4372 871 4419 omi88um.
906 4366 928 4434 Η
966 4371 1064 4419 860
1103 4365 1292 4419 Mollia
1327 4368 1348 4434 Η
1386 4371 1483 4419 867
1522 4368 1869 4436 co11sistare,u
1908 4374 2180 4437 reputant.
2219 4367 2239 4436 Η
2278 4373 2375 4420 872
2414 4369 2590 4427 inacta
