2840 5008
487 361 629 429 208
1489 464 1494 469 ὁ
1566 357 1664 426 VI

483 535 823 620 suscipere
850 534 1021 598 haee
1051 531 1247 596 animi
1275 531 1634 616 tranquilla
1664 554 1829 620 paee
1860 534 2138 600 valebis,

479 650 638 715 inde
668 649 897 715 videre
927 624 1083 712 lieet
1114 648 1326 733 qualis
1353 648 1484 712 iam
1512 648 1650 711 vita
1678 654 2028 732 sequatur.

360 785 424 830 80
487 787 686 852 quam
717 763 984 850 quidem
1013 772 1090 848 ut
1119 784 1158 826 a
1186 763 1383 829 nobis
1411 762 1583 827 ratio
1614 763 1959 827 verissima
1985 763 2184 850 longe

482 882 713 946 reiciat
730 929 745 957 ,
770 899 1169 965 quamquam
1199 886 1358 942 sunt
1386 899 1428 941 a
1455 898 1559 940 me
1590 878 1797 943 multa
1823 878 2161 963 profecta,

481 997 689 1061 multa
716 1004 938 1060 tamen
966 1000 1230 1059 restant
1260 1000 1326 1057 et
1354 1001 1514 1057 sunt
1543 992 1844 1057 ornanda
1872 993 2096 1079 politis

481 1113 820 1177 versibus:
846 1118 949 1175 est
975 1109 1145 1174 ratio
1173 1106 1473 1193 fulgendi
1502 1108 1738 1193 visque
1766 1108 2077 1184 tonandi‚

485 1237 643 1293 sunt
669 1232 1106 1312 tempestates
1139 1230 1207 1288 et
1233 1222 1507 1287 fulmina
1538 1222 1718 1287 clara
1749 1222 2081 1299 canenda,

361 1362 424 1407 85
488 1343 691 1430 [quid
718 1341 969 1406 faciant
999 1347 1065 1405 et
1096 1361 1228 1425 qua
1258 1338 1342 1402 de
1375 1360 1580 1403 eausa
1609 1360 1891 1424 eumque
1920 1337 2249 1416 ferantur3

482 1481 568 1524 ne
596 1455 893 1543 trepides
923 1456 1087 1521 caeli
1117 1454 1346 1519 divisis
1375 1454 1680 1542 partibus
1710 1474 1970 1529 amem,

483 1572 665 1639 unde
692 1573 930 1637 volans
960 1571 1129 1656 ignis
1157 1569 1543 1655 pervenerit
1572 1577 1688 1634 aut
1715 1569 1784 1632 in
1812 1576 2030 1633 utram
2067 1590 2141 1633 se

485 1688 767 1754 verterit
792 1687 949 1750 hine
978 1686 1217 1772 partim
1235 1734 1250 1761 ‚
1275 1706 1409 1770 quo
1441 1692 1644 1771 paeto
1673 1705 1798 1771 per
1825 1685 1977 1749 loca
2006 1692 2199 1770 septa

485 1802 869 1878 insinuarit,
897 1809 966 1865 et
991 1800 1148 1864 hine
1179 1800 1559 1865 dominatus
1588 1807 1666 1863 ut
1696 1799 2008 1863 extulerit
2036 1820 2109 1862 se
2126 1800 2179 1883 .]

362 1937 427 1984 90
490 1940 774 2005 quorum
803 1938 1082 2002 operum
1113 1937 1350 1980 causas
1379 1915 1563 1979 nulla
1589 1915 1849 1979 ratione
1878 1913 2110 1978 videre

484 2041 773 2122 possunt
802 2054 881 2097 ao
908 2032 1051 2097 fieri
1081 2030 1306 2097 divino
1337 2031 1603 2095 numine
1631 2037 1891 2095 rentur.

482 2159 560 2216 tu
586 2149 745 2213 mihi
774 2168 1126 2234 supremae
1153 2146 1571 2234 praeseribta
1600 2145 1689 2210 ad
1719 2143 2010 2210 eandida
2039 2145 2236 2209 calcis

488 2265 780 2330 currenti
810 2264 1096 2350 spatium
1125 2269 1593 2349 praemonstra
1610 2311 1625 2337 ,
1650 2261 1890 2325 callida
1916 2282 2106 2325 musa

488 2381 814 2466 Calliope,
843 2378 1111 2464 requies
1141 2377 1482 2442 hominum
1512 2366 1872 2461 divomque
1899 2376 2243 2463 voluptaS‚

360 2515 424 2560 95
485 2507 553 2563 te
585 2496 755 2561 duee
785 2502 858 2560 ut
885 2493 1125 2580 insigni
1156 2491 1411 2579 capiam
1442 2515 1589 2557 eum
1617 2488 1818 2557 laude
1850 2513 2198 2556 eoronam.

567 2611 906 2699 Principio
938 2610 1195 2675 tonitru
1225 2610 1615 2694 quatiuntur
1645 2599 1912 2673 caerula
1940 2607 2104 2671 caeli

485 2735 848 2816 propterea
877 2726 1033 2812 quia
1061 2733 1471 2789 concurrunt
1499 2724 1776 2789 sublime
1804 2724 2114 2789 volantes

489 2843 824 2907 aetheriae
850 2842 1065 2905 nubes
1096 2847 1332 2905 eontra
1358 2839 1793 2926 pugnantibu’
1822 2838 2039 2902 ventis
2055 2885 2070 2901 .

485 2978 613 3022 nee
639 2956 717 3020 fit
747 2957 916 3019 enim
946 2956 1203 3020 sonitus
1235 2956 1396 3019 caeli
1430 2954 1513 3018 de
1542 2964 1738 3040 parte
1767 2974 2032 3029 serena,

351 3091 441 3137 100
486 3093 718 3137 verum
747 3071 860 3135 ubi
891 3091 1172 3155 eumque
1200 3072 1409 3156 magis
1443 3069 1653 3134 denso
1685 3077 1843 3133 sunt
1871 3069 2128 3153 agmine
2157 3069 2399 3142 nubeS‚

487 3196 625 3252 tam
651 3187 860 3271 magis
888 3186 1044 3250 hino
1072 3207 1313 3271 magno
1342 3186 1645 3249 fremitus
1674 3185 1750 3248 fit
1777 3204 2110 3247 murmure
2140 3205 2341 3268 saepe
2358 3233 2371 3246 .

486 3310 839 3389 praeterea
867 3324 1086 3388 neque
1116 3311 1252 3365 tam
1283 3300 1629 3366 condenso
1662 3320 1946 3387 corpore
1973 3300 2186 3363 nubes

489 3439 636 3482 esse
668 3427 920 3503 queunt
951 3439 1149 3503 quam
1178 3424 1335 3481 sunt
1363 3415 1624 3502 lapides
1654 3437 1733 3478 ae
1763 3416 1949 3500 tigna
1967 3463 1983 3490 ‚
2008 3435 2227 3498 neque
2256 3420 2480 3478 autem

485 3542 624 3599 tam
652 3541 888 3597 tenues
921 3553 1119 3618 quam
1149 3539 1308 3595 sunt
1334 3532 1618 3596 nebulae
1646 3530 1940 3615 fumique
1971 3530 2307 3594 volantes:

344 3667 438 3714 105
482 3672 635 3713 nam
666 3647 908 3713 eadere
939 3648 1023 3711 ab
1053 3647 1253 3713 bruto
1286 3644 1615 3710 deberent
1642 3644 1945 3732 pondere
1973 3665 2249 3730 pressae

486 3772 562 3829 ut
589 3764 846 3849 lapides
867 3813 883 3840 ‚
906 3771 1021 3827 aut
1048 3771 1125 3827 ut
1150 3761 1370 3825 fumus
1403 3769 1715 3825 constare
1743 3759 2099 3845 nequirent

486 3900 612 3943 nee
644 3878 957 3943 cohibere
986 3879 1175 3943 nives
1205 3876 1464 3963 gelidas
1495 3885 1562 3941 et
1589 3875 1934 3962 grandinis
1963 3874 2188 3939 imbris
2210 3921 2223 3935 .

488 4202 552 4247 83
593 4202 645 4247 et
680 4196 815 4247 ratio
853 4192 1117 4262 eaelisque
1151 4192 1405 4245 tenenda.
1464 4192 1483 4262 ΙΙ
1533 4199 1597 4244 84
1635 4193 1852 4244 flumina
1888 4192 1907 4260 Η
1946 4195 2010 4241 86
2048 4187 2285 4260 trepidas
2325 4190 2344 4257 ΙΙ
2385 4193 2449 4240 87
2490 4202 2724 4259 pervene-

489 4288 572 4332 ret
625 4277 646 4346 ΙΙ
699 4284 760 4328 91
800 4277 894 4328 fier
950 4275 971 4344 Η
1024 4281 1087 4326 92
1125 4276 1443 4345 prescribita
1478 4294 1537 4329 ac
1576 4277 1595 4345 ΙΙ
1632 4275 1804 4329 callis.
1862 4275 1882 4343 Η
1936 4279 1998 4327 95
2038 4272 2179 4326 laudi
2232 4273 2253 4340 ΙΙ
2315 4278 2409 4323 102
2449 4272 2664 4326 Pretere
2710 4269 2726 4337 ΙΙ

488 4378 646 4414 nure.
686 4360 706 4429 ΙΙ
748 4365 841 4413 103
879 4358 1102 4430 pepides
1139 4376 1198 4411 ac
1236 4359 1377 4428 iigna
1413 4360 1433 4428 ΙΙ
1478 4367 1572 4412 105
1612 4360 1695 4412 avi
