2840 5008
434 358 573 425 ·64
1170 377 1176 383 ·
1543 356 1704 453 ‚11-

478 531 649 593 inter
680 550 752 592 se
780 530 1042 614 genitae
1073 549 1180 591 res
1211 548 1515 612 quaeque
1536 577 1551 603 ‚
1573 530 1666 592 ita
1696 550 2027 614 quamque
2056 542 2405 598 necessest

479 641 774 731 dissimili
805 650 1113 706 constare
1141 643 1353 729 figura
1382 643 1891 730 principiorum3

478 779 617 820 non
647 778 781 842 quo
811 759 1017 821 multa
1043 779 1276 842 parum
1308 758 1496 820 simili
1527 758 1659 821 sint
1687 757 1994 843 praedita
2020 760 2263 837 forma,

478 870 602 934 sed
632 874 786 956 quia
814 894 950 937 non
979 873 1179 957 volgo
1209 873 1397 956 paria
1428 872 1731 936 omnibus
1762 874 1981 936 omnia
2009 883 2352 940 constent:

333 1000 429 1046 725
475 987 725 1050 semina
754 1008 901 1049 cum
929 1009 1134 1073 porro
1166 985 1417 1049 distent
1436 1035 1451 1061 ‚
1482 985 1746 1050 differre
1775 996 2129 1052 necessust

473 1101 823 1164 intervalla
840 1148 856 1174 ,
876 1101 1020 1164 vias
1041 1149 1055 1176 ‚
1080 1122 1376 1164 conexus
1396 1150 1410 1176 ‚
1433 1099 1737 1186 pondera
1755 1150 1770 1175 ,
1790 1101 2023 1186 plagas
2042 1151 2057 1176 ‚

477 1236 847 1279 concursus
866 1263 881 1290 ‚
903 1222 1123 1278 motus
1145 1239 1160 1291 3
1184 1212 1355 1299 quae
1384 1237 1522 1278 non
1551 1215 1853 1278 animalia
1883 1217 2094 1279 solum

473 1351 761 1418 corpora
790 1330 1177 1413 seiungunt,
1201 1328 1323 1393 sed
1354 1338 1569 1393 terras
1600 1352 1676 1393 ac
1704 1350 1884 1391 mare
1914 1336 2130 1393 totum

477 1452 834 1508 secernunt
865 1443 1250 1527 caelumque
1281 1465 1321 1507 a
1346 1445 1544 1508 terris
1576 1465 1766 1509 omne
1795 1451 2160 1508 retentant.

327 1575 425 1622 730
550 1557 746 1621 Nunc
774 1578 897 1642 age
928 1556 1106 1621 dicta
1135 1579 1281 1621 meo
1315 1557 1492 1621 dulci
1522 1558 1821 1642 quaesita
1848 1558 2077 1622 labore

470 1673 741 1759 percipe
760 1721 775 1747 ‚
796 1693 881 1735 ne
909 1672 1085 1736 forte
1112 1671 1279 1736 haec
1310 1672 1479 1736 albis
1509 1694 1592 1735 ex
1622 1673 1775 1736 alba
1801 1674 2010 1736 rearis

471 1787 809 1873 principiis
840 1808 1020 1862 esse,
1044 1794 1198 1850 ante
1229 1787 1461 1850 oculos
1492 1807 1662 1871 quae
1694 1786 1982 1879 candida
2012 1789 2254 1863 cerniS‚

470 1909 586 1965 aut
615 1923 694 1964 ea
724 1922 895 1986 quae
924 1901 1190 1987 nigrant
1217 1901 1408 1984 nigro
1443 1899 1527 1963 de
1558 1902 1804 1965 semine
1833 1909 2022 1977 nata3

466 2017 617 2080 nive
646 2017 844 2080 alium
875 2015 1175 2101 quemvis
1194 2062 1209 2088 ‚
1235 2036 1368 2099 quo
1401 2022 1560 2078 sunt
1586 2016 1818 2079 inbuta
1848 2017 2101 2090 colore,

325 2147 425 2193 735
465 2139 827 2217 propterea
853 2151 1086 2215 gerere
1114 2129 1292 2193 hunc
1323 2127 1561 2193 credas
1581 2179 1595 2205 ‚
1619 2129 1803 2214 quod
1831 2131 2129 2204 materiai

470 2266 758 2330 corpora
788 2244 1111 2307 consimili
1139 2244 1272 2308 sint
1302 2244 1445 2307 eius
1475 2245 1685 2308 tincta
1713 2245 1968 2308 colore:

467 2361 686 2424 nullus
717 2360 884 2422 enim
916 2357 1104 2421 color
1135 2367 1237 2422 est
1266 2359 1534 2421 omnino
1565 2359 1858 2422 materiai

467 2475 895 2563 corporibus,
917 2493 1135 2557 neque
1163 2495 1286 2560 par
1313 2473 1517 2537 rebus
1546 2494 1764 2558 neque
1797 2453 2081 2559 denique
2112 2473 2372 2562 dispar.

463 2593 531 2653 in
563 2611 732 2673 quae
764 2609 1050 2674 corpora
1080 2589 1135 2651 si
1164 2588 1383 2652 nullus
1412 2587 1532 2652 tibi
1559 2586 1736 2651 forte
1768 2588 2029 2652 videtur

323 2722 423 2768 740
468 2724 671 2788 posse
702 2703 897 2765 animi
923 2702 1206 2766 iniectus
1235 2702 1375 2766 fieri
1394 2751 1408 2778 ‚
1430 2703 1668 2786 procul
1698 2703 1882 2766 avius
1915 2725 2125 2767 erras,

465 2839 617 2880 nam
649 2838 795 2879 cum
826 2817 1156 2901 caecigeni
1175 2865 1188 2890 ‚
1213 2817 1372 2879 solis
1403 2817 1516 2900 qui
1541 2817 1785 2879 lumina
1813 2838 2164 2901 numquam

468 2932 823 3018 dispexere
841 2978 856 3004 ‚
879 2938 1100 2994 tamen
1130 2939 1541 3015 cognoscant
1571 2951 1855 3014 corpora
1883 2938 2097 3018 tactu,

321 3066 420 3111 744
464 3047 633 3110 scire
663 3046 816 3109 licet
842 3052 1114 3108 nostrae
1145 3065 1415 3127 quoque
1444 3044 1648 3107 menti
1678 3065 1965 3128 corpora
1991 3067 2193 3128 posse

463 3161 639 3224 vorti
666 3160 733 3222 in
762 3158 1062 3222 notitiam
1091 3158 1273 3221 nullo
1307 3158 1551 3221 circum
1579 3158 1696 3221 lita
1722 3158 1901 3221 fuco,

467 3275 753 3359 denique
783 3296 910 3337 nos
938 3272 1067 3357 ipsi
1099 3272 1312 3336 caecis
1345 3293 1516 3357 quae
1547 3293 1827 3356 cumque
1855 3273 2147 3336 tenebris

463 3390 792 3475 tangimus
811 3437 826 3462 ‚
847 3386 1030 3451 haud
1059 3387 1194 3450 ullo
1227 3386 1544 3450 sentimus
1574 3388 1783 3449 tincta
1814 3385 2066 3449 colore.

461 3504 650 3594 quod
680 3504 988 3589 quoniam
1018 3502 1212 3565 vinco
1242 3500 1411 3575 fieri,
1435 3521 1612 3562 nunc
1644 3520 1790 3562 esse
1822 3498 2080 3563 docebo

316 3637 414 3684 743
461 3642 544 3684 ex
569 3620 841 3683 ineunte
872 3637 1039 3680 aevo
1068 3615 1251 3678 nullo
1284 3614 1637 3678 coniuncta
1668 3613 1921 3677 colore.

316 3751 414 3798 749
460 3733 670 3797 omnis
703 3733 872 3796 enim
904 3730 1090 3795 color
1120 3728 1385 3793 omnino
1415 3735 1709 3792 mutatur
1736 3728 1804 3790 in
1836 3727 2080 3803 omnis3

464 3846 899 3932 quod'facere
927 3844 1112 3908 haud
1139 3843 1276 3907 ullo
1308 3843 1558 3907 debent
1584 3840 1951 3926 primordia
1977 3848 2209 3927 pacto.

459 3961 862 4024 immutabile
894 3960 1063 4022 enim
1095 3956 1412 4043 quiddam
1444 3977 1762 4043 superare
1791 3963 2161 4030 necessest,

466 4249 562 4295 721
604 4256 825 4309 cumque
873 4240 893 4308 ΙΙ
941 4244 1039 4291 730
1077 4237 1229 4290 dulce
1274 4238 1294 4306 ΙΙ
1341 4243 1439 4289 734
1478 4252 1578 4306 que
1626 4235 1645 4303 ΙΙ
1694 4240 1791 4287 736
1834 4234 2041 4286 colose·
2088 4235 2108 4302 ΙΙ
2159 4239 2253 4285 741
2293 4234 2514 4285 numina
2566 4239 2589 4306 ΙΙ
2634 4247 2738 4292 742

460 4325 773 4394 Despexere
810 4322 829 4390 ΙΙ
866 4327 965 4373 749
1006 4330 1059 4374 et
1092 4321 1286 4373 omnis,
1360 4383 1365 4386 ,
