2840 5008
500 308 639 373 408
846 314 851 318 ’
1198 386 1203 391 ,
1551 311 1648 378 VI

494 488 715 543 tamen
736 528 750 554 ‚
783 502 930 544 cum
961 488 1228 545 veteres
1260 483 1422 546 talia
1451 506 1587 547 non
1617 493 1754 550 tam
1788 489 2200 571 quaesivisse
2230 511 2436 574 quam
2467 493 2684 555 vitasse

495 578 1092 643 animadverterem
1117 627 1131 653 ‚
1176 602 1331 643 mox
1373 582 1756 647 iudicabam
1799 587 1941 650 veri
1983 587 2255 650 similius
2290 610 2443 653 esse
2469 589 2686 653 Lucre-

498 676 657 740 tium
680 677 776 741 ita
799 680 1148 764 scripsisse
1168 728 1183 754 ‚
1210 680 1455 767 Effluat
1480 684 1817 748 ambrosius
1845 687 2024 771 quasi
2051 709 2185 750 vere
2210 697 2265 749 et
2291 688 2534 752 nectari?
2561 689 2687 750 linc-

494 786 585 837 tus
609 824 622 836 .
668 798 818 839 nam
850 777 1107 841 Nakius
1139 778 1228 840 ad
1260 779 1458 843 Diras
1491 804 1551 867 p.
1570 780 1694 845 238
1734 804 1857 846 cur
1891 783 2223 847 Catullum
2253 787 2552 849 ambrosio
2575 786 2687 869 pri-

493 895 672 936 mum
718 873 942 938 dicere
987 896 1220 938 ausum
1265 897 1413 940 esse
1459 879 1922 962 suspicaretur
1962 903 2101 944 non
2155 880 2475 946 videbam
2505 930 2520 956 ‚
2568 904 2688 944 cum

493 973 889 1054 praesertim
929 994 1013 1036 ne
1045 973 1295 1038 dixisse
1329 976 1602 1060 quidem
1629 977 1701 1040 id
1734 977 2066 1042 Catullum
2099 980 2546 1044 concederem
2572 1002 2688 1042 car-

494 1071 667 1134 mine
697 1072 795 1146 99,
821 1072 931 1134 13.
979 1071 1251 1135 tandem
1294 1095 1459 1138 vero
1487 1076 1806 1139 'intellexi
1852 1076 2008 1140 huic
2039 1082 2287 1161 poetae
2318 1082 2614 1141 nontam
2635 1077 2694 1140 id

495 1169 681 1251 quod
740 1169 1303 1254 elegantissimum
1362 1179 1543 1235 esset
1572 1218 1588 1246 ‚
1648 1194 1848 1257 quam
1893 1173 2079 1258 quod
2125 1175 2692 1259 simplicissimum,

494 1268 851 1330 convenire
877 1291 889 1330 ε
933 1267 1003 1331 id
1035 1278 1139 1332 est
1169 1277 1391 1361 autem
1426 1270 1672 1359 Effluat
1696 1294 1852 1335 Ama
1875 1294 2170 1335 Rosmn
2204 1285 2260 1337 et
2287 1275 2537 1338 nectari'
2565 1276 2691 1337 linc-

493 1376 618 1444 ιω,
651 1367 843 1450 eique
874 1367 1200 1430 simillima
1231 1362 1339 1430 est‘
1365 1368 1685 1453 Cyclopis
1714 1369 2057 1442 Homerici
2087 1393 2224 1433 vox
2246 1419 2261 1445 ‚
2298 1393 2501 1456 quam
2531 1394 2570 1434 a
2588 1372 2693 1434 Lu-

496 1465 704 1528 cretio
737 1486 1124 1549 expressam
1158 1487 1305 1529 esse
1334 1487 1532 1529 nemo
1565 1466 1879 1532 dubitare
1909 1476 2172 1552 potest,
2211 1468 2412 1531 Ἀλλᾶ
2443 1469 2566 1532 τόδ
2601 1469 2696 1530 ἆμ-

504 1565 745 1646 Bpocluc
795 1566 884 1627 xa}
931 1565 1231 1647 Νὲκταρόε
1278 1564 1445 1628 {ci-m
1493 1553 1827 1649 ἂπορρώῖτ
1873 1564 2205 1651 ἂπορΡῶΓα
2252 1568 2435 1630 enim
2466 1576 2697 1629 veteres

495 1661 1031 1745 interpretantur
1061 1661 1376 1745 ἂπορροὲικ
1405 1713 1416 1735 ,
1449 1659 1757 1752 'effluvium
1780 1711 1793 1726 .
1841 1663 1926 1726 de
1957 1688 1996 1726 α
2025 1662 2376 1748 producto
2410 1655 2621 1727 autem
2642 1663 2696 1724 in

494 1759 868 1821 nominibus
901 1758 1178 1821 Graecis
1210 1762 1843 1824 commemoratione
1880 1760 2154 1846 dignum
2199 1769 2312 1824 est
2357 1755 2445 1825 ex
2489 1783 2564 1824 eo
2604 1782 2693 1846 ge-

489 1876 649 1919 nere
679 1856 843 1920 nihil
872 1857 1126 1920 habere
1149 1904 1165 1932 ‚
1197 1867 1524 1941 quantum
1556 1858 1826 1943 quidem
1860 1860 2147 1921 sciamus
2168 1907 2186 1938 ‚
2216 1859 2518 1923 Ennium
2539 1909 2555 1934 ,
2581 1867 2692 1922 tra·
2775 1894 2776 1905 1

488 1954 709 2037 gicos‚
741 1952 1156 2029 Terentium,
1194 1955 1554 2030 Lucilium,
1588 1957 1964 2019 Varronem
1984 2004 1999 2031 ‚
2029 1957 2426 2021 Lucretium
2446 2005 2462 2033 ‚
2496 1945 2689 2022 Catul-

488 2053 656 2127 lum,
689 2053 1083 2117 Horatium.
1132 2075 1265 2138 quo
1309 2054 1385 2117 fit
1429 2062 1506 2116 ut
1550 2075 1766 2139 prope
1809 2062 2037 2139 putem
2076 2056 2145 2118 in
2174 2055 2283 2118 his
2310 2098 2327 2129 ‚
2372 2057 2550 2119 utin
2577 2055 2693 2118 aliis

491 2150 771 2216 Graecis
795 2201 811 2228 ‚
857 2151 942 2216 de
975 2153 1216 2237 quibus
1244 2153 1465 2214 Varro
1496 2154 1565 2215 in
1593 2176 1638 2216 x
1671 2152 1756 2216 de
1787 2153 2014 2238 lingua
2042 2153 2287 2216 Latina
2319 2176 2386 2238 p.
2408 2155 2528 2219 583
2566 2153 2691 2224 584,

489 2270 625 2312 non
657 2251 935 2314 eandem
968 2271 1198 2313 omnes
1230 2249 1785 2313 consuetudinem
1815 2257 2087 2314 secutos
2122 2272 2270 2314 esse
2294 2300 2309 2313 .
2357 2274 2488 2315 nec
2519 2251 2692 2314 debe-

489 2350 643 2411 bam
676 2344 985 2412 omittere
1005 2395 1020 2422 ‚
1053 2370 1250 2431 quem
1274 2347 1639 2411 admodum
1663 2347 2016 2412 heroidum
2041 2349 2487 2436 epistularum
2511 2349 2693 2431 scrip-

489 2454 596 2510 tor
625 2447 861 2512 Aethra
890 2446 1071 2512 Leda
1098 2445 1315 2509 vocali
1350 2454 1668 2530 correpta
1698 2445 1870 2510 dixit
1892 2494 1908 2520 ‚
1954 2445 2290 2511 Catullum
2338 2469 2605 2534 quoque
2637 2448 2691 2509 in

488 2546 842 2630 galliambo
875 2546 1228 2629 scripsisse
1269 2545 1633 2628 Trepidante
1663 2568 1798 2607 eum
1827 2547 2056 2631 recepit
2081 2547 2194 2609 dea
2225 2547 2523 2615 Pasithea
2546 2549 2689 2609 sinu.

487 2643 611 2706 sed
644 2644 916 2730 Pyrrhia
940 2692 957 2723 ‚
991 2642 1178 2727 quod
1205 2641 1534 2705 Horatius
1564 2640 1773 2705 habet
1801 2643 1940 2706 hoc
1965 2664 2169 2706 versu
2190 2691 2205 2717 ‚
2248 2644 2327 2707 Ut
2353 2648 2563 2708 vinosa
2582 2644 2690 2729 ylo-

484 2765 618 2804 mus
644 2742 922 2826 fin-tivae
960 2741 1232 2828 Pyrrhia
1276 2742 1456 2803 lanae
1478 2788 1493 2814 ‚
1537 2760 1755 2824 neque
1790 2732 2090 2804 Graecae
2119 2762 2343 2825 neque
2376 2743 2690 2806 Romanae

486 2838 769 2902 feminae
798 2860 1042 2902 nomen
1074 2847 1179 2903 est
1197 2886 1212 2913 ,
1243 2859 1366 2901 nec
1391 2845 1622 2922 potest
1648 2838 1945 2901 dubitari
1970 2839 2129 2923 quin
2157 2838 2327 2902 illud
2358 2861 2401 2902 a
2431 2838 2690 2903 librariis

484 2938 581 3000 ita
611 2946 1003 3021 corruptum
1034 2938 1158 3001 sit.
2105 3000 2109 3006 ,

582 3115 583 3118 ¹
651 3035 980 3115 972qu
1012 3058 1246 3098 N1n11,
1278 3058 1424 3098 Estr
1456 3057 1761 3099 nomon
1794 3056 2008 3110 Quoi)
2040 3056 2352 3097 1111111118
2384 3053 2685 3098 FRONDE

484 3157 579 3198 Ac
626 3157 934 3198 Exscnr
958 3184 972 3199 .
1017 3135 1124 3197 Ita
1154 3135 1367 3221 prima
1396 3154 1597 3196 manu
1629 3132 1960 3217 oblongus
1992 3144 2187 3197 exscet
2205 3181 2223 3212 ‚
2255 3154 2295 3196 a
2329 3139 2686 3197 correctore

486 3243 666 3295 exstet
693 3258 714 3294 .·
759 3233 1134 3315 quadratus
1179 3243 1332 3297 extet
1359 3281 1371 3295 .
1431 3234 1596 3318 quod
1646 3253 2004 3294 AMARIUS
2062 3253 2206 3294 FRo
2224 3254 2328 3293 No
2347 3253 2502 3305 Exi:
2556 3228 2683 3291 olim

483 3329 673 3392 Itali:
720 3329 843 3391 sed
867 3376 882 3402 ,
928 3330 1113 3412 quod
1142 3330 1459 3415 indignor
1478 3378 1492 3404 ‚
1532 3332 1672 3410 Qua
1700 3354 1736 3392 E
1754 3352 1895 3393 scA
1925 3350 2118 3392 nemo
2152 3329 2581 3392 scribendum
2604 3326 2682 3389 vi-

486 3427 584 3491 dit
598 3475 612 3501 ,
638 3427 780 3489 sine
800 3446 934 3511 quo
956 3426 1382 3510 lepidissimis
1401 3428 1750 3490 versiculis
1771 3448 1893 3490 sua
1912 3426 2246 3511 elegantia
2262 3447 2405 3489 non
2424 3429 2679 3490 constat.

648 3525 788 3589 973.
832 3525 1207 3600 Dnmoun
1254 3546 1785 3589 MARACINUM.
1832 3524 2201 3587 Brixiensis
2233 3524 2447 3587 editio
2478 3523 2679 3587 amari-

485 3648 654 3704 cum,
684 3623 1014 3687 Marullus
1047 3644 1627 3685 AMARAOINUM.

650 3723 787 3785 977.
814 3722 1359 3794 SPURcmiES,
1383 3743 1654 3783 EADEM
1686 3743 1939 3783 sunus
1970 3741 2161 3783 HAEC
2198 3736 2674 3786 cuminum-

484 3842 749 3882 DETUR
780 3870 793 3881 .
840 3819 1233 3906 Quadratus
1276 3820 1425 3883 haec
1466 3821 1699 3883 inundet
1732 3869 1741 3880 .
1802 3817 1986 3902 apud
2028 3817 2320 3880 Nonium
2365 3841 2429 3903 p.
2459 3815 2584 3887 394,
2609 3810 2671 3873 21

484 3917 811 4001 Spurcitiis
838 3919 998 3981 idem
1024 3919 1132 3981 sub
1162 3918 1441 3992 rutunda,
1459 3919 1719 3980 videtur.
1751 3924 1937 3979 recte
1950 3915 2280 3979 Marullus
2311 3919 2675 3979 meumst,

413 4042 417 4046 ²
480 4017 711 4099 itaque
741 4017 1075 4079 Antonius
1114 4015 1314 4078 Marii
1358 4015 1656 4077 iocunda.
1706 4035 1856 4076 cum
1894 4034 2172 4075 caenum
2214 4014 2411 4077 nobis
2458 4017 2674 4074 taeter-

481 4115 646 4176 rima
677 4114 766 4178 sit
797 4114 1153 4197 spurcities
1175 4160 1190 4187 ,
1223 4114 1433 4176 subus
1466 4111 1700 4175 eadem
1727 4111 1897 4174 haec
1930 4112 2117 4175 caeni
2142 4111 2495 4195 spurcities
2516 4103 2674 4169 vide-

482 4220 592 4274 tur
621 4210 916 4274 iucunda
941 4232 1089 4273 esse
1111 4257 1125 4272 .
1153 4209 1336 4272 nulla
1361 4230 1565 4272 causa
1590 4216 1734 4271 erat
1760 4230 1877 4272 cur
1899 4208 2070 4272 haec
2092 4207 2455 4272 Lambinus
2478 4220 2676 4289 repre·

482 4307 814 4371 henderet
833 4356 846 4381 ‚
877 4308 1006 4372 nisi
1038 4306 1222 4391 quod
1258 4305 1562 4371 Gifanius
1592 4306 1704 4370 hic
1736 4304 2099 4391 aliquando
2130 4326 2361 4369 verum
2391 4302 2676 4369 vidisset.
