2840 5008
504 423 588 489 10
1609 425 1643 491 1

494 618 665 681 quae
695 619 821 660 nos
850 595 1174 661 fecundas
1206 605 1548 663 vertentes
1577 620 1845 663 vomere
1874 601 2106 685 glebas

490 711 829 796 terraique
860 713 1072 775 solum
1103 713 1485 801 subigentes
1518 714 1724 777 cimus
1754 713 1843 777 ad
1874 723 2093 780 ortus:

494 825 679 911 quod
709 826 763 889 si
795 827 976 890 nulla
1002 827 1225 890 forent
1243 877 1257 902 ,
1279 834 1515 891 nostro
1548 829 1689 892 sine
1722 850 2029 914 quaeque
2057 832 2288 895 labore

440 1022 443 1025 Ι
491 949 732 1027 sponte
764 963 885 1005 sua
911 941 1119 1005 multo
1148 942 1290 1006 fieri
1319 943 1594 1007 meliora
1619 942 1917 1007 videres,

346 1074 442 1119 215
570 1056 723 1120 Huc
754 1055 1013 1120 accedit
1044 1057 1140 1119 uti
1173 1057 1460 1142 quicque
1489 1057 1557 1120 in
1589 1079 1709 1121 sua
1741 1039 2030 1144 corpora
2056 1082 2319 1125 rursum

492 1171 817 1235 dissoluat
844 1179 1085 1235 natura
1112 1193 1332 1256 neque
1362 1170 1452 1235 ad
1480 1173 1684 1234 nilum
1711 1173 2067 1238 interemat
2095 1196 2232 1238 res.

489 1307 642 1349 nam
673 1285 895 1371 siquid
924 1286 1205 1349 mortale
1237 1308 1281 1348 e.
1302 1287 1562 1350 cunctis
1591 1288 1897 1371 partibus
1930 1295 2141 1361 esset,

492 1424 575 1464 ex
605 1401 814 1464 oculis
842 1423 953 1464 res
985 1421 1290 1485 qua-eque
1318 1408 1600 1486 repente
1631 1410 1866 1487 erepta
1893 1403 2173 1487 periret:

486 1516 669 1579 nulla
695 1514 762 1577 vi
791 1513 968 1577 foret
996 1536 1172 1577 ususv
1189 1515 1357 1577 enim
1377 1563 1391 1589 ‚
1417 1536 1589 1599 quae
1617 1517 1920 1600 partibus
1953 1517 2091 1580 eius

345 1648 442 1693 220
489 1627 838 1709 discidium
866 1626 1107 1714 parere
1136 1636 1202 1691 et
1228 1650 1443 1693 nexus
1476 1631 1821 1694 exsolvere
1834 1639 2116 1718 ‚posset.

489 1743 679 1833 quod·
703 1765 879 1807 nunc
900 1792 914 1818 ‚
939 1728 1212 1839 aeterno
1245 1745 1401 1828 quia
1432 1752 1747 1808 constant
1776 1747 2020 1810 semine
2054 1767 2356 1831 quaeque
2380 1796 2393 1821 ‚

488 1858 704 1922 donec
731 1857 834 1921 vis
866 1859 1060 1934 obiit,
1085 1879 1255 1943 quae
1284 1879 1393 1921 res
1427 1857 1807 1942 diverberet
1834 1861 1970 1924 ictu

487 1980 603 2037 aut
629 1974 809 2037 intus
839 1980 1148 2058 penetret
1175 1994 1299 2057 per
1326 1971 1549 2038 i'nania
1580 1973 2073 2060 dissoluatque‚

414 2067 418 2073 ⁵
487 2088 725 2151 nullius
759 2088 1027 2151 exitium
1055 2088 1308 2173 patitur
1337 2096 1580 2151 natura
1605 2087 1849 2152 videri.

347 2221 442 2266 225
483 2210 835 2290 praeterea
865 2224 1036 2287 quae
1069 2224 1348 2287 cumque
1378 2210 1717 2267 vetustate
1748 2211 2013 2268 amovet
2041 2212 2254 2279 aetas»,

491 2319 545 2382 si
573 2317 842 2405 penitus
872 2318 1154 2403 peremit
1184 2339 1582 2382 consumens
1611 2319 1950 2382 materiem
1981 2340 2234 2382 omnem
2252 2368 2266 2394 ‚

486 2432 666 2496 unde
697 2433 972 2496 animale
1003 2453 1212 2518 genus
1243 2433 1606 2519 generatim
1635 2432 1704 2495 in
1732 2434 1974 2497 lumina
2000 2434 2176 2497 vitae

485 2548 797 2613 redducit
827 2548 1060 2612 Venus
1081 2598 1094 2625 ,
1118 2557 1232 2612 aut
1254 2546 1655 2611 redductum
1687 2548 1971 2613 daedala
1999 2550 2195 2613 tellus

487 2662 665 2728 unde
695 2663 812 2726 alit
840 2670 1042 2749 atque
1072 2670 1271 2749 auget
1299 2664 1663 2748 generatim
1694 2666 1939 2750 pabula
1968 2656 2348 2752 praebens?

349 2795 445 2841 230
486 2777 667 2841 unde
697 2799 878 2841 mare
897 2826 911 2852 ‚
932 2778 1243 2863 ingenuei
1271 2778 1495 2842 fontes
1515 2828 1530 2853 ‚
1556 2786 1959 2865 extentaque
1987 2781 2186 2865 longe

264 2874 270 2880 ⁴
484 2892 751 2956 flumina
780 2892 1263 2980 suppeditant?
1285 2891 1466 2955 unde
1498 2894 1732 2956 aether
1764 2893 1985 2956 sidera
2015 2894 2274 2977 pascit?

486 3008 704 3071 omnia
734 3008 905 3069 enim
937 3006 1171 3082 debet,
1194 3005 1456 3070 mortali
1484 3026 1768 3089 corpore
1800 3027 1971 3088 quae
2002 3013 2185 3078 sunt,

485 3122 742 3185 infinita
772 3129 956 3185 aetas
989 3140 1386 3204 consumpse
1416 3124 1571 3180 ante
1603 3125 1753 3179 acta
1784 3117 2087 3200 diesque.

488 3236 675 3322 quod
702 3237 757 3300 si
787 3238 853 3299 in
888 3256 965 3298 eo
996 3233 1213 3320 spatio
1245 3240 1447 3315 atque
1479 3237 1633 3294 ante
1665 3239 1816 3294 acta
1846 3238 2067 3294 aetate
2095 3230 2279 3294 fuere

342 3368 439 3414 235
486 3373 521 3415 e
553 3352 792 3436 quibus
822 3350 990 3411 haec
1020 3367 1242 3409 rerum
1273 3346 1578 3410 consistit
1608 3366 1860 3408 summa
1888 3346 2168 3421 refecta,

484 3462 815 3529 inmortali
846 3467 1003 3524 sunt
1030 3467 1270 3523 natura
1311 3459 1622 3547 praedita
1651 3469 1859 3533 certe,

484 3582 652 3642 haut
678 3577 878 3662 igitur
907 3581 1196 3661 possunt
1225 3574 1314 3637 ad
1341 3576 1545 3639 nilum
1578 3597 1881 3661 quaeque
1911 3578 2183 3641 reverti.

486 3694 774 3778 denique
803 3713 911 3755 res
946 3690 1156 3753 omnis
1188 3690 1418 3754 eadem
1450 3692 1553 3755 vis
1585 3713 1922 3776 causaque
1953 3692 2154 3776 volgo

486 3809 841 3872 conficeret
858 3854 872 3881 ,
896 3807 1022 3870 nisi
1053 3808 1360 3877 materies
1391 3813 1665 3870 aeterna
1690 3813 1979 3880 teneret,

341 3941 437 3987 240
481 3924 656 4006 inter
685 3943 758 3986 se
789 3943 963 3984 nexu
995 3922 1209 3984 minus
1241 3930 1355 3986 aut
1383 3921 1593 4007 magis
1620 3920 2038 4005 indupedita:
2075 3944 2083 3968 ⁷

491 4047 708 4103 tactus
742 4036 911 4101 enim
942 4036 1057 4098 leti
1089 4036 1249 4099 satis
1281 4043 1463 4099 esset
1492 4057 1696 4099 causa
1723 4034 2060 4118 profect03

490 4154 736 4241 quippe
756 4201 770 4227 ‚
793 4151 905 4216 ubi
936 4150 1117 4213 nulla
1144 4150 1371 4214 forent
1400 4157 1674 4213 aeterno
1708 4168 1990 4233 corpore
2011 4195 2025 4221 ‚
2051 4166 2332 4229 quorum

491 4403 587 4447 215
627 4396 872 4466 quicquid
908 4398 960 4449 in
999 4398 1018 4466 ΙΙ
1057 4404 1153 4449 217
1195 4415 1221 4447 c
1258 4403 1522 4449 omissam.
1563 4394 1583 4460 11
1621 4400 1718 4446 230
1758 4400 2086 4462 externaque
2116 4392 2135 4460 Η
2175 4398 2272 4443 240
2311 4408 2479 4442 nexus
