2840 5008
483 386 623 453 398
1034 472 1045 483 ,
1546 387 1638 455 v1

476 560 785 624 oculorum
826 568 882 621 et
921 561 1184 622 aliorum
1226 561 1629 624 membrorum
1672 564 1809 624 nisu
1850 585 2029 646 saepe
2060 564 2302 648 aliquid
2329 568 2542 627 conari
2571 567 2696 628 dic-

475 670 599 721 tum
628 669 712 722 est
739 658 816 720 ab
845 659 1108 744 antiqui-s·
1133 705 1145 719 .
1188 670 1255 721 ut
1284 659 1608 723 Lucretius
1635 662 1674 723 l.
1706 683 1809 724 1111
1855 657 1977 724 Hic
2004 661 2109 723 ubi
2137 663 2376 724 nexari
2403 677 2702 748 nequeunt

476 758 856 841 insistereque
877 757 1022 819 alis,
1048 777 1131 818 cx
1151 758 1302 841 ipsa
1323 757 1662 841 scriptura
1680 766 1966 843 apparet
1981 757 2168 822 Festi
2191 780 2495 824 errorem
2522 784 2672 824 csse
2688 810 2701 836 ‚

479 854 593 940 qui
623 854 933 918 Verrium
964 854 1133 919 male
1166 856 1612 919 contraxerit.

643 975 799 1017 cun
842 974 1050 1028 Aous
1096 976 1180 1015 IN
1225 976 1522 1017 nni-ms
1565 976 1926 1017 ΛΕΜ-ΛΤΒ
1974 976 2368 1027 rmouno
2403 955 2735 1021 s11-.840.

479 1050 645 1129 Qun
678 1071 1135 1114 rmoinloa
1178 1072 1439 1115 roano
1486 1075 1568 1114 IN
1615 1073 1938 1114 rurms.
1963 1051 2279 1115 Schedae
2312 1075 2473 1116 con
2507 1046 2705 1139 etJri-

471 1150 675 1234 yidior
701 1150 807 1211 sit.
840 1148 1113 1235 capituli
1145 1147 1296 1212 loco
1329 1148 1622 1231 spatium
1644 1169 1927 1212 vacuum
1951 1148 2159 1213 habet
2181 1149 2578 1233 quadratus
2596 1197 2612 1224 ‚
2641 1160 2708 1213 ut

479 1269 775 1333 semper:
803 1247 980 1311 idem
1002 1295 1018 1321 ‚
1058 1247 1112 1327 Q
1139 1247 1365 1311 littera
1392 1248 1552 1310 item
1578 1247 1664 1310 de
1685 1269 1873 1310 more
1904 1248 2152 1311 omissa
2169 1295 2184 1323 ‚
2214 1271 2378 1328 uae‚·
2410 1247 2708 1312 schedae

485 1348 615 1427 Que
657 1368 803 1410 cum
849 1346 1143 1430 oblongo
1170 1394 1183 1407 .
1228 1344 1360 1407 hoc
1403 1344 1475 1406 in
1517 1344 1672 1407 olim
1715 1345 2060 1427 impressis
2095 1345 2222 1409 Cur
2264 1344 2533 1408 factum
2564 1345 2709 1408 Itali

477 1446 608 1508 iam
638 1444 1052 1509 sustulerant
1074 1491 1088 1517 ‚
1134 1465 1352 1527 neque
1396 1442 1526 1506 hos
1572 1444 1685 1527 qui
1729 1442 1945 1507 secuti
1988 1450 2147 1505 sunt
2180 1444 2312 1507 sibi
2345 1446 2709 1529 quicquam

477 1542 656 1607 ultra
674 1542 1131 1627 quaerendum
1155 1562 1304 1605 esse
1329 1540 1794 1604 existimarunt
1809 1589 1824 1603 .
1849 1561 2057 1624 supra
2076 1540 2253 1605 libro
2277 1563 2322 1604 v
2346 1563 2604 1606 versus
2622 1565 2706 1604 L11

477 1661 518 1703 a
545 1639 671 1703 928
698 1660 913 1724 usquc
944 1637 1031 1701 ad
1062 1639 1184 1702 979
1215 1638 1384 1701 duas
1415 1636 1671 1701 codicis
1706 1637 2147 1722 antiquissimi
2175 1639 2475 1723 paginas
2506 1640 2706 1703 fuisse

474 1737 762 1801 vidimus
782 1785 796 1799 .
825 1735 984 1799 inde
1012 1757 1226 1820 usque
1258 1735 1345 1799 ad
1378 1757 1646 1799 versum
1680 1735 1840 1797 1444
1869 1744 2027 1798 sunt
2056 1738 2360 1799 carmina
2392 1760 2704 1815 ccchxv,

478 1822 772 1918 capitula
800 1836 963 1898 tria:
993 1834 1064 1898 hi
1086 1857 1322 1899 versus
1357 1856 1736 1899 ccchxvm
1768 1833 2065 1898 efficiunt
2086 1836 2378 1921 paginas
2403 1860 2581 1900 xvm
2602 1885 2615 1898 .
2642 1837 2704 1898 in

478 1934 726 2018 pagina
751 1932 936 1997 unde
966 1933 1284 2019 vigesima
1312 1932 1590 1996 fuerunt
1611 1932 1911 2005 Lucretii
1939 1953 2175 1995 versus
2205 1935 2459 2019 reliqui
2490 1933 2703 1997 trede-

478 2032 606 2096 cim
637 2032 1029 2116 etcapitula
1057 2032 1210 2097 libri
1242 2032 1416 2095 sexti
1447 2037 1731 2114 propter
1761 2030 1961 2114 spatii
1991 2032 2373 2114 angustiam
2406 2033 2545 2096 hac
2573 2031 2703 2095 fere

474 2131 738 2195 ratione
763 2131 1128 2215 disposita.
1159 2132 1227 2193 in
1253 2130 1549 2212 oblongo
1572 2126 1779 2190 index
1802 2126 2248 2210 capitulorum
2273 2152 2526 2194 versus
2550 2152 2700 2193 xxw

475 2236 695 2303 tenet,
728 2250 1013 2313 quorum
1040 2249 1352 2292 numeros
1383 2226 1827 2312 praescripsi.

348 2384 505 2436 TITI
534 2383 890 2437 LUCRETII
920 2384 1098 2436 CARI
1123 2382 1220 2435 DE
1252 2380 1521 2435 RERUM
1550 2357 1878 2465 NATURA
1903 2390 1906 2393 ’
2134 2440 2140 2446 ,

345 2466 915 2522 LIBAIEXPLICIT.
933 2466 1216 2520 INCIPIT
1231 2463 1474 2519 LIB.VI.
1627 2482 1834 2519 Autumno
1852 2481 1980 2532 magis
2000 2481 2166 2519 fulmina
2235 2487 2351 2519 aar„
2380 2498 2439 2520 res
2469 2489 2585 2520 omnis
2611 2498 2679 2518 esse

305 2555 321 2589 1
348 2553 429 2600 Qui
448 2553 768 2602 procurationem
785 2552 849 2590 dis
869 2551 1051 2589 attribuit
1067 2551 1221 2594 mundi,
1243 2550 1323 2587 sibi
1340 2551 1478 2600 ipsum
1626 2551 1665 2583 et
1679 2546 1860 2584 tonitrua
1878 2547 1975 2584 fieri.
2164 2551 2211 2583 25
2221 2545 2454 2586 Pestilentia
2478 2554 2571 2585 unde
2596 2559 2726 2584 creatur.

343 2618 391 2654 de
408 2617 471 2653 dis
490 2617 779 2655 immortalibus
800 2617 1095 2655 sollicitudines
1115 2617 1393 2659 constituere„
1626 2611 1686 2649 De
1703 2612 1893 2649 nubibus.
2237 2624 2288 2648 nt
2309 2624 2580 2650 resumta-rm
2599 2621 2794 2648 Απιεκιεκε.

345 2683 403 2719 De
422 2684 589 2720 tonitru.
1563 2679 1609 2714 15
1630 2678 1838 2727 Spiracula
1855 2677 2006 2714 mundi.

343 2747 403 2785 De
420 2749 585 2796 fulgure.
614 2754 653 2784 In
670 2752 775 2793 Syri·
792 2751 1029 2794 quadripedis.
1627 2743 1686 2779 De
1704 2741 1917 2779 imbribus·

301 2815 325 2850 5
344 2814 389 2849 In
412 2812 586 2849 nubibus
607 2811 775 2848 seminet
802 2818 872 2849 Cur
890 2799 979 2858 {qun
998 2818 1033 2848 in
1050 2817 1165 2858 putei·
1186 2815 1350 2858 frigidior
1628 2807 1687 2844 De
1707 2818 1844 2856 atquo.

341 2879 453 2926 ignes
474 2877 619 2912 inesse.
651 2882 701 2912 uit
719 2887 863 2913 aestate.
1628 2872 1687 2909 De
1707 2877 1807 2908 terre
1823 2875 1952 2907 motu.

343 2944 403 2980 De
420 2942 598 2979 fulmine.
626 2946 676 2979 De
693 2945 790 2978 tonte
809 2946 851 2978 nd
870 2946 1082 2978 Hammonis.
1631 2938 1762 2983 Quare
1778 2948 1884 2973 mare
1900 2935 2031 2972 maius
2053 2945 2134 2970 non
2154 2934 2237 2971 flat.

343 3009 452 3056 Ignis
472 3021 520 3044 ex
535 3007 700 3044 fulmine
718 3011 870 3043 natura.
899 3011 938 3042 In
955 3020 1046 3051 aqua
1062 3010 1195 3042 taedam
1214 3009 1347 3042 ardere.
1561 3003 1611 3040 20
1629 3003 1687 3039 Dc
1704 3003 1848 3039 Aetna.

344 3074 526 3111 Fulmina
544 3074 585 3109 in
605 3071 871 3109 crassioribus
900 3076 950 3106 De
969 3075 1063 3106 fonte
1083 3075 1190 3106 Aradi
1210 3074 1245 3104 in
1262 3084 1366 3105 mue.
1628 3068 1686 3104 De
1704 3067 1799 3104 Nilo
1817 3065 1955 3101 fluvio.

279 3141 325 3177 10
344 3140 515 3176 nubibus
535 3143 573 3174 et
590 3138 667 3174 alte
685 3137 809 3186 gigni.
838 3141 889 3174 De
907 3140 1022 3182 lapide
1039 3145 1206 3181 magnete.
1627 3133 1687 3169 De
1704 3133 1792 3168 lacu
1809 3131 1975 3167 Averni.

340 3204 399 3241 De
417 3203 636 3240 tonitribus
656 3206 695 3238 et
712 3207 811 3238 terre
828 3207 955 3237 motu.
985 3205 1108 3236 Fluere
1126 3206 1168 3236 ab
1187 3205 1348 3236 omnibus
1368 3205 1483 3237 rebus.
1631 3196 1814 3235 Cornicis
1836 3194 2010 3232 Athenis
2031 3193 2165 3230 aedem
2184 3193 2366 3229 Minci-ve
2385 3206 2469 3230 non
2491 3207 2591 3232 csse.

471 3312 625 3375 libri
667 3311 839 3374 sexti
882 3311 1192 3390 versibus
1237 3313 1319 3373 ab
1364 3312 1555 3375 initio
1589 3329 1972 3387 nccpxxxnc
2019 3305 2519 3368 adnumerandi
2551 3313 2690 3369 sunt

471 3407 652 3474 tituli
681 3429 800 3469 X1x
822 3454 837 3480 ‚
880 3406 1049 3469 fiunt
1079 3428 1459 3469 ncccnvm:
1506 3429 1624 3470 eae
1670 3415 1828 3471 sunt
1862 3405 2151 3488 paginae
2183 3425 2411 3466 xxxm
2440 3452 2454 3466 .
2498 3403 2601 3465 his
2639 3401 2687 3464 si

471 3509 621 3573 illas
651 3530 771 3569 x1x
800 3496 1080 3590 paginas
1104 3552 1119 3578 ‚
1165 3523 1336 3588 quae
1383 3513 1578 3567 erant
1619 3506 1776 3569 libri
1821 3502 2035 3588 quinti
2078 3522 2276 3584 parS,
2323 3500 2686 3573 addideriS‚

473 3606 736 3670 videbis
780 3607 863 3669 ab
912 3603 1045 3666 hoc
1083 3603 1387 3686 ‘capitulo
1434 3602 1621 3688 quod
1663 3611 1766 3666 est
1819 3603 1943 3666 Cur
1971 3623 2138 3686 aqua
2166 3602 2233 3663 in
2251 3602 2461 3684 puteis
2490 3609 2688 3663 aestate

455 3706 758 3792 friyidior
785 3705 862 3766 sit
887 3702 1142 3766 initium
1176 3724 1419 3786 capere
1444 3703 1756 3787 paginam
1782 3698 2405 3784 quinquagesimam
2434 3698 2683 3761 tertiam

474 3806 615 3866 sive
646 3801 962 3865 schedam
995 3824 1185 3865 xxvu
1212 3851 1224 3864 .
1269 3801 1380 3864 hic
1412 3800 1708 3864 calculus
1738 3797 2072 3861 ineundus
2102 3795 2264 3870 fuit,
2309 3804 2390 3859 ut
2420 3797 2683 3882 appare-

475 3909 580 3964 ret
618 3900 782 3962 nihil
831 3899 1106 3963 obstare
1138 3921 1272 3984 quo
1304 3901 1522 3974 minus
1550 3898 1662 3962 hic
1693 3897 1947 3961 scheda
1979 3895 2206 3981 aliqua
2236 3918 2324 3959 ex
2356 3895 2586 3958 codice
2614 3912 2684 3954 eo

476 4000 590 4086 qui
614 4006 1000 4062 nostrorum
1021 4021 1273 4083 parens
1299 4008 1404 4063 est
1435 3998 1764 4063 excidisse
1796 3995 2246 4059 existimetur.
2279 3994 2448 4057 satis
2481 3999 2686 4055 autem

477 4120 721 4162 causac
767 4118 917 4160 esse
964 4118 1083 4159 cur
1127 4098 1236 4160 hic
1269 4099 1484 4161 lector
1517 4096 1889 4161 editoribus
1919 4094 2218 4158 Lucretii
2246 4092 2451 4177 paulo
2485 4099 2684 4154 atten-

475 4198 609 4259 tior
638 4197 948 4268 haereat,
985 4194 1440 4259 demonstrari
1469 4194 1775 4258 facillime
1805 4199 2074 4276 potest:
2117 4212 2271 4254 nam
2303 4210 2524 4274 neque
2551 4189 2688 4272 ipsa

474 4316 585 4357 res
632 4315 830 4377 quam
876 4299 1080 4377 poeta
1122 4293 1234 4356 hic
1277 4294 1498 4378 tangit
1552 4292 1717 4355 satis
1772 4295 2234 4374 pertractatur
2263 4335 2279 4361 ‚
2337 4307 2558 4371 neque
2611 4286 2685 4347 ab

479 4393 747 4454 Averno
781 4390 868 4453 ad
900 4392 1151 4474 frigora
1182 4399 1250 4454 et
1281 4391 1542 4454 calores
1564 4389 1850 4454 fontium
1873 4389 2019 4452 sola
2042 4389 2169 4450 hac
2195 4385 2685 4455 coniunctione,
