2840 5008
480 351 614 418 170
1573 353 1634 417 V

327 543 423 588 395
472 533 540 587 et
568 524 803 596 semel,
827 531 900 586 ut
929 522 1106 586 fama
1135 534 1272 598 est,
1296 547 1486 588 umor
1516 529 1811 612 regnarit
1836 528 1906 590 in
1934 529 2142 592 arvis.

468 640 636 725 ignis
669 639 839 700 enim
868 646 1144 722 superat
1174 647 1240 702 et
1268 639 1565 704 lambens
1598 642 1803 704 multa
1832 645 2152 726 perussit,

470 755 618 818 avia
648 775 797 816 cum
826 752 1254 817 Phaethonta
1281 776 1497 839 rapax
1526 757 1626 819 vis
1657 756 1816 819 solis
1848 778 2171 841 equorum

470 869 741 932 aethere
770 868 1064 953 raptavit
1095 876 1238 931 toto
1273 876 1621 954 terrasque
1654 892 1772 956 per
1805 872 2044 934 omnis:

471 992 540 1046 at
568 991 761 1069 pater
792 982 1214 1066 omnipotens
1243 983 1342 1045 ira
1371 993 1511 1046 tum
1541 985 1836 1068 percitus
1869 987 2006 1049 acri

325 1117 423 1162 400
467 1097 952 1183 magnanimum
981 1095 1410 1160 Phaethonta
1440 1099 1700 1184 repenti
1727 1098 2015 1163 fulminis
2044 1102 2177 1164 ictu

468 1212 848 1277 deturbavit
879 1211 1065 1295 equis
1095 1212 1162 1273 in
1194 1219 1473 1285 terram,
1497 1213 1734 1297 solque
1765 1213 2032 1277 cadenti
2073 1191 2079 1196 ’

468 1329 703 1392 obvius
734 1334 1072 1390 aeternam
1101 1328 1401 1410 succepit
1430 1325 1743 1411 lampada
1772 1327 1999 1416 mundi
2019 1377 2034 1403 ‚

467 1442 914 1526 disiectosque
943 1440 1204 1525 redegit
1235 1463 1446 1525 equos
1474 1443 1819 1526 iunxitque
1849 1446 2191 1507 trementis
2213 1493 2226 1520 ‚

462 1557 620 1620 inde
650 1578 841 1619 suum
870 1577 990 1639 per
1018 1556 1147 1618 iter
1175 1558 1503 1620 recreavit
1533 1566 1771 1620 cuncta
1798 1557 2205 1641 gubernanS‚

322 1689 420 1735 405
465 1671 750 1742 scilicet,
773 1678 848 1733 ut
880 1677 1140 1733 veteres
1172 1668 1445 1734 Graium
1474 1672 1775 1735 cecinere
1805 1678 2073 1755 poeitae.

466 1785 650 1870 quod
677 1784 913 1870 procul
942 1805 981 1846 a
1009 1805 1171 1847 vera
1197 1785 1389 1847 nimis
1422 1793 1526 1848 est
1554 1786 1810 1849 ratione
1839 1787 2203 1872 repulsum.

460 1901 632 1985 ignis
666 1900 836 1982 enim
866 1920 1183 1984 superare
1214 1907 1444 1985 potest
1472 1901 1582 1963 ubi
1613 1902 1912 1965 materiai

466 2036 550 2077 ex
577 2014 832 2078 infinito
863 2021 1019 2077 sunt
1049 2035 1338 2099 corpora
1366 2013 1560 2099 plura
1588 2023 1853 2089 coorta,

318 2147 414 2192 410
461 2138 528 2193 et
555 2137 839 2220 pereunt
866 2150 974 2191 res
1007 2136 1282 2191 exustae
1313 2130 1720 2192 torrentibus
1751 2130 1957 2192 auris:

320 2259 415 2305 409
459 2243 616 2306 inde
648 2242 895 2306 cadunt
922 2243 1098 2306 vires
1131 2242 1352 2327 aliqua
1380 2244 1639 2306 ratione
1667 2245 1986 2307 revictae.

322 2375 413 2420 411
462 2382 652 2423 umor
680 2359 840 2421 item
873 2356 1210 2441 quondam
1242 2357 1466 2441 coepit
1495 2379 1813 2444 superare
1846 2367 2150 2432 coortuS‚

464 2482 537 2538 ut
564 2474 739 2538 fama
771 2479 873 2536 est
891 2522 905 2548 ‚
926 2471 1266 2535 hominum
1295 2471 1537 2535 multas
1570 2472 1840 2557 quando
1873 2473 2095 2539 obruit
2121 2476 2338 2540 urbis:

464 2590 620 2653 inde
650 2589 765 2653 ubi
793 2589 894 2652 vis
925 2587 1146 2672 aliqua
1173 2587 1435 2650 ratione
1465 2608 1702 2651 aversa
1728 2589 2030 2663 recessit,

466 2726 550 2766 ex
576 2703 831 2766 infinito
861 2702 1084 2766 fuerat
1114 2723 1284 2786 quae
1316 2723 1598 2786 cumque
1630 2711 1893 2777 coorta,

318 2835 413 2880 415
460 2819 910 2881 constiterunt
935 2796 1180 2880 inibres
1214 2824 1280 2879 et
1310 2816 1578 2880 flumina
1607 2817 1740 2880 vim
1769 2817 2171 2880 minuerunt.

547 2931 685 2996 Sed
718 2931 958 3015 quibus
987 2930 1093 2993 ille
1123 2929 1338 2993 modis
1371 2931 1710 2994 coniectus
1738 2931 2034 3019 materiai

461 3045 757 3110 fundarit
786 3053 1033 3109 terram
1065 3052 1132 3107 et
1162 3044 1768 3130 caelumpontique
1797 3045 2128 3130 profunda
2147 3096 2160 3119 ‚

465 3161 626 3224 solis
658 3160 836 3223 lunai
866 3182 1099 3223 cursus
1117 3209 1134 3238 ,
1161 3181 1244 3222 ex
1275 3159 1511 3222 ordine
1540 3181 1815 3244 ponam.

462 3296 612 3338 nam
642 3283 821 3338 certe
850 3297 1068 3360 neque
1100 3275 1374 3338 consilio
1409 3274 1773 3360 primordia
1800 3296 2020 3337 rerum

319 3407 416 3453 420
464 3388 698 3453 ordine
729 3410 801 3451 se
832 3411 954 3451 suo
987 3368 1299 3475 quaeque*
1322 3390 1547 3475 sagaci
1574 3397 1793 3453 mente
1822 3390 2130 3453 locarunt

460 3526 586 3568 nec
616 3526 786 3590 quos
820 3525 1124 3588 quaeque
1156 3503 1396 3567 darent
1426 3512 1647 3568 motus
1676 3505 1991 3591 pepigere
2019 3505 2326 3590 profecto
2345 3555 2358 3581 ,

462 3619 582 3685 sed
614 3620 770 3704 quia
799 3618 1006 3682 multa
1034 3617 1251 3682 modis
1283 3620 1503 3685 multis
1537 3618 1900 3704 primordia
1927 3641 2146 3683 rerum
2193 3658 2198 3659 ff

414 3788 417 3791 ,
464 3757 545 3798 ex
574 3735 831 3799 infinito
859 3735 988 3799 iam
1018 3741 1320 3820 tempore
1348 3734 1606 3820 percita
1634 3734 1845 3819 plagis

461 3848 1009 3934 ponderibusque
1037 3851 1175 3914 suis
1207 3840 1616 3923 consuerunt
1648 3850 1909 3913 concita
1937 3849 2098 3912 ferri

318 3982 413 4026 425
462 3964 991 4048 omnimodisque
1022 3966 1200 4029 coire
1229 3973 1432 4050 atque
1464 3966 1683 4028 omnia
1712 3966 2191 4051 pertemptare,

467 4251 564 4296 396
603 4245 871 4313 superavit
907 4252 960 4296 et
996 4247 1213 4298 ambens
1266 4244 1286 4314 ΙΙ
1344 4252 1441 4297 397
1479 4251 1767 4314 petontana
1821 4244 1841 4312 ΙΙ
1899 4251 1995 4296 399
2035 4263 2151 4297 cum
2211 4244 2230 4311 ΙΙ
2284 4252 2383 4297 400
2423 4246 2651 4299 fluminis
2700 4246 2717 4310 ΙΙ

464 4335 562 4380 405
601 4336 807 4397 gratum
846 4327 866 4396 Η
903 4335 1001 4381 410
1039 4329 1152 4381 Aut
1189 4328 1209 4396 ΙΙ
1247 4334 1343 4378 412
1382 4328 1568 4380 undis,
1606 4325 1625 4395 ΙΙ
1665 4334 1761 4378 425
1802 4335 1947 4380 cotre
