2840 5008
521 352 673 419 54.
1157 355 1164 362 '
1612 355 1643 423 Ι

519 525 891 612 elegantius
910 523 1168 590 iudicat
1190 539 1389 608 quam
1412 523 1598 608 quo‘d
1616 526 1891 611 scripsit
1905 513 2108 592 homo
2126 551 2342 596 sanus
2361 552 2440 594 ac
2462 532 2712 616 simplex

518 623 849 688 Marullus
868 672 884 699 ‚
906 623 1076 687 haud
1100 623 1223 685 ullo
1254 644 1400 686 PAO
1417 643 1513 686 'ro
1534 672 1548 686 .
1571 623 1669 686 ita
1696 626 2123 690 membranae
2154 628 2230 690 in
2260 651 2331 703 11,
2350 629 2473 695 750
2492 678 2505 693 .

684 721 824 786 805.
888 721 1003 786 ΕΤ
1075 742 1244 783 ler
1315 743 1783 786 TEMPEsrAs
1870 735 2290 788 lununo'n‘r
2380 750 2711 791 TEMPORE

498 815 865 896 ῈΛυετο,
895 820 1290 884 Immunus
1321 842 1413 882 Er
1447 842 1649 883 rAnn
1681 842 2105 885 mimorum
2133 844 2465 888 Annusm
2496 848 2710 889 meu.-

522 942 725 984 Lnnr
765 969 779 983 .
824 921 1154 995 SoLQun
1214 940 1362 982 ΒΗΑ
1418 942 1568 983 Pno
1616 941 1876 984 PARTE
1921 943 2185 985 rovnr
2235 945 2711 999 :rmnmrouss

524 1040 902 1082 cALonaM
944 1066 957 1080 .
1006 1016 1425 1080 Caesenni:
1473 1039 1629 1080 non
1663 1040 2005 1084 rossum*
2037 1042 2350 1084 raucas
2379 1042 2710 1085 Annusm

520 1138 977 1179 AMMAN'r-is
1012 1164 1026 1178 .
1063 1113 1452 1179 Priscianus
1495 1137 1560 1200 p.
1594 1116 1718 1180 768
1750 1164 1766 1191 ‚
1805 1117 1921 1182 ubi
1962 1117 2048 1180 de
2077 1119 2215 1182 tabe
2243 1119 2541 1185 ablativo
2570 1118 2709 1204 agit,

519 1214 763 1280 horum
785 1218 1049 1301 partem
1072 1214 1169 1279 ita
1210 1213 1527 1300 scriptam
1565 1214 1841 1280 exhibet
1873 1263 1890 1291 ‚
1928 1216 2235 1280 Imbribus
2263 1228 2333 1281 ut
2361 1218 2492 1281 tabe
2517 1216 2709 1280 uivnbo-

519 1338 660 1378 rum
688 1315 937 1379 arbusta
962 1313 1242 1378 vacilleut
1277 1363 1290 1376 .
1331 1312 1605 1400 regulae
1645 1313 2093 1398 prosodiacae
2130 1335 2309 1399 quas
2340 1313 2551 1379 edidit
2573 1314 2711 1378 Bar·

518 1412 704 1478 thius
747 1414 817 1476 in
863 1412 1406 1477 adversariorum
1448 1435 1682 1488 xxxvr,
1707 1413 1778 1477 13
1823 1435 1890 1497 p.
1919 1412 2072 1477 1691
2137 1413 2409 1478 Vacillat
2449 1413 2609 1477 breve
2646 1421 2715 1474 est

521 1513 692 1596 apud
712 1512 1069 1575 Lucretium
1092 1555 1115 1579 .
1153 1554 1178 1577 .
1211 1511 1458 1575 arbusta
1477 1512 1769 1575 vacillant
1784 1559 1797 1573 .
1825 1510 2197 1574 orationem
2227 1510 2711 1595 incompositam

522 1615 592 1671 et
621 1606 1016 1672 dissolutam
1047 1629 1197 1671 cum
1227 1607 1814 1674 animadvertisset
1842 1608 2172 1673 Marullus
2204 1657 2221 1685 ‚
2262 1609 2534 1693 scripsit
2565 1609 2709 1671 Cres-

422 1765 425 1770 .
522 1729 654 1771 cere
682 1707 771 1769 uti
784 1708 1023 1792 possint
1053 1756 1066 1769 .
1104 1705 1316 1770 multo
1357 1707 1576 1769 minus
1599 1706 1990 1791 prudenter
2017 1707 2392 1772 Lambinus
2429 1706 2709 1780 vacillant,

519 1810 597 1867 ut
628 1804 1193 1890 coniungerentur
1219 1802 1390 1867 haec
1409 1851 1425 1879 ,
1449 1815 1506 1868 et
1532 1805 1589 1869 si
1617 1806 1747 1869 tabe
1774 1806 2116 1870 nimborum
2138 1807 2394 1870 arbusta
2421 1804 2711 1880 vacillant,-

522 1924 658 1986 quo
688 1902 764 1966 fit
791 1911 868 1967 ut
897 1904 966 1967 in
986 1893 1395 1967 ‘condicione
1424 1913 1721 1987 ponatur
1748 1904 2028 1968 effectus
2069 1953 2082 1967 .
2128 1911 2376 1969 neuter
2415 1900 2712 1967 intellexit

520 1999 608 2065 ,de
649 2000 811 2066 solis
853 2002 1114 2066 arbustis
1152 2002 1437 2088 primum
1475 2001 1706 2087 inepte
1748 2000 1935 2066 dicta
1974 2023 2122 2067 esse
2165 2024 2348 2088 quae
2381 1999 2612 2066 deinde
2637 1996 2710 2061 ad

504 2098 726 2185 fraqe-s·
753 2101 1001 2165 arbusta
1031 2102 1359 2164 animanti-s·
1386 2099 1807 2165 referrentur
1839 2148 1855 2165 .
1888 2100 2118 2186 itaque
2162 2124 2250 2167 ne
2296 2102 2480 2166 illum
2521 2100 2707 2183 ipsum

519 2220 788 2263 versum
817 2248 832 2275 ,
864 2221 1061 2284 quem
1092 2221 1133 2263 a
1160 2199 1509 2264 Prisciano
1539 2200 1788 2264 lectum
1816 2199 2062 2264 scimus
2083 2246 2100 2275 ‚
2132 2220 2456 2287 cogamur
2484 2194 2707 2266 delere,

519 2296 900 2362 traiciamus
928 2299 1157 2382 potius
1188 2305 1256 2362 et
1288 2299 1719 2363 emendemus
1746 2299 1881 2364 hoc
1908 2297 2112 2363 modo
2132 2347 2145 2361 .
2169 2298 2261 2364 Ee
2286 2300 2408 2364 nisi
2435 2303 2710 2380 tempestas

517 2397 788 2482 indulqet
812 2445 831 2476 ,
872 2408 1136 2482 tempore
1159 2397 1374 2484 fausto
1408 2446 1425 2473 ‚
1466 2397 1691 2485 Solque
1731 2423 1845 2466 sua
1873 2421 1996 2484 pro
2025 2408 2210 2482 parte
2222 2398 2400 2485 fovet
2423 2394 2707 2477 tribuitque

519 2495 819 2575 calorem,
850 2494 1160 2559 ‘Imbribus
1189 2508 1247 2560 et
1271 2497 1405 2561 tabe
1431 2496 1775 2561 nimborum
1802 2519 1962 2561 ΑΜΒ
1982 2519 2183 2560 usrA
2209 2496 2493 2562 vacillent
2509 2541 2525 2568 ‚
2560 2491 2705 2556 Ores-

520 2613 654 2654 cere
680 2616 802 2656 uon
816 2595 1054 2676 possint
1062 2594 1286 2681 fruges
1315 2595 1565 2658 arbusta
1593 2595 1919 2659 animantis
1953 2644 1967 2657 .
2009 2595 2230 2658 omnia
2264 2643 2280 2670 ,
2319 2592 2533 2678 inquit
2562 2637 2577 2664 ‚
2607 2587 2705 2650 im·

521 2688 734 2751 brium
763 2689 1016 2775 frigore
1045 2695 1321 2757 ambusta
1340 2693 1657 2757 vacillent
1686 2701 1890 2779 atque
1911 2699 2154 2757 nutent
2172 2742 2187 2757 .
2209 2692 2523 2757 Valerius
2543 2684 2705 2750 Flac-

521 2806 641 2848 cus
668 2786 738 2848 in
767 2810 855 2867 1v,
872 2788 954 2851 70
983 2788 1158 2854 Haec
1186 2793 1274 2855 ait
1299 2790 1537 2876 (vulgo
1570 2792 1722 2856 Exit
1747 2792 1889 2876 ubi)
1921 2840 1933 2854 .
1981 2816 2013 2856 e
2039 2792 2304 2876 soopzdis
2322 2840 2337 2867 ,
2358 2787 2551 2853 media
2575 2785 2705 2846 inter

505 2882 746 2966 pabula
789 2884 913 2945 diri
954 2885 1219 2949 Vulturis
1251 2935 1268 2963 ‚
1306 2891 1434 2973 ipse
1474 2891 1653 2954 etiam
1685 2891 1913 2975 yemitu
1950 2901 2294 2976 ‘maestaque
2318 2888 2546 2977 fatiyat
2580 2881 2705 2945 Voce

521 2978 724 3042 Iovem
759 3027 775 3054 ‚
813 2983 1006 3044 saevis
1033 2984 1305 3047 relevans
1335 2989 1609 3052 ambusta
1624 2990 1874 3073 pmiuis
1901 2988 2178 3053 Limina
2211 3037 2224 3051 .
2267 2980 2616 3051 Columella
2646 2977 2704 3039 in

521 3099 613 3150 xl,
631 3075 691 3149 3,
712 3075 788 3140 13
818 3076 1068 3139 brumae
1078 3078 1425 3161 sriyoribus
1452 3096 1509 3148 et
1521 3087 1772 3170 pruinis
1793 3087 2160 3150 inurendum
2177 3134 2193 3163 ‚
2217 3087 2380 3150 etin
2400 3107 2462 3157 x,
2477 3080 2554 3145 74
2571 3095 2704 3163 quae

522 3175 689 3238 canis
716 3176 957 3238 iaceant
982 3175 1218 3237 urenda
1234 3179 1485 3258 pruinis
1520 3229 1532 3241 .
1576 3182 1761 3264 quod
1800 3184 1858 3246 si
1887 3185 1994 3247 cui
2021 3182 2203 3247 forte
2228 3184 2404 3248 haec
2430 3182 2494 3244 in
2519 3169 2701 3239 versi-

521 3273 650 3335 bus
681 3271 950 3336 duobus
981 3271 1316 3335 continuis
1344 3274 1571 3356 posita
1602 3277 1960 3361 displicent
1981 3326 1997 3355 ‚
2037 3282 2229 3366 quasi
2258 3302 2427 3347 sono
2451 3277 2607 3340 inter
2634 3285 2699 3328 se

520 3369 714 3432 nimis
745 3368 983 3433 similia
1011 3370 1147 3433 sint
1178 3417 1195 3446 ‚
1235 3372 1509 3435 amm-sta
1537 3374 1818 3438 vacillent
1844 3424 1863 3455 ,
1903 3377 2147 3443 arbum
2177 3377 2531 3451 animantis,
2561 3360 2700 3434 mihi

521 3489 608 3531 ne
629 3467 868 3532 similia
891 3467 1161 3553 quidem
1177 3469 1497 3533 videntur
1514 3517 1531 3546 ‚
1554 3470 1677 3534 sed
1701 3472 2034 3536 ambustum
2057 3474 2278 3538 media
2299 3472 2511 3541 vocali
2528 3469 2701 3547 longa

523 3567 880 3633 dicendum
927 3568 1234 3632 existimo
1278 3617 1291 3631 .
1328 3589 1483 3630 nam
1520 3567 1878 3652 participia
1917 3570 2191 3653 passiva
2235 3592 2315 3634 ea
2356 3583 2619 3656 quorum
2641 3558 2700 3621 in

521 3668 865 3753 praesenti
897 3688 1277 3731 consonans
1309 3673 1414 3730 est
1445 3674 1561 3730 aut
1582 3666 1840 3751 liquida
1863 3674 1982 3731 aut
2000 3692 2031 3730 s
2053 3667 2467 3733 semivocalis
2482 3711 2499 3739 ‚
2519 3675 2698 3745 quan-

522 3765 784 3829 titatem
804 3766 1185 3850 praesentis
1209 3770 1562 3832 secuntur:
1580 3775 1778 3850 yestus
1799 3766 2036 3850 depstus
2051 3776 2232 3830 tostus
2254 3762 2671 3848 corripiuntur
2684 3794 2699 3821 2

522 3862 990 3945 producuntur
1021 3888 1231 3928 census
1261 3876 1427 3928 ‘ustus
1442 3866 1685 3949 pistus5
1715 3865 1875 3931 item
1888 3875 2213 3950 promptus
2241 3866 2503 3949 demptus
2526 3870 2698 3934 sump-

524 3970 617 4022 tus
653 3965 730 4022 ut
755 3983 978 4043 promo
1023 3972 1092 4024 et
1135 3969 1362 4026 cetera
1400 4010 1415 4036 ‚
1458 3961 1652 4024 aliter
1691 3973 1919 4047 emptus
1936 3985 2186 4048 pressus
2214 3963 2448 4027 adultus
2472 3949 2699 4040 sepultus

512 4057 730 4143 pulsus
767 4057 968 4119 vulsus
1007 4059 1201 4121 salsus
1240 4070 1453 4122 cautus
1490 4060 1628 4122 litus
1668 4061 1886 4122 desitus
1927 4071 2288 4145 contemptus
2313 4068 2526 4146 partus
2561 4054 2698 4153 ⁸⁶11}ss

524 4176 735 4221 cursus
764 4159 833 4216 et
863 4175 903 4216 a
931 4156 1267 4220 verrendo
1297 4181 1502 4220 versus
1536 4207 1548 4220 .
1591 4163 1831 4221 contra
1863 4158 1978 4223 ubi
2019 4158 2088 4222 in
2136 4156 2470 4247 praesenti
2507 4141 2698 4214 media

524 4258 629 4316 est
665 4298 680 4324 ‚
714 4252 1074 4338 participia
1101 4252 1575 4338 producuntur
1599 4279 1614 4333 3
1648 4277 1868 4339 neque
1898 4257 2116 4319 minus
2142 4242 2407 4342 sorptue‘,
2429 4258 2499 4316 ut
2521 4247 2696 4331 pum,

523 4371 715 4437 quam
751 4350 955 4437 lapsus
978 4352 1223 4436 yluptus
1251 4363 1440 4436 nupta
1468 4355 1723 4437 scriptus
1762 4355 1956 4418 iussus
1987 4380 2010 4435 ,·
2047 4354 2205 4417 item
2247 4363 2322 4429 ut
2363 4370 2543 4418 cessus
2560 4341 2695 4432 flSffi
