2840 5008
501 394 641 461 240
1560 395 1660 462 IV

495 567 678 653 apud
707 566 997 632 Nonium
1027 588 1090 651 p.
1108 565 1250 641 453,
1269 566 1305 628 7
1350 567 1682 633 Praeterea
1711 572 1888 655 pavit
1914 618 1930 644 ‚
1975 570 2352 655 quadratus
2383 573 2727 659 Propterea

492 669 682 746 radit,
697 664 1114 730 Veronensis
1137 662 1344 728 editio
1368 665 1626 731 Praeter
1646 669 1845 746 radit,
1863 668 2015 732 Itali
2041 676 2110 732 et
2125 669 2499 734 Brixiensis
2525 672 2725 737 Prae-

492 779 584 830 ter
610 766 775 829 radit
802 765 994 843 enim,
1023 762 1351 826 Marullus
1375 763 1634 830 Praeter
1655 768 1814 830 enim
1834 769 2030 831 radit.
2061 768 2401 853 Propterea
2424 770 2724 852 probant

492 861 957 929 Wakefieldus
981 870 1048 925 et
1064 860 1395 946 Forbiger
1411 909 1428 934 ‚
1458 863 1573 947 qui
1596 864 1725 929 sibi
1747 872 1947 950 turpe
1967 885 2104 928 non
2127 873 2375 949 putant
2404 868 2722 952 ignorare

494 984 666 1049 quae
696 961 1081 1025 Gronovius
1110 960 1386 1044 scripsit
1412 960 1482 1024 in
1515 962 2065 1027 observationum
2095 986 2191 1042 ιιι,
2221 965 2297 1028 19
2327 987 2391 1050 p.
2412 965 2542 1029 606
2568 1014 2584 1029 .

659 1058 800 1123 532.
823 1057 1217 1122 Seuicnr
1247 1079 1651 1124 nxrnnrls
1697 1082 2016 1136 QUOQUE
2058 1083 2317 1126 ιΑιισΑ
2358 1084 2720 1128 niun-run

494 1181 678 1225 oms
709 1204 723 1219 .
766 1156 870 1220 Ita
901 1154 1276 1240 quadratus
1302 1177 1318 1217 ε
1349 1154 1689 1241 oblongus
1715 1158 1951 1222 reditur
1969 1206 1987 1237 ,
2017 1157 2236 1221 Italici
2261 1159 2556 1223 redditur
2577 1211 2591 1224 .
2618 1160 2719 1224 hic

489 1257 668 1323 idem
700 1254 1085 1321 Gronovius
1124 1247 1491 1317 ‘Putarunt
1531 1256 1798 1340 expletas
1840 1279 1984 1320 oras
2032 1255 2200 1321 dici:
2231 1256 2359 1320 sed
2404 1256 2584 1342 quid
2629 1268 2721 1322 est

490 1356 736 1442 expletis
766 1354 891 1417 oris
916 1352 1169 1415 ianuam
1198 1351 1342 1413 radi
1369 1349 1400 1414 2
1442 1352 1643 1415 immo
1687 1374 1970 1419 vacuum
2008 1361 2076 1418 et
2105 1354 2606 1438 spiramentum
2632 1356 2722 1440 ip·

490 1475 636 1518 sum
668 1449 977 1534 expletur
999 1496 1014 1523 ‚
1047 1468 1208 1510 orae
1239 1455 1465 1511 autem
1494 1449 1830 1513 raduntur
1849 1451 1893 1514 .’
1933 1452 2161 1537 itaque
2191 1452 2449 1535 probat
2482 1452 2721 1538 despe-

487 1550 771 1615 rationis
812 1546 1081 1632 plenum
1120 1545 1393 1610 Marulli
1437 1547 1754 1611 auxilium
1784 1598 1800 1623 ‚
1847 1550 1962 1634 qui
2007 1549 2282 1633 scripsit
2322 1556 2479 1613 toto
2521 1572 2721 1614 versu

489 1648 757 1712 adiecto
790 1645 1034 1709 Scilicet
1070 1645 1317 1729 expletis
1356 1667 1594 1731 quoque
1636 1647 1830 1710 ianua
1858 1648 2135 1712 redditur
2163 1650 2288 1711 oris
2318 1650 2556 1713 Rauca
2584 1651 2721 1722 viis,

489 1759 543 1812 et
566 1748 681 1809 iter
704 1743 894 1807 laedit
918 1765 1042 1828 qua
1069 1765 1186 1806 vox
1213 1744 1261 1805 it
1285 1744 1353 1805 in
1381 1766 1572 1806 auras
1595 1791 1611 1807 .
1654 1745 1821 1808 satis
1851 1751 1999 1808 erat
2025 1767 2160 1808 una
2189 1744 2417 1809 littera
2451 1747 2719 1811 sublata

485 1866 630 1909 rem
659 1839 940 1906 eandem
971 1838 1235 1904 efficere
1264 1839 1398 1903 hoc
1427 1840 1631 1904 modo
1651 1888 1667 1916 ‚
1692 1842 1941 1907 Scilicet
1969 1865 2325 1908 Exrnnm
2356 1868 2607 1932 quoque
2632 1846 2717 1908 ia-

483 1967 612 2007 nua
638 1942 882 2005 raditur
920 1940 1043 2003 oris
1073 1988 1088 2003 .
1134 1960 1213 2003 os
1259 1946 1484 2002 autem
1527 1941 1830 2025 effletum
1877 1947 1983 2005 est
2025 1947 2143 2005 aut
2184 1948 2403 2005 totum
2446 1943 2718 2026 plenum

485 2062 654 2106 voce
674 2039 951 2122 eiusque
968 2036 1353 2121 primordiis
1366 2085 1386 2116 ,
1398 2044 1517 2100 aut
1534 2037 1591 2100 si
1608 2038 2078 2123 grammaticos
2097 2041 2441 2124 sequimur
2455 2089 2472 2115 ‚
2491 2043 2717 2105 exina—

484 2141 696 2204 nitum
727 2187 740 2200 .
787 2135 1024 2201 eadem
1055 2135 1455 2221 ambiguitas
1501 2140 1622 2215 est¹
1650 2135 1719 2197 in
1754 2157 1839 2210 νι,
1868 2135 2027 2200 1203
2048 2183 2065 2211 ,
2104 2139 2440 2222 Corruptus
2468 2140 2717 2222 sanyuis

486 2239 732 2324 expletis
771 2236 1024 2299 naribus
1065 2235 1193 2297 ibat
1218 2280 1233 2296 .
1277 2233 1591 2295 Donatus
1637 2232 1726 2295 ad
1756 2232 2061 2298 Terentii
2087 2235 2431 2321 Hecyram
2468 2259 2533 2310 v,
2562 2238 2617 2311 1,
2639 2236 2714 2298 29

487 2339 758 2423 Explere
772 2357 898 2419 pro
929 2333 1247 2396 exinanire
1285 2332 1714 2394 Terentianum
1756 2343 1841 2394 est
1870 2379 1885 2395 .
1932 2353 2018 2395 ex
2049 2333 2271 2417 Capro
2303 2332 2591 2398 Servius
2631 2333 2713 2398 ad

483 2438 647 2512 Aen.
678 2457 767 2510 w,
792 2432 911 2496 545
945 2437 1014 2495 et
1040 2429 1301 2494 Nonius
1330 2450 1396 2514 p.
1415 2428 1557 2504 298,
1587 2429 1657 2491 11
1696 2429 1967 2517 Explere
1993 2480 2011 2512 ,
2053 2433 2325 2495 minuere
2356 2481 2370 2495 .
2417 2431 2711 2497 Serenus

484 2533 882 2600 Samonicus
927 2539 1153 2596 tamen
1193 2527 1284 2593 ad
1310 2528 1698 2591 Lucretium
1726 2529 2097 2613 respiciens
2112 2533 2371 2615 plenum
2400 2552 2575 2596 voce
2602 2535 2711 2596 iter

480 2634 625 2697 radi
655 2630 825 2694 dixit
840 2678 858 2708 ,
888 2629 1011 2693 260
1040 2631 1412 2713 Aeyrescunt
1438 2637 1676 2690 tenerae
1687 2627 1915 2714 fauces
2167 2629 2275 2692 Vel
2298 2630 2558 2693 rabidus
2586 2632 2681 2695 cla
2709 2702 2724 2712 θ

479 2755 616 2795 mor
625 2730 838 2817 fracto
868 2752 1005 2792 cum
1027 2728 1199 2815 sorte
1235 2748 1450 2789 sonore
1478 2725 1737 2788 Plenum
1776 2727 1945 2789 radit
1983 2728 2099 2791 iter
2127 2752 2148 2790 .·
2191 2735 2373 2791 certe
2404 2729 2705 2809 Planum,

483 2826 670 2912 quod
699 2826 792 2889 ibi
817 2825 1022 2911 vulgo
1054 2824 1297 2910 legitur
1320 2870 1335 2897 ,
1365 2844 1508 2886 non
1532 2823 1852 2910 intellego
1873 2873 1886 2887 .

649 2921 788 2987 552.
813 2945 906 2986 ΕΤ
948 2945 1135 2986 mma
1178 2942 1367 2984 LEvo
1412 2944 1748 2986 mamona
1794 2944 2180 2986 anA‘run.
2209 2922 2545 2988 Marullus
2574 2948 2699 2992 LE-

483 3045 583 3087 vo
601 3045 695 3105 12ss
727 3068 742 3084 .
778 3019 912 3114 ‘sed
939 3019 1303 3084 Lambinus
1331 3019 1591 3102 primus
1634 3028 1703 3083 et
1743 3042 1947 3083 LEvo
1964 3044 2006 3083 R
2047 3020 2407 3107 legendum
2435 3022 2611 3086 vidit
2639 3031 2700 3085 et

479 3123 609 3186 hos
637 3141 875 3186 versus
905 3140 1029 3183 suo
1057 3118 1211 3186 loco
1242 3117 1474 3202 posuit
1490 3164 1507 3192 ,
1532 3116 1616 3180 de
1637 3124 1932 3202 utroque
1949 3165 1965 3193 ‚
1987 3125 2065 3181 ut
2088 3117 2252 3182 dicit
2270 3168 2284 3194 ,
2310 3140 2351 3182 a
2377 3120 2696 3185 librorum

478 3226 675 3303 parte
715 3217 1103 3282 admonitus
1133 3241 1149 3294 3
1196 3216 1311 3301 qui
1342 3215 1574 3300 quales
1603 3214 1856 3280 fuerint
1881 3217 2268 3303 ignoramus
2300 3266 2313 3279 .
2344 3217 2697 3283 Wakefiel-

483 3317 609 3380 dus
640 3338 714 3379 re
744 3337 882 3378 non
910 3336 1249 3400 perpensa
1276 3322 1575 3379 veterem
1605 3315 1918 3378 versuum
1951 3314 2254 3379 ordinem
2283 3316 2584 3380 restituit
2606 3364 2621 3380 .

646 3413 785 3476 543.
812 3434 1169 3477 enAvrrE
1193 3436 1234 3476 R
1264 3435 1408 3476 sun
1442 3435 1829 3486 MURMURA
1861 3437 2111 3478 MUG1T
2132 3462 2145 3476 .
2180 3402 2577 3493 Quadratus
2603 3439 2691 3479 su-

476 3535 798 3576 murmura
822 3561 835 3574 .
864 3510 1233 3575 Brixiensis
1264 3508 1471 3573 editio
1505 3517 1574 3573 et
1600 3511 1931 3575 Marullus
1960 3512 2068 3575 sub
2097 3534 2481 3575 munnulus
2501 3560 2516 3574 .

643 3611 783 3675 544.
826 3609 940 3674 ET
985 3630 1365 3673 REVORAT
1409 3630 1734 3673 RAucUM
1779 3633 2035 3674 aetrno
2082 3631 2275 3672 cl‘rA
2318 3632 2690 3674 BARBARA

477 3734 515 3771 B
535 3733 689 3774 οΜΒ
707 3732 810 3773 um
840 3757 855 3772 .
898 3708 1052 3773 Itali
1082 3716 1150 3772 et
1177 3707 1549 3772 Brixiensis
1592 3707 1802 3772 editio
1842 3719 2081 3773 revocat
2106 3755 2124 3786 ,
2154 3706 2577 3773 Veronensis
2603 3733 2689 3772 re-

472 3830 647 3870 versa
676 3833 696 3869 .·
738 3807 862 3871 sed
905 3813 1253 3871 corrector
1284 3806 1603 3891 quadrati
1627 3808 1724 3870 vel
1745 3807 1956 3871 reboat
1981 3855 1997 3888 ,
2044 3805 2230 3890 quod
2258 3828 2466 3869 unum
2494 3807 2692 3872 habet

476 3903 763 3988 aliquam
802 3904 1302 3988 probabilitatis
1343 3906 1634 3990 speciem
1663 3951 1678 3978 ,
1721 3905 1852 3968 nisi
1895 3905 2080 3989 quod
2121 3906 2265 3991 tuba
2306 3926 2448 3968 non
2491 3905 2690 3991 magis

473 4000 742 4065 videtur
797 4002 1050 4065 reboare
1105 4024 1311 4088 posse
1371 4025 1572 4087 quam
1626 4003 1865 4067 cithara
1917 4003 1989 4066 in
2042 4002 2217 4067 libro
2261 4027 2330 4078 11,
2362 4002 2447 4067 28
2478 4053 2492 4065 .
2537 4005 2691 4068 tuba

473 4106 695 4164 autem
725 4100 993 4163 barbara
1021 4108 1208 4164 recte
1240 4100 1487 4164 dicitur
1507 4149 1525 4180 ,
1557 4100 1813 4165 scilicet
1843 4100 2082 4164 κώΔωΝ
2107 4100 2458 4185 ΤγροΗΝική
2481 4149 2494 4174 ,
2525 4110 2602 4164 ut
2626 4102 2690 4164 in

473 4200 688 4262 altero
736 4199 1036 4263 membro
1074 4206 1233 4262 sunt
1261 4198 1575 4263 Heliconis
1615 4199 1811 4284 cycni
1843 4248 1856 4262 .
1900 4220 2109 4283 porro
2155 4200 2308 4262 cieri
2350 4199 2686 4283 quomodo

469 4299 637 4362 tuba
664 4296 886 4382 possit
912 4318 1108 4361 nemo
1142 4296 1391 4360 dixerit
1411 4346 1429 4372 ‚
1458 4297 1708 4361 nedum
1734 4309 1896 4362 retro
1926 4345 1940 4360 .
1984 4297 2258 4361 Isaacus
2285 4296 2580 4361 Vossius
2611 4297 2689 4362 ad

472 4391 804 4458 Catullum
834 4416 900 4479 p.
918 4393 1043 4459 228
1073 4394 1443 4480 Berecyntia
1473 4396 1742 4460 barbara
1770 4444 1788 4474 ,
1835 4418 2037 4480 quam
2082 4395 2247 4461 dicit
2294 4417 2446 4460 esse
2493 4398 2687 4464 tibiam
