2840 5008
666 269 695 301 l

551 387 644 455 90
1631 389 1693 455 11

552 566 900 624 corrector
930 559 1200 645 oblongi
1218 608 1234 634 ‚
1260 559 1492 644 itaque
1511 561 1848 626 Antonius
1868 562 2070 626 Marii
2092 583 2242 626 eum
2261 563 2596 646 impressis
2615 585 2725 627 om-

550 660 781 724 nibus:
807 657 931 722 sed
961 659 1189 722 conciri
1216 665 1401 722 reete
1433 658 1766 746 oblongus
1794 662 2010 747 prima
2036 682 2238 725 manu
2269 668 2341 725 et
2364 660 2726 746 quadram.

549 779 703 822 nam
747 755 935 841 quod
978 756 1282 840 sequitur
1303 804 1319 831 ‚
1351 758 1584 821 concita
1606 806 1621 832 ,
1650 765 1837 823 reete
1870 760 2234 843 probatum
2281 766 2389 823 est
2431 780 2471 822 a
2513 758 2726 823 doctis:

547 858 721 921 inciti
747 853 969 919 media
997 854 1335 940 producta
1361 854 1430 917 in
1460 875 1664 918 versu
1684 856 1888 930 Attii,
1914 878 2048 942 quo
2077 878 2244 921 usus
2278 865 2387 921 est
2417 855 2635 921 Cicero
2661 855 2727 919 de

546 961 790 1019 natura
821 952 1103 1017 deorum
1134 976 1203 1028 11,
1221 953 1303 1017 89
1325 999 1342 1028 ‚
1372 975 1493 1016 eur
1521 955 1923 1041 inprobetur
1952 977 2088 1019 non
2116 954 2325 1019 video
2358 1003 2372 1018 .
2401 955 2460 1019 is
2486 954 2632 1019 mihi
2654 956 2730 1018 ita

547 1051 945 1117 scribendus
974 1051 1278 1127 videtur,
1311 1051 1499 1115 Simis
1525 1054 1900 1144 inciti-atque
1929 1055 2164 1118 alacres
2191 1055 2411 1117 rostris
2424 1053 2729 1140 persi-icant

548 1151 843 1236 Desphini
863 1199 881 1229 ,
912 1171 1152 1214 navem
1179 1149 1365 1235 Argo
1408 1150 1666 1214 seilicet
1702 1175 1717 1213 z
1762 1151 1917 1216 libri
1942 1151 2202 1216 habent
2232 1152 2414 1216 Siout
2441 1159 2508 1216 et
2520 1149 2726 1236 perfre-

542 1261 715 1313 munt
742 1299 755 1312 .
801 1247 924 1313 sed
967 1271 1198 1313 conexa
1238 1250 1524 1312 materiai
1565 1250 1744 1334 copia
1788 1248 2129 1334 quomodo
2177 1249 2451 1314 dicatur
2489 1269 2619 1312 non
2650 1246 2726 1309 in-

544 1349 791 1435 tellego
841 1373 856 1412 ε
915 1357 1103 1413 reete
1141 1342 1160 1367 ‘
1178 1346 1448 1433 quidam
1494 1349 1726 1432 scripti
1743 1349 1757 1372 '
1814 1348 1998 1434 apud
2050 1349 2452 1415 Lambinum
2508 1346 2727 1411 ommi-va

544 1449 777 1530 (immo
809 1470 843 1511 c
863 1447 1152 1531 omxA)
1172 1495 1186 1521 ‚
1207 1445 1393 1530 quod
1422 1447 1718 1531 probant
1741 1446 2049 1511 Gifanius
2080 1455 2148 1510 et
2172 1445 2535 1511 Creeehius
2551 1490 2567 1518 ‚
2586 1441 2724 1506 utin

542 1569 748 1610 versu
783 1545 898 1609 160
918 1593 932 1608 .

710 1643 849 1708 275.
877 1643 1404 1707 szsrxcuum
1433 1663 1673 1707 Nonis
1704 1639 2129 1707 sae1Nv1r‘1s
2154 1640 2579 1724 ‚Inoblongo
2598 1643 2722 1700 ante

540 1755 595 1806 st
623 1763 887 1806 erasum
915 1765 946 1804 e
983 1790 995 1803 .
1038 1739 1174 1804 hoe
1203 1751 1288 1803 est
1312 1739 1467 1802 Itali
1507 1739 1597 1804 ad
1623 1740 1846 1805 locum
1875 1763 2065 1805 suum
2093 1743 2507 1805 revocarunt
2535 1786 2547 1799 .
2584 1733 2722 1797 idem

545 1840 794 1904 erroris
824 1860 1037 1925 genus
1066 1859 1228 1902 sane
1255 1839 1559 1904 mirabile
1588 1841 1972 1905 notabimus
2004 1840 2176 1905 libro
2219 1862 2320 1912 111,
2338 1837 2460 1902 623
2488 1822 2600 1899 67‘4
2624 1830 2719 1894 680

542 1961 629 2013 ιν,
654 1937 776 2001 624
807 1936 930 2000 799
947 1958 1010 2012 v,
1023 1935 1144 1999 227
1163 1935 1642 2001 3315961198.
1669 1937 1971 2002 similiter
1997 1937 2070 2000 in
2095 1959 2304 2001 versu
2335 1935 2458 1999 209
2488 1932 2720 1997 caderem

538 2040 607 2100 in
634 2047 802 2101 terra
821 2083 834 2096 .
2107 2029 2112 2034 ’

704 2133 845 2198 277.
878 2154 1331 2210 QUAMQUAM
1359 2156 1491 2197 V1s
1521 2155 1852 2197 EXTERA
1881 2155 2152 2197 muni-o
2171 2156 2204 2196 s
2235 2122 2345 2195 ΡΑ
2364 2151 2605 2194 LLAT.
2644 2124 2720 2187 Vas·

541 2233 766 2297 omisit
808 2233 1100 2318 scriptor
1146 2229 1460 2317 quadrati
1489 2280 1503 2294 .
1535 2238 1676 2295 tum
1720 2231 2054 2317 oblongus
2100 2239 2169 2294 et
2195 2226 2600 2294 Veronensis
2636 2243 2716 2285 ea·-

537 2344 729 2396 trema
765 2380 784 2412 ,
831 2334 1055 2395 extima
1096 2329 1431 2394 Antonius
1464 2378 1482 2409 ,
1525 2329 1910 2393 Brixienses
1942 2377 1957 2404 ‚
2001 2329 2337 2392 Marullus
2357 2374 2374 2403 ‚
2403 2320 2717 2390 Avantius.
2789 2385 2790 2396 χ

538 2453 699 2495 mox
742 2437 1090 2495 corrector
1133 2427 1410 2513 oblongi
1439 2427 1648 2492 Fallat
1673 2476 1689 2507 ‚
1719 2428 1949 2514 itaque
1976 2427 2314 2491 Antonius
2347 2432 2414 2488 et
2445 2422 2587 2486 olim
2620 2418 2714 2479 im-

535 2531 790 2616 pressi:
814 2528 939 2593 sed
960 2528 1292 2592 Avantius
1322 2534 1508 2589 reete
1528 2526 1584 2590 P
1600 2550 1638 2590 E
1653 2550 1692 2589 L
1708 2549 1747 2589 L
1764 2549 1809 2589 A
1822 2550 1862 2590 Τ
1886 2574 1901 2601 ,
1934 2548 2082 2591 eum
2105 2526 2436 2595 Marullus
2459 2519 2716 2585 dedisset

537 2629 732 2693 Fallit
758 2634 827 2691 et
856 2629 1041 2712 coyit.

703 2726 842 2788 279.
872 2726 1144 2790 PRAnc
1165 2745 1437 2787 1P1T1-:s
1456 2746 1605 2799 Qun
1648 2746 1896 2788 RAPIT
1920 2770 1935 2797 ‚
1966 2745 2227 2785 TAMEN
2271 2745 2310 2784 E
2329 2741 2457 2785 ssi:
2489 2732 2713 2779 imne-

448 2880 461 2889 .
536 2849 578 2887 Τ
594 2848 633 2888 o
648 2847 691 2886 R
703 2847 741 2885 E
756 2847 800 2885 N
816 2845 856 2886 o
891 2822 949 2901 Q
966 2845 1010 2885 U
1025 2846 1048 2885 1
1062 2846 1104 2885 n
1120 2846 1162 2885 n
1178 2844 1223 2884 A
1239 2845 1285 2883 M
1308 2871 1321 2883 .
1356 2820 1710 2908 Oblongus
1742 2828 1811 2885 et
1834 2820 2203 2885 Brixiensis
2233 2818 2442 2883 editio
2469 2815 2710 2881 iniectam

535 2923 756 2987 tribus
802 2940 975 3003 quae
1015 2920 1085 2982 in
1130 2918 1464 3003 quadrato
1508 2920 1617 2983 his
1649 2919 1955 2983 adiectae
1987 2926 2145 2983 sunt
2171 2918 2418 2982 litteris
2461 2906 2710 2976 omissis:

536 3017 956 3082 Veronensis
1002 3022 1071 3079 et
1111 3015 1379 3079 Veneta
1420 3019 1671 3081 ἐπίθετον
1713 3019 1736 3102 (
1748 3021 1814 3081 in
1843 3020 2091 3103 pectore
2132 3018 2336 3082 nostro
2369 3064 2382 3077 .
2422 3004 2708 3076 Antonius

535 3116 737 3180 Marii
778 3139 900 3180 esse
940 3115 1007 3177 in
1051 3137 1089 3176 P
1105 3135 1143 3175 E
1160 3134 1194 3176 c
1211 3135 1251 3174 T
1269 3136 1309 3176 o
1329 3136 1371 3176 R
1387 3136 1427 3175 E
1471 3139 1516 3177 N
1533 3136 1572 3177 o
1591 3137 1623 3177 s
1637 3137 1676 3177 Τ
1693 3137 1735 3177 R
1752 3138 1791 3179 o
1825 3163 1838 3177 .
1871 3123 2230 3199 praeterea
2274 3134 2424 3178 eum
2462 3098 2705 3173 Avantio

537 3213 965 3280 scribendum
1011 3219 1114 3276 est
1162 3212 1655 3299 Praecipitesque
1697 3237 1740 3276 R
1755 3235 1851 3289 Ar
1868 3236 1890 3275 1
1909 3262 1924 3288 ‚
1953 3220 2030 3276 ut
2072 3212 2275 3296 paulo
2322 3215 2473 3274 ante
2509 3207 2589 3267 ire
2622 3218 2704 3259 ra-

522 3316 718 3400 pique
737 3361 750 3374 .

703 3409 843 3473 281.
878 3432 917 3484 Q
938 3431 1035 3472 uo
1055 3430 1208 3484 Qus
1243 3429 1276 3470 c
1296 3430 1458 3472 orm
1488 3429 1886 3471 MATERIA.
1917 3408 2070 3471 Itali
2093 3403 2480 3491 etimpressi
2501 3408 2700 3463 coPIA

534 3507 852 3572 materiai.
2292 3532 2302 3544 ·

699 3605 841 3670 283.
872 3625 1293 3680 RETROQUE
1324 3612 1660 3665 knsmm
1684 3651 1698 3664 .
1724 3602 2060 3666 Avantius
2090 3624 2425 3666 RESinrr
2444 3646 2457 3660 .

703 3704 843 3768 289.
875 3724 958 3766 si:
976 3725 1018 3764 n
1051 3723 1149 3765 NE
1182 3724 1271 3764 RE
1288 3723 1319 3764 s
1351 3724 1373 3763 1
1390 3723 1563 3764 PsA.
1588 3701 1884 3765 Prorsus
1912 3700 2147 3764 eximie
2164 3700 2514 3767 Lambinus
2534 3700 2698 3752 MENS

535 3808 672 3888 ipsa
689 3852 701 3865 .
2713 3868 2716 3873 Ι

703 3899 843 3961 291.
864 3898 967 3961 ΕΤ
1001 3919 1359 3961 DEV1c‘rA
1392 3919 1646 3973 QUAEI
1678 3919 1770 3960 co
1791 3918 2057 3960 GATUR
2087 3919 2338 3959 FERRE
2362 3896 2700 3958 PATIQUE·

547 4001 808 4082 ὡραίην
848 3996 1064 4079 prima
1104 4018 1306 4059 manu
1352 3996 1686 4082 oblongus
1715 4044 1730 4071 ‚
1769 3995 1949 4060 idem
1978 4016 2019 4057 a
2048 4003 2427 4059 correctore
2467 3987 2699 4080 cacabus,

540 4095 915 4183 quadratus
955 4107 1194 4159 cocatus
1225 4144 1238 4158 .
1279 4101 1419 4158 tum
1451 4118 1491 4172 Q
1509 4118 1654 4160 UAs
1673 4119 1695 4158 1
1725 4095 2060 4160 Antonius
2091 4094 2289 4157 Marii
2318 4101 2383 4157 et
2406 4090 2698 4186 impressa·

539 4194 662 4258 sed
690 4182 833 4255 ‘hoe
876 4215 1013 4256 non
1053 4192 1300 4256 sufficit
1319 4240 1337 4267 ‚
1379 4215 1505 4256 nec
1552 4192 1996 4257 dubitandum
2027 4192 2331 4255 existimo
2362 4185 2508 4274 quin
2532 4172 2700 4276 poeta

542 4291 810 4356 dederit
843 4293 928 4355 Et
954 4292 1185 4354 devicta
1213 4294 1392 4376 quasi
1422 4315 1446 4354 1
1459 4316 1501 4355 D
1546 4304 1797 4376 θυραίαν
1821 4291 2003 4379 ferre
2034 4280 2291 4376 patique
2325 4339 2342 4369 ,
2385 4278 2611 4379 scilicet
2642 4258 2697 4326 ΠΙ

538 4411 887 4453 necessum
904 4388 1292 4451 intestinum
1313 4436 1327 4451 .
1350 4410 1569 4474 neque
1591 4390 1763 4453 enim
1783 4388 2061 4453 credere
2078 4409 2349 4471 possum
2367 4375 2696 4448 Lucretium
