2840 5008
497 376 637 445 252
1553 375 1653 443 IV

494 560 638 627 tur,
675 535 801 614 sed
829 549 1173 614 verissime
1204 548 1518 615 concedit
1548 550 1635 613 de
1664 551 1836 614 melle
1864 557 2138 635 poetam
2164 552 2330 616 nihil
2359 554 2503 618 eius
2536 554 2725 619 modi

496 648 747 712 dixisse
769 695 783 710 .
830 647 1041 712 ceteri
1070 655 1300 712 tacent
1321 695 1337 722 ‚
1379 647 1580 720 Pius,
1625 647 1922 713 Nardius
1944 697 1961 725 ‚
2003 650 2228 715 Faber
2250 698 2266 725 ‚
2314 650 2724 727 Creechius‚

494 747 1037 831 Havercampus:
1080 744 1266 810 solus
1294 745 1656 832 Forbiger‚
1689 745 2149 812 difficultatem
2179 748 2424 814 fraude
2455 751 2724 825 celans,

493 846 676 910 hunc
704 866 976 910 versum
1018 843 1362 928 paululum
1401 851 1733 908 mutatum
1774 844 1904 909 iam
1948 846 2247 913 adfuisse
2286 848 2457 912 dicit
2501 849 2721 923 1,430.

493 944 621 1036 sed
640 943 840 1008 velim
867 944 1041 1007 scire
1064 963 1394 1027 quaenam
1425 943 1540 1006 illa
1562 944 1696 1007 sint
1721 964 1894 1028 quae
1916 956 2174 1032 utraque
2196 953 2406 1033 poeta
2433 946 2506 1010 in
2525 947 2722 1010 melle

494 1043 854 1108 commixta
883 1041 1067 1106 dicat
1095 1065 1108 1104 ε
1149 1062 1303 1104 nam
1333 1051 1392 1105 et
1417 1065 1640 1105 amara
1668 1034 1729 1105 εἰ
1749 1044 1956 1107 dulcia
1983 1043 2164 1108 unde
2195 1051 2422 1108 sumat
2449 1045 2719 1109 Lambi-

494 1165 621 1206 nus
649 1163 789 1206 non
815 1140 1017 1205 video
1036 1188 1050 1205 .
1081 1148 1597 1225 praecesserant
1627 1140 1798 1205 enim
1825 1141 2030 1216 haec,
2061 1142 2388 1207 668--670
2409 1192 2427 1218 ,
2459 1165 2546 1206 ea
2578 1165 2718 1207 cor-

490 1241 777 1326 puscula
806 1261 978 1325 quae
1021 1239 1167 1303 sani
1193 1239 1484 1304 hominis
1528 1240 1753 1304 sensui
1783 1242 2224 1305 convenerint
2263 1252 2558 1327 aegroto
2590 1262 2723 1304 non

493 1340 893 1415 convenire,
937 1338 1062 1404 sed
1092 1344 1319 1401 cetera
1361 1340 1707 1422 asperiora
1752 1338 1814 1403 ei
1847 1340 2061 1425 magis
2105 1346 2267 1424 apta
2310 1361 2507 1403 esse.
2554 1338 2724 1402 haec

491 1440 695 1525 igitur
733 1446 1020 1522 utraque
1064 1438 1120 1501 si
1149 1435 1359 1501 mellis
1403 1446 1647 1502 natura
1676 1438 2034 1501 commixta
2075 1438 2144 1502 in
2184 1459 2257 1501 se
2304 1439 2723 1511 continebit,

495 1544 775 1623 aegroto
806 1537 1060 1621 pariter
1089 1557 1169 1600 ac
1199 1557 1364 1600 sano
1397 1536 1756 1601 conveniet
1774 1583 1792 1610 ‚
1834 1535 2128 1620 ideoque
2157 1543 2308 1599 tota
2335 1557 2454 1599 res
2477 1583 2492 1610 ,
2524 1557 2722 1620 prae-

493 1644 601 1700 ter
632 1655 831 1721 quam
863 1632 1048 1718 quod
1090 1655 1218 1698 nec
1246 1656 1410 1698 vera.
1442 1641 1548 1698 est
1585 1655 1804 1719 neque
1846 1635 2033 1719 prius
2065 1656 2105 1698 a
2133 1641 2340 1721 poeta
2369 1637 2722 1719 exposita,

491 1734 628 1798 huc
655 1754 795 1797 non
823 1733 1219 1817 pertinebit.
1249 1734 1382 1797 iam
1408 1754 1574 1796 vero
1608 1732 1693 1796 de
1723 1732 1916 1797 melle
1948 1740 2017 1796 et
2044 1732 2222 1797 lacte
2253 1733 2533 1797 dixerat
2562 1736 2635 1798 in
2654 1756 2721 1805 11,

493 1832 615 1897 402
645 1832 888 1896 horum
919 1831 1280 1906 elementa,
1312 1852 1485 1916 quae
1514 1852 1754 1895 sensus
1775 1830 2067 1894 iucunde
2098 1839 2419 1917 tangant,
2451 1831 2636 1896 levia
2656 1840 2722 1896 et

492 1929 790 1995 rotunda
821 1951 970 1995 esse
991 1930 1341 2014 minusque
1370 1928 1678 2005 hamata3
1710 1927 1957 1992 deinde
1977 1929 2042 1992 in
2075 1952 2172 2004 m,
2193 1928 2312 1993 193
2341 1929 2565 1993 mellis
2585 1951 2720 1993 ma-

493 2031 732 2096 teriam
758 2029 971 2114 magis
1002 2049 1200 2113 quam
1232 2047 1449 2112 aquae
1489 2028 1669 2092 inter
1709 2049 1782 2090 se
1813 2026 2180 2090 cohaerere
2203 2075 2219 2102 ‚
2263 2029 2415 2112 quia
2444 2052 2574 2095 non
2603 2040 2721 2091 tam

491 2132 716 2195 levibus
743 2140 897 2193 extet
929 2127 1292 2213 Corporibus
1330 2150 1526 2214 neque
1551 2139 1675 2191 tam
1701 2127 2019 2211 suptilibus
2058 2136 2236 2211 atque
2264 2127 2555 2190 rutundis
2579 2175 2594 2190 .
2631 2148 2720 2189 ex

493 2230 599 2296 his
629 2237 915 2315 apparet
956 2225 1084 2290 mel
1115 2247 1200 2289 ex
1237 2226 1498 2290 levibus
1531 2226 2120 2312 asperioribusque
2162 2223 2509 2288 elementis
2539 2245 2717 2288 com-

491 2332 787 2415 positum
826 2347 1064 2392 sensus
1102 2326 1317 2410 magis
1358 2326 1664 2389 minusve
1695 2325 1992 2389 suaviter
2034 2322 2300 2387 afficere
2328 2344 2461 2406 pro
2493 2331 2717 2388 textu-

490 2449 717 2492 rarum
756 2425 1086 2490 varietate
1110 2471 1124 2487 .
1166 2423 1394 2509 itaque
1438 2423 1573 2487 hoc
1612 2429 1820 2509 poeta
1861 2424 1930 2486 in
1962 2421 2339 2508 exemplum
2377 2422 2480 2485 rei
2511 2421 2716 2506 paulo

493 2537 650 2593 ante
681 2525 973 2591 traditae
1002 2530 1190 2588 recte
1216 2524 1318 2587 uti
1345 2522 1605 2608 potuitz,
1643 2531 1719 2587 ut
1747 2521 2167 2586 manifestum
2197 2521 2285 2584 sit
2311 2520 2445 2585 hos
2476 2543 2717 2586 versus

491 2633 653 2711 post
674 2625 794 2692 662
820 2622 1256 2688 collocandos
1281 2643 1466 2697 esse3
1498 2620 1612 2706 qui
1642 2642 1793 2684 cum
1821 2620 1913 2685 ibi
1938 2641 2099 2683 casu
2127 2619 2595 2704 praetermissi
2618 2641 2715 2682 es-

491 2731 678 2798 sent,
705 2723 987 2806 repositi
1016 2729 1174 2786 sunt
1201 2722 1271 2785 in
1296 2721 1429 2785 fine
1460 2720 1771 2804 capituli.

660 2820 799 2884 668.
837 2820 983 2884 Ειτ
1027 2842 1257 2883 rmus
1288 2841 1387 2882 An
1422 2840 1765 2883 sanson.
1805 2815 1933 2879 His
1964 2813 2378 2880 addiderunt
2406 2826 2477 2878 ut
2502 2816 2713 2878 Anto-

491 2923 642 2985 nius
663 2919 860 2983 Marii
890 2925 959 2982 et
978 2917 1307 2982 Marullus
1326 2941 1342 2990 ς
1373 2916 1560 3002 quod
1577 2913 2040 2979 Wakefieldus
2061 2912 2322 2997 respuit
2339 2960 2355 2987 ‚
2385 2913 2712 3000 Forbiger

489 3043 576 3086 ne
607 3017 1150 3083 commemoravit
1180 3013 1482 3098 quidem:
1514 3013 1684 3078 adeo
1705 3012 1776 3076 hi
1804 3011 2126 3076 infantem
2155 3018 2428 3095 poetam
2459 3012 2714 3076 malunt

493 3141 693 3206 quam
721 3138 908 3181 more
928 3114 1271 3179 hominum
1292 3112 1679 3197 loquentem
1701 3160 1716 3175 .
1747 3110 1871 3203 sed
1894 3111 2267 3174 sententiae
2289 3111 2521 3193 aptius
2542 3110 2711 3174 inter

493 3242 567 3284 se
594 3220 993 3302 iunguntur,
1025 3214 1082 3277 si
1107 3212 1219 3277 Ur
1250 3211 1602 3275 scribimus
1633 3231 1713 3274 eo
1744 3209 1894 3273 loco
1925 3209 2041 3272 ubi
2071 3207 2223 3272 libri
2249 3208 2510 3274 habent
2538 3209 2672 3272 Hc.

659 3315 798 3378 677.
842 3334 1077 3376 Anus
1122 3334 1215 3374 Er
1259 3331 1508 3373 MAc1s
1551 3331 1727 3372 Esr.
1774 3305 2164 3387 Quadratus
2209 3307 2368 3369 alius
2410 3305 2709 3392 estmizyis

314 3455 317 3456 ν
403 3485 407 3490 ,
492 3427 579 3480 et.
610 3410 983 3477 Brixiensis
1014 3407 1236 3472 editor
1267 3408 1491 3470 omisit
1520 3430 1614 3469 ΕΤ
1632 3455 1647 3482 ,
1676 3406 1906 3491 itaque
1936 3405 2269 3468 Antonius
2298 3404 2539 3468 Marii.

659 3510 800 3575 680.
825 3505 1365 3582 Von‘rumoun
1387 3552 1400 3565 .
1426 3502 2705 3577 MarullusVULruRuQuss.inHera-

493 3609 741 3678 cleensi
771 3606 1003 3672 tabula
1031 3605 1113 3670 80
1141 3605 1375 3668 scribae
1401 3605 1657 3668 librar-ei
1675 3653 1692 3684 ,
1736 3604 1804 3666 in
1836 3601 2112 3666 decreto
2142 3601 2391 3665 Pisano
2424 3623 2467 3675 1,
2489 3600 2570 3664 56
2597 3603 2706 3664 sive

491 3715 596 3800 qui
627 3712 714 3775 ali
740 3708 1129 3793 maqistratus
1149 3714 1353 3767 erunt.
1386 3701 1511 3766 sed
1540 3701 1711 3765 haec
1732 3700 1980 3764 vitiosa
2002 3706 2162 3763 sunt
2176 3747 2193 3778 ,
2224 3719 2447 3782 neque
2469 3705 2706 3784 poetae

491 3811 598 3873 his
626 3813 941 3872 utuntur.
985 3800 1446 3888 quaerendum
1490 3807 1596 3863 est
1625 3820 1760 3885 quo
1799 3799 1944 3861 iure
1981 3797 2144 3862 Gabi
2181 3797 2584 3881 Propertius
2616 3796 2706 3860 di-

462 3957 467 3960 -
493 3908 668 3971 xerit
698 3929 759 3980 v,
783 3906 835 3979 1,
854 3903 967 3966 34:
1000 3908 1273 3987 praeter
1301 3900 1484 3964 hunc
1509 3899 1680 3962 enim
1714 3899 1828 3984 qui
1851 3918 2013 3962 casu
2043 3905 2232 3959 recto
2256 3917 2423 3958 usus
2453 3896 2545 3959 sit
2569 3893 2706 3957 nul-

492 4007 626 4069 lum
653 4003 815 4067 novi
842 4050 862 4074 ,
903 4022 1124 4085 neque
1157 4006 1470 4063 constare
1500 3996 1725 4060 adhuc
1765 4003 1930 4081 puto
1962 3994 2305 4079 quomodo
2346 3994 2708 4057 &ustum

493 4104 721 4168 dicere
761 4098 1063 4184 potuerit
1081 4097 1420 4182 Vergilius
1462 4096 1530 4158 in
1560 4094 1814 4169 v11‚631
1840 4141 1854 4156 .
1893 4093 1963 4155 in
1991 4092 2248 4156 Manilii
2290 4117 2334 4167 1,
2354 4091 2475 4155 787
2509 4091 2707 4154 Bent-

492 4203 660 4266 leius
704 4206 887 4262 recte
917 4244 932 4271 ,
975 4196 1103 4258 nisi
1145 4194 1344 4257 fallor
1375 4241 1389 4267 ‚
1434 4192 1843 4277 improbavit
1894 4191 2314 4276 Certantesque
2344 4190 2508 4253 Deci
2534 4192 2704 4253 votis.

493 4321 712 4383 neque
742 4293 1153 4361 credendum
1179 4291 1552 4378 EutychiO,
1586 4313 1731 4354 cum
1763 4289 1925 4354 dicit
1954 4311 2017 4372 p.
2036 4288 2197 4353 2147
2223 4287 2621 4352 Terentium
2648 4286 2706 4348 in

493 4395 826 4461 Eunucho
850 4414 972 4478 per
998 4413 1369 4477 apocopam
1395 4390 1705 4476 posuisse
1730 4390 1891 4453 lani.
1919 4387 2084 4452 illud
2108 4386 2557 4451 certissimum
2581 4391 2706 4456 est,
