2840 5008
1147 394 1249 465 VI
2183 402 2320 470 223

69 574 161 637 hic
187 574 306 638 ubi
338 574 450 637 sol
476 572 682 636 radiis
701 621 716 649 ‚
739 578 1204 657 tempestatem
1230 572 1404 636 inter
1435 593 1709 658 opacam
1728 621 1744 647 ‚

25 706 40 751 5
70 688 343 752 adversa
372 688 561 751 fulsit
588 687 959 750 nimborum
989 687 1343 774 aspargine
1375 694 1641 761 contra,

69 811 188 867 tum
219 803 423 867 color
450 804 518 866 in
544 802 751 887 nigris
782 802 1008 865 existit
1035 802 1321 867 nubibus
1354 802 1572 887 arqui.

140 918 391 982 Cetera
421 938 595 1002 quae
626 937 825 980 cursu
855 923 1167 980 crescunt
1196 937 1530 1000 cursuque
1561 925 1901 993 creantur,

73 1039 130 1095 et
154 1054 332 1117 quae
366 1039 813 1096 concrescunt
839 1031 907 1094 in
938 1031 1224 1106 nubibus
1245 1080 1259 1106 ‚
1284 1031 1505 1094 omnia
1522 1081 1535 1107 ,
1559 1053 1866 1116 prorsum

72 1147 274 1210 omnia
292 1196 309 1222 ‚
333 1146 457 1209 nix
477 1195 491 1221 ‚
513 1147 735 1221 venti,
757 1144 1016 1231 grando
1036 1195 1052 1222 ‚
1075 1145 1469 1231 gelidaeque
1498 1147 1773 1231 pruinae
1789 1197 1804 1222 ‚

25 1276 40 1323 u
73 1268 128 1323 et
150 1260 253 1325 vis
283 1281 535 1347 magna
563 1261 726 1347 geli,
750 1281 1056 1346 magnum
1086 1260 1406 1324 duramen
1437 1282 1784 1346 aquarum,

72 1383 127 1439 et
153 1397 347 1440 mora
381 1397 554 1462 quae
582 1375 818 1439 fluvios
849 1375 1095 1462 passim
1123 1375 1419 1440 refrenat
1452 1377 1699 1453 euntiS‚

71 1489 452 1572 perfacilest
479 1492 703 1554 tamen
733 1489 901 1554 haec
929 1490 1222 1576 reperire
1253 1491 1606 1576 animoque
1638 1491 1865 1556 videre

74 1606 282 1668 'omnia
314 1627 456 1691 quo
486 1612 689 1690 pacto
717 1604 881 1669 fiant
910 1627 1043 1690 qua
1069 1626 1230 1668 reve
1261 1614 1604 1687 creentur,

73 1738 205 1781 cum
231 1720 414 1783 bene
446 1720 758 1805 cognoris
789 1719 1125 1784 elementis
1154 1719 1423 1784 reddita
1454 1742 1625 1805 quae
1656 1724 1816 1789 sint.

26 1844 45 1889 ⁵
140 1832 339 1899 Nunc
372 1856 497 1920 age
517 1884 532 1910 ‚
557 1857 728 1919 quae
755 1836 926 1899 ratio
958 1837 1160 1900 terrai
1184 1837 1480 1900 motibus
1511 1844 1696 1901 extet

74 1949 328 2033 percipe
350 1999 365 2013 .
393 1949 556 2013 etin
585 1950 814 2034 primis
842 1959 1087 2015 terram
1114 1949 1222 2015 fac
1251 1960 1325 2015 ut
1353 1972 1502 2015 esse
1532 1953 1741 2016 rearis
1777 2007 1783 2014 .

78 2069 293 2147 supter
321 2064 486 2127 item
514 2071 590 2127 ut
618 2086 861 2149 supera
887 2066 1185 2130 ventosis
1213 2066 1514 2151 undique
1543 2067 1808 2151 plenam

78 2177 403 2259 speluncis
422 2228 437 2253 ‚
462 2179 843 2264 multosque
871 2180 1057 2244 lacus
1084 2181 1460 2266 multasque
1489 2182 1765 2246 lucunas

79 2288 135 2350 in
160 2294 415 2376 gremio
445 2314 680 2379 gerere
710 2302 777 2358 et
805 2317 1008 2381 rupes
1040 2294 1460 2381 deruptaque
1492 2317 1688 2360 saxa:

25 2412 51 2469 Ι)
80 2405 409 2494 multaque
440 2408 576 2471 sub.
597 2415 787 2494 tergo
820 2410 1023 2474 terrai
1049 2409 1319 2475 flumina
1348 2420 1529 2476 tecta

81 2521 332 2588 volvere
364 2527 431 2588 vi
457 2524 700 2589 fluctus
727 2546 1229 2611 summersaque
1251 2548 1415 2590 saxa
1445 2523 1914 2613 putandumst:

28 2647 29 2704 J
82 2635 362 2723 undique
393 2639 568 2702 enim
597 2640 868 2703 similem
899 2663 1046 2706 esse
1076 2642 1177 2706 sui
1206 2663 1315 2705 res
1344 2643 1644 2728 postulat
1670 2644 1847 2729 ipsa.

83 2746 170 2836 his
195 2751 398 2837 igitur
428 2739 631 2818 rebus
661 2756 1027 2819 subiunctis
1059 2756 1560 2843 suppositisque

84 2870 566 2954 terrasuperne
594 2871 816 2938 tremit
843 2872 1097 2957 magnis
1128 2893 1458 2935 concussa
1483 2873 1722 2948 ruinis,

27 2975 59 3031 ¹5
90 2981 301 3048 subter
330 2984 448 3049 ubi
477 2985 762 3069 ingentis
792 2985 1145 3071 speluncas
1176 2987 1436 3051 subruit
1465 2995 1675 3052 aetas:

88 3096 313 3183 quippe
346 3097 600 3163 cadunt
628 3100 765 3162 toti
781 3107 1040 3164 montes
1059 3149 1073 3175 ‚
1096 3122 1474 3186 magnoque
1502 3111 1780 3189 repente

91 3226 403 3278 concussu
431 3213 564 3278 late
595 3212 980 3300 disserpunt
1005 3214 1163 3279 inde
1190 3224 1544 3281 tremores.

93 3329 150 3384 et
172 3329 401 3391 merito
423 3376 438 3404 ‚
465 3329 774 3412 quoniam
800 3330 1083 3414 plaustri
1112 3353 1439 3396 concussa
1464 3340 1874 3398 tremescunt

89 3441 274 3519 tecta,
296 3444 474 3507 viam
502 3451 782 3529 propter
800 3492 815 3520 ,
839 3466 975 3508 non
1004 3467 1243 3531 magno
1275 3446 1579 3532 pondere
1607 3455 1783 3525 tota,

27 3554 60 3606 ⁵0
87 3568 195 3615 nec
221 3558 432 3621 minus
465 3559 800 3634 exultant,
827 3568 893 3624 et
920 3561 1034 3624 ubi
1062 3562 1210 3648 lapi’
1243 3584 1526 3647 cumque
1556 3564 1687 3628 viai

90 3661 352 3735 ferratos
383 3673 717 3759 utrimque
746 3681 1040 3738 rotarum
1072 3677 1362 3741 succutit
1391 3679 1618 3741 orbes,
1677 3751 1688 3758 „

91 3776 152 3841 fit
175 3804 438 3873 quoque
458 3836 473 3862 ‚
493 3788 608 3851 ubi
633 3788 701 3851 in
730 3811 1003 3875 magnas
1033 3798 1250 3887 aqiiae
1281 3800 1641 3879 vastasque
1670 3793 1946 3858 lucunas

100 4128 181 4178 524
211 4140 527 4203 tempestate
563 4136 672 4187 inte
724 4136 744 4204 ΙΙ
803 4142 900 4188 526
939 4138 1092 4191 existi
1132 4141 1151 4209 ΙΙ
1191 4146 1287 4192 527
1324 4158 1534 4194 sursum
1575 4142 1594 4210 ΙΙ
1632 4159 1947 4213 sursumque
1984 4142 2003 4210 ΙΙ
2044 4148 2134 4193 531
2178 4145 2323 4195 avin-

98 4206 176 4261 tis.
223 4215 242 4285 ΙΙ
296 4224 392 4269 532
432 4218 699 4271 Perfacile
735 4220 780 4271 si
834 4220 854 4290 ΙΙ
913 4226 1007 4272 533
1045 4222 1211 4277 fluant
1262 4224 1284 4291 u
1341 4229 1439 4275 536
1476 4231 1647 4277 terras
1685 4224 1706 4293 ΙΙ
1762 4231 1857 4277 537
1896 4242 2056 4295 super
2094 4226 2265 4277 ventis
2302 4225 2322 4290 ΙΙ

100 4295 180 4344 539
209 4316 364 4371 rupes
403 4301 633 4372 det-apes
670 4303 690 4373 ΙΙ
742 4310 835 4356 541
876 4322 1265 4360 summersosca
1301 4306 1321 4374 ΙΙ
1361 4314 1458 4359 542
1497 4307 1669 4394 simile
1704 4325 1826 4361 esse
1862 4308 1912 4360 vi
1948 4309 1968 4376 Η
2008 4313 2107 4362 548
2142 4306 2320 4375 plaus-

100 4374 179 4428 tris
210 4383 228 4451 ΙΙ
264 4391 359 4438 550
399 4402 457 4437 es
494 4385 685 4456 dupuis
721 4404 944 4457 cumque
977 4390 1109 4442 vim.
