<?xml version="1.0" encoding="UTF-8"?>
<!DOCTYPE html PUBLIC "-//W3C//DTD XHTML 1.0 Transitional//EN"
    "http://www.w3.org/TR/xhtml1/DTD/xhtml1-transitional.dtd">
<html xmlns="http://www.w3.org/1999/xhtml" xml:lang="en" lang="en">
 <head>
  <title>
</title>
<meta http-equiv="Content-Type" content="text/html;charset=utf-8" />
  <meta name='ocr-system' content='tesseract 3.04.00' />
  <meta name='ocr-capabilities' content='ocr_page ocr_carea ocr_par ocr_line ocrx_word'/>
</head>
<body>
  <div class='ocr_page' id='page_1' title='image "./tlucreticarider02lachgoog_0039.png"; bbox 0 0 2840 5008; ppageno 0'>
   <div class='ocr_carea' id='block_1_1' title="bbox 1210 389 1239 454">
    <p class='ocr_par' dir='ltr' id='par_1_1' title="bbox 1210 389 1239 454">
     <span class='ocr_line' id='line_1_1' title="bbox 1210 389 1239 454; baseline 0 0"><span class='ocrx_word' id='word_1_1' title='bbox 1210 389 1239 454; x_wconf 96' lang='lat' dir='ltr'>I</span> 
     </span>
    </p>
   </div>
   <div class='ocr_carea' id='block_1_2' title="bbox 41 561 2034 4178">
    <p class='ocr_par' dir='ltr' id='par_1_2' title="bbox 41 561 2034 4178">
     <span class='ocr_line' id='line_1_2' title="bbox 42 561 1768 647; baseline -0.003 -18"><span class='ocrx_word' id='word_1_2' title='bbox 42 583 64 629; x_wconf 54' lang='grc' dir='ltr'><strong>ὦ</strong></span> <span class='ocrx_word' id='word_1_3' title='bbox 98 586 409 628; x_wconf 82' lang='lat' dir='ltr'><strong>musarum</strong></span> <span class='ocrx_word' id='word_1_4' title='bbox 431 613 446 639; x_wconf 81' lang='lat'><strong>‚</strong></span> <span class='ocrx_word' id='word_1_5' title='bbox 474 585 621 647; x_wconf 83' lang='lat' dir='ltr'><strong>quo</strong></span> <span class='ocrx_word' id='word_1_6' title='bbox 653 582 829 624; x_wconf 85' lang='lat' dir='ltr'><strong>nunc</strong></span> <span class='ocrx_word' id='word_1_7' title='bbox 857 561 1208 624; x_wconf 84' lang='lat' dir='ltr'><strong>instinctus</strong></span> <span class='ocrx_word' id='word_1_8' title='bbox 1237 569 1460 624; x_wconf 89' lang='lat' dir='ltr'><strong>mente</strong></span> <span class='ocrx_word' id='word_1_9' title='bbox 1491 563 1740 645; x_wconf 79' lang='lat' dir='ltr'><strong>vigenti</strong></span> <span class='ocrx_word' id='word_1_10' title='bbox 1765 608 1768 613; x_wconf 88' lang='lat'>-</span> 
     </span>
     <span class='ocr_line' id='line_1_3' title="bbox 42 663 1552 768; baseline -0.003 -26"><span class='ocrx_word' id='word_1_11' title='bbox 42 692 43 697; x_wconf 77' lang='grc'>’</span> <span class='ocrx_word' id='word_1_12' title='bbox 96 682 223 742; x_wconf 84' lang='lat' dir='ltr'><strong>avia</strong></span> <span class='ocrx_word' id='word_1_13' title='bbox 248 677 602 742; x_wconf 83' lang='lat' dir='ltr'><strong>Pieridum</strong></span> <span class='ocrx_word' id='word_1_14' title='bbox 634 663 919 761; x_wconf 87' lang='lat' dir='ltr'><strong>peragro</strong></span> <span class='ocrx_word' id='word_1_15' title='bbox 950 676 1098 768; x_wconf 79' lang='lat' dir='ltr'><strong>loca</strong></span> <span class='ocrx_word' id='word_1_16' title='bbox 1124 677 1367 739; x_wconf 90' lang='lat' dir='ltr'><strong>nullius</strong></span> <span class='ocrx_word' id='word_1_17' title='bbox 1399 684 1552 739; x_wconf 85' lang='lat' dir='ltr'><strong>ante</strong></span> 
     </span>
     <span class='ocr_line' id='line_1_4' title="bbox 97 782 1580 874; baseline -0.004 -16"><span class='ocrx_word' id='word_1_18' title='bbox 97 795 234 858; x_wconf 82' lang='lat' dir='ltr'><strong>trita</strong></span> <span class='ocrx_word' id='word_1_19' title='bbox 262 793 410 856; x_wconf 93' lang='lat' dir='ltr'><strong>solo</strong></span> <span class='ocrx_word' id='word_1_20' title='bbox 434 842 447 855; x_wconf 90' lang='lat'><strong>.</strong></span> <span class='ocrx_word' id='word_1_21' title='bbox 473 793 666 855; x_wconf 89' lang='lat' dir='ltr'><strong>iuvat</strong></span> <span class='ocrx_word' id='word_1_22' title='bbox 693 792 992 874; x_wconf 89' lang='lat' dir='ltr'><strong>integros</strong></span> <span class='ocrx_word' id='word_1_23' title='bbox 1023 782 1343 852; x_wconf 83' lang='lat' dir='ltr'><strong>accedere</strong></span> <span class='ocrx_word' id='word_1_24' title='bbox 1374 790 1580 854; x_wconf 89' lang='lat' dir='ltr'><strong>fontis</strong></span> 
     </span>
     <span class='ocr_line' id='line_1_5' title="bbox 100 903 1833 992; baseline -0.003 -21"><span class='ocrx_word' id='word_1_25' title='bbox 100 918 273 992; x_wconf 86' lang='lat' dir='ltr'><strong>atque</strong></span> <span class='ocrx_word' id='word_1_26' title='bbox 302 907 586 970; x_wconf 85' lang='lat' dir='ltr'><strong>haurire</strong></span> <span class='ocrx_word' id='word_1_27' title='bbox 605 955 621 979; x_wconf 73' lang='lat'>,</span> <span class='ocrx_word' id='word_1_28' title='bbox 647 906 963 988; x_wconf 83' lang='lat' dir='ltr'><strong>iuvatque</strong></span> <span class='ocrx_word' id='word_1_29' title='bbox 994 926 1209 966; x_wconf 89' lang='lat' dir='ltr'><strong>novos</strong></span> <span class='ocrx_word' id='word_1_30' title='bbox 1241 903 1604 988; x_wconf 78' lang='lat' dir='ltr'>decerpere</span> <span class='ocrx_word' id='word_1_31' title='bbox 1634 904 1833 967; x_wconf 77' lang='lat' dir='ltr'><strong>flores</strong></span> 
     </span>
     <span class='ocr_line' id='line_1_6' title="bbox 98 1018 1775 1106; baseline -0.002 -21"><span class='ocrx_word' id='word_1_32' title='bbox 98 1023 541 1106; x_wconf 84' lang='lat' dir='ltr'><strong>insignemque</strong></span> <span class='ocrx_word' id='word_1_33' title='bbox 573 1041 722 1082; x_wconf 92' lang='lat' dir='ltr'><strong>meo</strong></span> <span class='ocrx_word' id='word_1_34' title='bbox 757 1018 954 1104; x_wconf 84' lang='lat' dir='ltr'><strong>capiti</strong></span> <span class='ocrx_word' id='word_1_35' title='bbox 984 1025 1214 1104; x_wconf 88' lang='lat' dir='ltr'><strong>petere</strong></span> <span class='ocrx_word' id='word_1_36' title='bbox 1242 1018 1397 1080; x_wconf 86' lang='lat' dir='ltr'><strong>inde</strong></span> <span class='ocrx_word' id='word_1_37' title='bbox 1430 1040 1775 1091; x_wconf 79' lang='lat' dir='ltr'><strong>eoronam,</strong></span> 
     </span>
     <span class='ocr_line' id='line_1_7' title="bbox 42 1128 1600 1226; baseline -0.001 -28"><span class='ocrx_word' id='word_1_38' title='bbox 42 1154 63 1198; x_wconf 84' lang='grc' dir='ltr'><strong>ο</strong></span> <span class='ocrx_word' id='word_1_39' title='bbox 96 1136 246 1198; x_wconf 89' lang='lat' dir='ltr'><strong>unde</strong></span> <span class='ocrx_word' id='word_1_40' title='bbox 274 1128 468 1221; x_wconf 28' lang='lat' dir='ltr'><strong>pri-us</strong></span> <span class='ocrx_word' id='word_1_41' title='bbox 500 1134 668 1196; x_wconf 79' lang='lat' dir='ltr'><strong>nulli</strong></span> <span class='ocrx_word' id='word_1_42' title='bbox 697 1132 988 1226; x_wconf 39' lang='lat' dir='ltr'><strong>velarint·</strong></span> <span class='ocrx_word' id='word_1_43' title='bbox 1008 1141 1312 1216; x_wconf 81' lang='lat' dir='ltr'><strong>tempora</strong></span> <span class='ocrx_word' id='word_1_44' title='bbox 1340 1155 1600 1209; x_wconf 82' lang='lat' dir='ltr'><strong>musae3</strong></span> 
     </span>
     <span class='ocr_line' id='line_1_8' title="bbox 44 1246 1761 1334; baseline -0.001 -21"><span class='ocrx_word' id='word_1_45' title='bbox 44 1260 53 1265; x_wconf 82' lang='grc'>’</span> <span class='ocrx_word' id='word_1_46' title='bbox 99 1253 350 1334; x_wconf 89' lang='lat' dir='ltr'><strong>primum</strong></span> <span class='ocrx_word' id='word_1_47' title='bbox 384 1248 587 1334; x_wconf 83' lang='lat' dir='ltr'><strong>quod</strong></span> <span class='ocrx_word' id='word_1_48' title='bbox 615 1249 871 1332; x_wconf 89' lang='lat' dir='ltr'><strong>magnis</strong></span> <span class='ocrx_word' id='word_1_49' title='bbox 905 1246 1118 1313; x_wconf 87' lang='lat' dir='ltr'><strong>doceo</strong></span> <span class='ocrx_word' id='word_1_50' title='bbox 1153 1246 1236 1309; x_wconf 89' lang='lat' dir='ltr'><strong>de</strong></span> <span class='ocrx_word' id='word_1_51' title='bbox 1266 1248 1469 1310; x_wconf 91' lang='lat' dir='ltr'><strong>rebus</strong></span> <span class='ocrx_word' id='word_1_52' title='bbox 1502 1255 1570 1310; x_wconf 92' lang='lat' dir='ltr'><strong>et</strong></span> <span class='ocrx_word' id='word_1_53' title='bbox 1599 1249 1761 1312; x_wconf 85' lang='lat' dir='ltr'><strong>artis</strong></span> 
     </span>
     <span class='ocr_line' id='line_1_9' title="bbox 98 1361 1669 1449; baseline -0.001 -23"><span class='ocrx_word' id='word_1_54' title='bbox 98 1364 467 1449; x_wconf 83' lang='lat' dir='ltr'><strong>religionum</strong></span> <span class='ocrx_word' id='word_1_55' title='bbox 501 1363 792 1425; x_wconf 88' lang='lat' dir='ltr'><strong>animum</strong></span> <span class='ocrx_word' id='word_1_56' title='bbox 820 1361 1018 1425; x_wconf 87' lang='lat' dir='ltr'><strong>nodis</strong></span> <span class='ocrx_word' id='word_1_57' title='bbox 1051 1362 1399 1424; x_wconf 82' lang='lat' dir='ltr'><strong>exsolvere</strong></span> <span class='ocrx_word' id='word_1_58' title='bbox 1430 1382 1669 1446; x_wconf 76' lang='lat' dir='ltr'><strong>perg0‚</strong></span> 
     </span>
     <span class='ocr_line' id='line_1_10' title="bbox 98 1474 1750 1561; baseline 0.001 -23"><span class='ocrx_word' id='word_1_59' title='bbox 98 1477 311 1540; x_wconf 87' lang='lat' dir='ltr'><strong>deinde</strong></span> <span class='ocrx_word' id='word_1_60' title='bbox 344 1475 546 1561; x_wconf 83' lang='lat' dir='ltr'><strong>quod</strong></span> <span class='ocrx_word' id='word_1_61' title='bbox 579 1477 868 1539; x_wconf 86' lang='lat' dir='ltr'><strong>obseura</strong></span> <span class='ocrx_word' id='word_1_62' title='bbox 898 1475 981 1538; x_wconf 86' lang='lat' dir='ltr'><strong>de</strong></span> <span class='ocrx_word' id='word_1_63' title='bbox 1011 1498 1083 1539; x_wconf 90' lang='lat' dir='ltr'><strong>re</strong></span> <span class='ocrx_word' id='word_1_64' title='bbox 1115 1484 1248 1539; x_wconf 88' lang='lat' dir='ltr'><strong>tam</strong></span> <span class='ocrx_word' id='word_1_65' title='bbox 1277 1474 1501 1539; x_wconf 86' lang='lat' dir='ltr'><strong>lucida</strong></span> <span class='ocrx_word' id='word_1_66' title='bbox 1528 1497 1750 1561; x_wconf 88' lang='lat' dir='ltr'><strong>pango</strong></span> 
     </span>
     <span class='ocr_line' id='line_1_11' title="bbox 99 1590 1695 1676; baseline -0.002 -21"><span class='ocrx_word' id='word_1_67' title='bbox 99 1593 356 1655; x_wconf 82' lang='lat' dir='ltr'><strong>carmina</strong></span> <span class='ocrx_word' id='word_1_68' title='bbox 376 1642 390 1667; x_wconf 87' lang='lat'>,</span> <span class='ocrx_word' id='word_1_69' title='bbox 415 1612 701 1654; x_wconf 90' lang='lat' dir='ltr'><strong>musaeo</strong></span> <span class='ocrx_word' id='word_1_70' title='bbox 736 1591 1130 1674; x_wconf 84' lang='lat' dir='ltr'><strong>contingens</strong></span> <span class='ocrx_word' id='word_1_71' title='bbox 1162 1598 1402 1652; x_wconf 80' lang='lat' dir='ltr'><strong>cuneta</strong></span> <span class='ocrx_word' id='word_1_72' title='bbox 1432 1590 1695 1676; x_wconf 84' lang='lat' dir='ltr'><strong>lepore.-</strong></span> 
     </span>
     <span class='ocr_line' id='line_1_12' title="bbox 42 1703 1774 1791; baseline 0.001 -26"><span class='ocrx_word' id='word_1_73' title='bbox 42 1722 64 1764; x_wconf 80' lang='lat'>5</span> <span class='ocrx_word' id='word_1_74' title='bbox 97 1705 158 1767; x_wconf 83' lang='lat' dir='ltr'><strong>id</strong></span> <span class='ocrx_word' id='word_1_75' title='bbox 184 1728 447 1791; x_wconf 88' lang='lat' dir='ltr'><strong>quoque</strong></span> <span class='ocrx_word' id='word_1_76' title='bbox 484 1706 662 1768; x_wconf 88' lang='lat' dir='ltr'><strong>enim</strong></span> <span class='ocrx_word' id='word_1_77' title='bbox 692 1725 830 1767; x_wconf 91' lang='lat' dir='ltr'><strong>non</strong></span> <span class='ocrx_word' id='word_1_78' title='bbox 859 1706 940 1768; x_wconf 90' lang='lat' dir='ltr'><strong>ab</strong></span> <span class='ocrx_word' id='word_1_79' title='bbox 973 1703 1154 1766; x_wconf 90' lang='lat' dir='ltr'><strong>nulla</strong></span> <span class='ocrx_word' id='word_1_80' title='bbox 1182 1705 1444 1767; x_wconf 89' lang='lat' dir='ltr'><strong>ratione</strong></span> <span class='ocrx_word' id='word_1_81' title='bbox 1473 1705 1774 1786; x_wconf 52' lang='lat' dir='ltr'><strong>xcideturg</strong></span> 
     </span>
     <span class='ocr_line' id='line_1_13' title="bbox 101 1818 1706 1905; baseline 0 -25"><span class='ocrx_word' id='word_1_82' title='bbox 101 1819 199 1881; x_wconf 86' lang='lat' dir='ltr'><strong>sed</strong></span> <span class='ocrx_word' id='word_1_83' title='bbox 223 1820 326 1882; x_wconf 88' lang='lat' dir='ltr'><strong>vel</strong></span> <span class='ocrx_word' id='word_1_84' title='bbox 353 1821 457 1883; x_wconf 89' lang='lat' dir='ltr'><strong>uti</strong></span> <span class='ocrx_word' id='word_1_85' title='bbox 491 1819 724 1905; x_wconf 91' lang='lat' dir='ltr'><strong>pueris</strong></span> <span class='ocrx_word' id='word_1_86' title='bbox 756 1818 1084 1881; x_wconf 85' lang='lat' dir='ltr'><strong>absinthia</strong></span> <span class='ocrx_word' id='word_1_87' title='bbox 1117 1826 1333 1880; x_wconf 87' lang='lat' dir='ltr'><strong>taetra</strong></span> <span class='ocrx_word' id='word_1_88' title='bbox 1361 1818 1706 1880; x_wconf 88' lang='lat' dir='ltr'><strong>medentes</strong></span> 
     </span>
     <span class='ocr_line' id='line_1_14' title="bbox 100 1924 1828 2018; baseline 0.001 -24"><span class='ocrx_word' id='word_1_89' title='bbox 100 1955 221 1995; x_wconf 82' lang='lat' dir='ltr'><strong>cum</strong></span> <span class='ocrx_word' id='word_1_90' title='bbox 252 1933 414 1997; x_wconf 87' lang='lat' dir='ltr'><strong>dare</strong></span> <span class='ocrx_word' id='word_1_91' title='bbox 450 1940 824 2007; x_wconf 78' lang='lat' dir='ltr'><strong>conantur,</strong></span> <span class='ocrx_word' id='word_1_92' title='bbox 851 1933 1034 2017; x_wconf 84' lang='lat' dir='ltr'><strong>prius</strong></span> <span class='ocrx_word' id='word_1_93' title='bbox 1067 1954 1222 1995; x_wconf 87' lang='lat' dir='ltr'><strong>oras</strong></span> <span class='ocrx_word' id='word_1_94' title='bbox 1241 1981 1255 2007; x_wconf 78' lang='lat'>,</span> <span class='ocrx_word' id='word_1_95' title='bbox 1279 1924 1524 2018; x_wconf 62' lang='lat' dir='ltr'><strong>poeula</strong></span> <span class='ocrx_word' id='word_1_96' title='bbox 1553 1933 1795 1995; x_wconf 81' lang='lat' dir='ltr'><strong>circum</strong></span> <span class='ocrx_word' id='word_1_97' title='bbox 1814 1982 1828 2007; x_wconf 82' lang='grc'>,</span> 
     </span>
     <span class='ocr_line' id='line_1_15' title="bbox 98 2045 1590 2133; baseline -0.001 -25"><span class='ocrx_word' id='word_1_98' title='bbox 98 2049 472 2133; x_wconf 80' lang='lat' dir='ltr'><strong>contingunt</strong></span> <span class='ocrx_word' id='word_1_99' title='bbox 502 2048 721 2109; x_wconf 91' lang='lat' dir='ltr'><strong>mellis</strong></span> <span class='ocrx_word' id='word_1_100' title='bbox 753 2045 931 2108; x_wconf 87' lang='lat' dir='ltr'><strong>dulei</strong></span> <span class='ocrx_word' id='word_1_101' title='bbox 960 2045 1270 2129; x_wconf 84' lang='lat' dir='ltr'><strong>flavoque</strong></span> <span class='ocrx_word' id='word_1_102' title='bbox 1303 2047 1590 2129; x_wconf 74' lang='lat' dir='ltr'><strong>liquore,</strong></span> 
     </span>
     <span class='ocr_line' id='line_1_16' title="bbox 96 2158 1547 2246; baseline -0.001 -23"><span class='ocrx_word' id='word_1_103' title='bbox 96 2169 160 2224; x_wconf 89' lang='lat' dir='ltr'><strong>ut</strong></span> <span class='ocrx_word' id='word_1_104' title='bbox 183 2183 541 2246; x_wconf 88' lang='lat' dir='ltr'><strong>puerorum</strong></span> <span class='ocrx_word' id='word_1_105' title='bbox 575 2168 762 2223; x_wconf 88' lang='lat' dir='ltr'><strong>aetas</strong></span> <span class='ocrx_word' id='word_1_106' title='bbox 789 2158 1144 2244; x_wconf 88' lang='lat' dir='ltr'><strong>inprovida</strong></span> <span class='ocrx_word' id='word_1_107' title='bbox 1170 2158 1547 2221; x_wconf 85' lang='lat' dir='ltr'><strong>ludificetur</strong></span> 
     </span>
     <span class='ocr_line' id='line_1_17' title="bbox 42 2275 1627 2360; baseline 0.002 -27"><span class='ocrx_word' id='word_1_108' title='bbox 42 2288 66 2333; x_wconf 70' lang='grc'><strong>111</strong></span> <span class='ocrx_word' id='word_1_109' title='bbox 99 2275 409 2339; x_wconf 89' lang='lat' dir='ltr'><strong>labrorum</strong></span> <span class='ocrx_word' id='word_1_110' title='bbox 442 2285 648 2339; x_wconf 90' lang='lat' dir='ltr'><strong>tenus</strong></span> <span class='ocrx_word' id='word_1_111' title='bbox 668 2323 682 2349; x_wconf 78' lang='lat'>,</span> <span class='ocrx_word' id='word_1_112' title='bbox 706 2275 960 2336; x_wconf 90' lang='lat' dir='ltr'><strong>interea</strong></span> <span class='ocrx_word' id='word_1_113' title='bbox 988 2286 1304 2360; x_wconf 89' lang='lat' dir='ltr'><strong>perpotet</strong></span> <span class='ocrx_word' id='word_1_114' title='bbox 1333 2295 1627 2336; x_wconf 87' lang='lat' dir='ltr'><strong>amarum</strong></span> 
     </span>
     <span class='ocr_line' id='line_1_18' title="bbox 100 2386 1675 2473; baseline -0.002 -21"><span class='ocrx_word' id='word_1_115' title='bbox 100 2392 362 2454; x_wconf 78' lang='lat' dir='ltr'><strong>absinthi</strong></span> <span class='ocrx_word' id='word_1_116' title='bbox 390 2390 668 2454; x_wconf 84' lang='lat' dir='ltr'><strong>laticem</strong></span> <span class='ocrx_word' id='word_1_117' title='bbox 689 2437 704 2463; x_wconf 80' lang='lat'>,</span> <span class='ocrx_word' id='word_1_118' title='bbox 729 2386 1146 2473; x_wconf 84' lang='lat' dir='ltr'><strong>deceptaque</strong></span> <span class='ocrx_word' id='word_1_119' title='bbox 1174 2410 1320 2452; x_wconf 14' lang='lat' dir='ltr'><strong>non*</strong></span> <span class='ocrx_word' id='word_1_120' title='bbox 1343 2389 1645 2472; x_wconf 77' lang='lat' dir='ltr'><strong>capiatur</strong></span> <span class='ocrx_word' id='word_1_121' title='bbox 1661 2437 1675 2461; x_wconf 74' lang='lat'><strong>‚</strong></span> 
     </span>
     <span class='ocr_line' id='line_1_19' title="bbox 101 2503 1532 2590; baseline 0.001 -25"><span class='ocrx_word' id='word_1_122' title='bbox 101 2503 204 2566; x_wconf 86' lang='lat' dir='ltr'><strong>sed</strong></span> <span class='ocrx_word' id='word_1_123' title='bbox 230 2506 455 2590; x_wconf 89' lang='lat' dir='ltr'><strong>potius</strong></span> <span class='ocrx_word' id='word_1_124' title='bbox 488 2503 612 2569; x_wconf 89' lang='lat' dir='ltr'><strong>tali</strong></span> <span class='ocrx_word' id='word_1_125' title='bbox 644 2510 844 2587; x_wconf 86' lang='lat' dir='ltr'><strong>paeto</strong></span> <span class='ocrx_word' id='word_1_126' title='bbox 876 2509 1179 2565; x_wconf 85' lang='lat' dir='ltr'><strong>recreata</strong></span> <span class='ocrx_word' id='word_1_127' title='bbox 1205 2503 1532 2578; x_wconf 77' lang='lat' dir='ltr'><strong>valescat,</strong></span> 
     </span>
     <span class='ocr_line' id='line_1_20' title="bbox 102 2617 2034 2707; baseline -0.001 -27"><span class='ocrx_word' id='word_1_128' title='bbox 102 2619 179 2680; x_wconf 89' lang='lat' dir='ltr'><strong>sie</strong></span> <span class='ocrx_word' id='word_1_129' title='bbox 206 2641 319 2704; x_wconf 90' lang='lat' dir='ltr'><strong>ego</strong></span> <span class='ocrx_word' id='word_1_130' title='bbox 350 2642 542 2683; x_wconf 87' lang='lat' dir='ltr'><strong>nune</strong></span> <span class='ocrx_word' id='word_1_131' title='bbox 564 2667 578 2693; x_wconf 88' lang='lat'><strong>‚</strong></span> <span class='ocrx_word' id='word_1_132' title='bbox 605 2617 915 2707; x_wconf 73' lang='lat' dir='ltr'><strong>quoniam</strong></span> <span class='ocrx_word' id='word_1_133' title='bbox 930 2617 1110 2679; x_wconf 71' lang='lat' dir='ltr'><strong>haee</strong></span> <span class='ocrx_word' id='word_1_134' title='bbox 1139 2618 1310 2680; x_wconf 87' lang='lat' dir='ltr'><strong>ratio</strong></span> <span class='ocrx_word' id='word_1_135' title='bbox 1342 2617 1735 2701; x_wconf 88' lang='lat' dir='ltr'><strong>plerumque</strong></span> <span class='ocrx_word' id='word_1_136' title='bbox 1767 2617 2034 2681; x_wconf 85' lang='lat' dir='ltr'><strong>videtur</strong></span> 
     </span>
     <span class='ocr_line' id='line_1_21' title="bbox 100 2732 1793 2816; baseline 0.001 -23"><span class='ocrx_word' id='word_1_137' title='bbox 100 2733 323 2796; x_wconf 80' lang='lat' dir='ltr'><strong>tristior</strong></span> <span class='ocrx_word' id='word_1_138' title='bbox 356 2755 514 2797; x_wconf 89' lang='lat' dir='ltr'><strong>esse</strong></span> <span class='ocrx_word' id='word_1_139' title='bbox 550 2732 797 2816; x_wconf 86' lang='lat' dir='ltr'><strong>quibus</strong></span> <span class='ocrx_word' id='word_1_140' title='bbox 828 2753 962 2793; x_wconf 93' lang='lat' dir='ltr'><strong>non</strong></span> <span class='ocrx_word' id='word_1_141' title='bbox 998 2740 1100 2795; x_wconf 91' lang='lat' dir='ltr'><strong>est</strong></span> <span class='ocrx_word' id='word_1_142' title='bbox 1126 2739 1451 2806; x_wconf 78' lang='lat' dir='ltr'><strong>tractata,</strong></span> <span class='ocrx_word' id='word_1_143' title='bbox 1474 2739 1793 2815; x_wconf 87' lang='lat' dir='ltr'><strong>retroque</strong></span> 
     </span>
     <span class='ocr_line' id='line_1_22' title="bbox 42 2846 1850 2930; baseline 0.003 -28"><span class='ocrx_word' id='word_1_144' title='bbox 42 2855 66 2902; x_wconf 61' lang='lat'><strong>{5</strong></span> <span class='ocrx_word' id='word_1_145' title='bbox 99 2848 302 2930; x_wconf 80' lang='lat' dir='ltr'><strong>volgus</strong></span> <span class='ocrx_word' id='word_1_146' title='bbox 332 2848 673 2912; x_wconf 89' lang='lat' dir='ltr'><strong>abhorret</strong></span> <span class='ocrx_word' id='word_1_147' title='bbox 702 2847 783 2909; x_wconf 91' lang='lat' dir='ltr'><strong>ab</strong></span> <span class='ocrx_word' id='word_1_148' title='bbox 814 2846 943 2907; x_wconf 86' lang='lat' dir='ltr'><strong>hae</strong></span> <span class='ocrx_word' id='word_1_149' title='bbox 962 2894 975 2920; x_wconf 73' lang='grc'>,</span> <span class='ocrx_word' id='word_1_150' title='bbox 997 2846 1177 2908; x_wconf 90' lang='lat' dir='ltr'><strong>volui</strong></span> <span class='ocrx_word' id='word_1_151' title='bbox 1208 2846 1326 2910; x_wconf 91' lang='lat' dir='ltr'><strong>tibi</strong></span> <span class='ocrx_word' id='word_1_152' title='bbox 1357 2846 1850 2930; x_wconf 78' lang='lat' dir='ltr'><strong>suaviloquenti</strong></span> 
     </span>
     <span class='ocr_line' id='line_1_23' title="bbox 104 2960 1675 3044; baseline 0.002 -24"><span class='ocrx_word' id='word_1_153' title='bbox 104 2964 357 3024; x_wconf 80' lang='lat' dir='ltr'><strong>carmine</strong></span> <span class='ocrx_word' id='word_1_154' title='bbox 387 2961 623 3024; x_wconf 91' lang='lat' dir='ltr'><strong>Pierio</strong></span> <span class='ocrx_word' id='word_1_155' title='bbox 653 2960 980 3022; x_wconf 89' lang='lat' dir='ltr'><strong>rationem</strong></span> <span class='ocrx_word' id='word_1_156' title='bbox 1012 2981 1349 3044; x_wconf 83' lang='lat' dir='ltr'><strong>exponere</strong></span> <span class='ocrx_word' id='word_1_157' title='bbox 1380 2968 1675 3023; x_wconf 89' lang='lat' dir='ltr'><strong>nostram</strong></span> 
     </span>
     <span class='ocr_line' id='line_1_24' title="bbox 108 3073 1562 3159; baseline 0.002 -26"><span class='ocrx_word' id='word_1_158' title='bbox 108 3081 160 3135; x_wconf 86' lang='lat' dir='ltr'><strong>et</strong></span> <span class='ocrx_word' id='word_1_159' title='bbox 186 3078 362 3159; x_wconf 88' lang='lat' dir='ltr'><strong>quasi</strong></span> <span class='ocrx_word' id='word_1_160' title='bbox 394 3095 681 3137; x_wconf 88' lang='lat' dir='ltr'><strong>musaeo</strong></span> <span class='ocrx_word' id='word_1_161' title='bbox 716 3073 890 3136; x_wconf 87' lang='lat' dir='ltr'><strong>dulei</strong></span> <span class='ocrx_word' id='word_1_162' title='bbox 923 3075 1307 3159; x_wconf 79' lang='lat' dir='ltr'><strong>contingere</strong></span> <span class='ocrx_word' id='word_1_163' title='bbox 1337 3074 1562 3151; x_wconf 78' lang='lat' dir='ltr'><strong>melle3</strong></span> 
     </span>
     <span class='ocr_line' id='line_1_25' title="bbox 105 3187 1509 3254; baseline 0.003 -8"><span class='ocrx_word' id='word_1_164' title='bbox 105 3187 148 3247; x_wconf 87' lang='lat' dir='ltr'><strong>si</strong></span> <span class='ocrx_word' id='word_1_165' title='bbox 171 3189 276 3252; x_wconf 88' lang='lat' dir='ltr'><strong>tibi</strong></span> <span class='ocrx_word' id='word_1_166' title='bbox 303 3191 491 3254; x_wconf 89' lang='lat' dir='ltr'><strong>forte</strong></span> <span class='ocrx_word' id='word_1_167' title='bbox 527 3189 815 3251; x_wconf 87' lang='lat' dir='ltr'><strong>animum</strong></span> <span class='ocrx_word' id='word_1_168' title='bbox 844 3189 958 3251; x_wconf 90' lang='lat' dir='ltr'><strong>tali</strong></span> <span class='ocrx_word' id='word_1_169' title='bbox 988 3189 1247 3252; x_wconf 89' lang='lat' dir='ltr'><strong>ratione</strong></span> <span class='ocrx_word' id='word_1_170' title='bbox 1276 3197 1509 3251; x_wconf 88' lang='lat' dir='ltr'><strong>tenere</strong></span> 
     </span>
     <span class='ocr_line' id='line_1_26' title="bbox 105 3302 1941 3388; baseline 0.002 -27"><span class='ocrx_word' id='word_1_171' title='bbox 105 3304 380 3367; x_wconf 80' lang='lat' dir='ltr'><strong>versibus</strong></span> <span class='ocrx_word' id='word_1_172' title='bbox 409 3305 486 3366; x_wconf 89' lang='lat' dir='ltr'><strong>in</strong></span> <span class='ocrx_word' id='word_1_173' title='bbox 517 3303 775 3365; x_wconf 90' lang='lat' dir='ltr'><strong>nostris</strong></span> <span class='ocrx_word' id='word_1_174' title='bbox 804 3325 1074 3387; x_wconf 88' lang='lat' dir='ltr'><strong>possem</strong></span> <span class='ocrx_word' id='word_1_175' title='bbox 1095 3352 1109 3377; x_wconf 78' lang='lat'>‚</span> <span class='ocrx_word' id='word_1_176' title='bbox 1139 3302 1292 3366; x_wconf 84' lang='lat' dir='ltr'><strong>dum</strong></span> <span class='ocrx_word' id='word_1_177' title='bbox 1325 3303 1650 3388; x_wconf 82' lang='lat' dir='ltr'><strong>perspicis</strong></span> <span class='ocrx_word' id='word_1_178' title='bbox 1683 3326 1941 3367; x_wconf 86' lang='lat' dir='ltr'><strong>omnem</strong></span> 
     </span>
     <span class='ocr_line' id='line_1_27' title="bbox 41 3418 1703 3502; baseline 0.004 -29"><span class='ocrx_word' id='word_1_179' title='bbox 41 3421 74 3468; x_wconf 69' lang='lat'><strong>⁵0</strong></span> <span class='ocrx_word' id='word_1_180' title='bbox 106 3425 378 3480; x_wconf 87' lang='lat' dir='ltr'><strong>naturam</strong></span> <span class='ocrx_word' id='word_1_181' title='bbox 409 3440 648 3479; x_wconf 90' lang='lat' dir='ltr'><strong>rerum</strong></span> <span class='ocrx_word' id='word_1_182' title='bbox 667 3465 681 3491; x_wconf 84' lang='lat'><strong><em>‚</em></strong></span> <span class='ocrx_word' id='word_1_183' title='bbox 707 3438 838 3500; x_wconf 89' lang='lat' dir='ltr'><strong>qua</strong></span> <span class='ocrx_word' id='word_1_184' title='bbox 868 3426 1134 3481; x_wconf 81' lang='lat' dir='ltr'><strong>const-et</strong></span> <span class='ocrx_word' id='word_1_185' title='bbox 1164 3426 1435 3502; x_wconf 82' lang='lat' dir='ltr'><strong>compta</strong></span> <span class='ocrx_word' id='word_1_186' title='bbox 1462 3418 1703 3502; x_wconf 86' lang='lat' dir='ltr'><strong>figura.</strong></span> 
     </span>
     <span class='ocr_line' id='line_1_28' title="bbox 176 3530 1646 3616; baseline 0.002 -24"><span class='ocrx_word' id='word_1_187' title='bbox 176 3530 298 3593; x_wconf 80' lang='lat' dir='ltr'><strong>Sed</strong></span> <span class='ocrx_word' id='word_1_188' title='bbox 329 3532 660 3616; x_wconf 86' lang='lat' dir='ltr'><strong>quoniam</strong></span> <span class='ocrx_word' id='word_1_189' title='bbox 693 3530 888 3594; x_wconf 80' lang='lat' dir='ltr'><strong>docui</strong></span> <span class='ocrx_word' id='word_1_190' title='bbox 919 3531 1319 3595; x_wconf 86' lang='lat' dir='ltr'><strong>solidissima</strong></span> <span class='ocrx_word' id='word_1_191' title='bbox 1346 3533 1646 3595; x_wconf 89' lang='lat' dir='ltr'><strong>materiai</strong></span> 
     </span>
     <span class='ocr_line' id='line_1_29' title="bbox 108 3646 1778 3732; baseline 0.004 -31"><span class='ocrx_word' id='word_1_192' title='bbox 108 3662 362 3728; x_wconf 78' lang='lat' dir='ltr'><strong>corpora</strong></span> <span class='ocrx_word' id='word_1_193' title='bbox 391 3653 737 3732; x_wconf 89' lang='lat' dir='ltr'><strong>perpetuo</strong></span> <span class='ocrx_word' id='word_1_194' title='bbox 769 3646 1049 3708; x_wconf 89' lang='lat' dir='ltr'><strong>volitare</strong></span> <span class='ocrx_word' id='word_1_195' title='bbox 1078 3646 1328 3709; x_wconf 85' lang='lat' dir='ltr'><strong>invicta</strong></span> <span class='ocrx_word' id='word_1_196' title='bbox 1358 3669 1477 3732; x_wconf 88' lang='lat' dir='ltr'><strong>per</strong></span> <span class='ocrx_word' id='word_1_197' title='bbox 1509 3669 1741 3710; x_wconf 86' lang='lat' dir='ltr'><strong>aevom</strong></span> <span class='ocrx_word' id='word_1_198' title='bbox 1764 3696 1778 3720; x_wconf 70' lang='grc'>,</span> 
     </span>
     <span class='ocr_line' id='line_1_30' title="bbox 106 3759 1699 3845; baseline 0.004 -30"><span class='ocrx_word' id='word_1_199' title='bbox 106 3775 252 3820; x_wconf 86' lang='lat' dir='ltr'><strong>nunc</strong></span> <span class='ocrx_word' id='word_1_200' title='bbox 280 3781 406 3845; x_wconf 91' lang='lat' dir='ltr'><strong>age</strong></span> <span class='ocrx_word' id='word_1_201' title='bbox 427 3809 443 3835; x_wconf 85' lang='lat'><strong>‚</strong></span> <span class='ocrx_word' id='word_1_202' title='bbox 470 3759 752 3822; x_wconf 87' lang='lat' dir='ltr'><strong>summai</strong></span> <span class='ocrx_word' id='word_1_203' title='bbox 783 3759 1109 3843; x_wconf 84' lang='lat' dir='ltr'><strong>quaedam</strong></span> <span class='ocrx_word' id='word_1_204' title='bbox 1142 3762 1230 3823; x_wconf 90' lang='lat' dir='ltr'><strong>sit</strong></span> <span class='ocrx_word' id='word_1_205' title='bbox 1256 3761 1403 3824; x_wconf 90' lang='lat' dir='ltr'><strong>finis</strong></span> <span class='ocrx_word' id='word_1_206' title='bbox 1438 3783 1664 3823; x_wconf 88' lang='lat' dir='ltr'><strong>eorum</strong></span> <span class='ocrx_word' id='word_1_207' title='bbox 1685 3809 1699 3834; x_wconf 78' lang='lat'>‚</span> 
     </span>
     <span class='ocr_line' id='line_1_31' title="bbox 104 3872 1950 3959; baseline 0.004 -31"><span class='ocrx_word' id='word_1_208' title='bbox 104 3887 283 3936; x_wconf 85' lang='lat' dir='ltr'><strong>necne</strong></span> <span class='ocrx_word' id='word_1_209' title='bbox 315 3875 404 3937; x_wconf 87' lang='lat' dir='ltr'><strong>sit</strong></span> <span class='ocrx_word' id='word_1_210' title='bbox 423 3923 438 3948; x_wconf 83' lang='lat'>‚</span> <span class='ocrx_word' id='word_1_211' title='bbox 468 3872 892 3936; x_wconf 87' lang='lat' dir='ltr'><strong>evolvamus:</strong></span> <span class='ocrx_word' id='word_1_212' title='bbox 917 3875 1070 3938; x_wconf 90' lang='lat' dir='ltr'><strong>item</strong></span> <span class='ocrx_word' id='word_1_213' title='bbox 1103 3874 1288 3959; x_wconf 85' lang='lat' dir='ltr'><strong>quod</strong></span> <span class='ocrx_word' id='word_1_214' title='bbox 1315 3876 1512 3937; x_wconf 85' lang='lat' dir='ltr'><strong>inane</strong></span> <span class='ocrx_word' id='word_1_215' title='bbox 1543 3881 1950 3959; x_wconf 86' lang='lat' dir='ltr'><strong>repertumst</strong></span> 
     </span>
     <span class='ocr_line' id='line_1_32' title="bbox 41 3988 2017 4076; baseline 0.003 -34"><span class='ocrx_word' id='word_1_216' title='bbox 41 3989 73 4034; x_wconf 72' lang='lat'><strong>⁵5</strong></span> <span class='ocrx_word' id='word_1_217' title='bbox 109 4003 206 4046; x_wconf 87' lang='lat' dir='ltr'><strong>seu</strong></span> <span class='ocrx_word' id='word_1_218' title='bbox 230 3988 422 4052; x_wconf 90' lang='grc'>100118</span> <span class='ocrx_word' id='word_1_219' title='bbox 456 4010 540 4050; x_wconf 88' lang='lat' dir='ltr'><strong>ae</strong></span> <span class='ocrx_word' id='word_1_220' title='bbox 576 3988 861 4070; x_wconf 87' lang='lat' dir='ltr'><strong>spatium</strong></span> <span class='ocrx_word' id='word_1_221' title='bbox 885 4037 898 4062; x_wconf 84' lang='lat'>,</span> <span class='ocrx_word' id='word_1_222' title='bbox 921 4010 1030 4051; x_wconf 91' lang='lat' dir='ltr'><strong>res</strong></span> <span class='ocrx_word' id='word_1_223' title='bbox 1060 3990 1125 4051; x_wconf 91' lang='lat' dir='ltr'><strong>in</strong></span> <span class='ocrx_word' id='word_1_224' title='bbox 1158 4012 1293 4076; x_wconf 84' lang='lat' dir='ltr'><strong>quo</strong></span> <span class='ocrx_word' id='word_1_225' title='bbox 1329 4011 1634 4074; x_wconf 86' lang='lat' dir='ltr'><strong>quaeque</strong></span> <span class='ocrx_word' id='word_1_226' title='bbox 1666 3995 2017 4072; x_wconf 85' lang='lat' dir='ltr'><strong>gerantur,</strong></span> 
     </span>
     <span class='ocr_line' id='line_1_33' title="bbox 108 4102 1652 4178; baseline 0.002 -19"><span class='ocrx_word' id='word_1_227' title='bbox 108 4102 557 4178; x_wconf 87' lang='lat' dir='ltr'><strong>pervideamus</strong></span> <span class='ocrx_word' id='word_1_228' title='bbox 590 4108 812 4163; x_wconf 87' lang='lat' dir='ltr'><strong>utrum</strong></span> <span class='ocrx_word' id='word_1_229' title='bbox 842 4103 1091 4164; x_wconf 89' lang='lat' dir='ltr'><strong>finitum</strong></span> <span class='ocrx_word' id='word_1_230' title='bbox 1124 4104 1428 4165; x_wconf 82' lang='lat' dir='ltr'><strong>funditus</strong></span> <span class='ocrx_word' id='word_1_231' title='bbox 1461 4124 1652 4164; x_wconf 87' lang='lat' dir='ltr'><strong>omne</strong></span> 
     </span>
    </p>
   </div>
   <div class='ocr_carea' id='block_1_3' title="bbox 150 4266 279 4274">
    <p class='ocr_par' dir='ltr' id='par_1_3' title="bbox 150 4266 279 4274">
     <span class='ocr_line' id='line_1_34' title="bbox 150 4266 279 4274; baseline 0 734"><span class='ocrx_word' id='word_1_232' title='bbox 150 4266 279 4274; x_wconf 95' lang='lat' dir='ltr'><strong> </strong></span> 
     </span>
    </p>
   </div>
   <div class='ocr_carea' id='block_1_4' title="bbox 282 4271 431 4277">
    <p class='ocr_par' dir='ltr' id='par_1_4' title="bbox 282 4271 431 4277">
     <span class='ocr_line' id='line_1_35' title="bbox 282 4271 431 4277; baseline 0 0"><span class='ocrx_word' id='word_1_233' title='bbox 282 4271 431 4277; x_wconf 95' lang='lat' dir='ltr'><strong> </strong></span> 
     </span>
    </p>
   </div>
   <div class='ocr_carea' id='block_1_5' title="bbox 114 4323 2075 4502">
    <p class='ocr_par' dir='ltr' id='par_1_5' title="bbox 114 4323 2075 4502">
     <span class='ocr_line' id='line_1_36' title="bbox 114 4323 2075 4416; baseline 0.003 -26"><span class='ocrx_word' id='word_1_234' title='bbox 114 4345 190 4390; x_wconf 77' lang='lat'><strong>931</strong></span> <span class='ocrx_word' id='word_1_235' title='bbox 227 4348 388 4414; x_wconf 82' lang='lat' dir='ltr'><strong>magis</strong></span> <span class='ocrx_word' id='word_1_236' title='bbox 431 4347 452 4415; x_wconf 83' lang='grc' dir='ltr'><strong>ΙΙ</strong></span> <span class='ocrx_word' id='word_1_237' title='bbox 493 4353 596 4398; x_wconf 83' lang='grc'><strong>932</strong></span> <span class='ocrx_word' id='word_1_238' title='bbox 636 4364 836 4414; x_wconf 85' lang='lat' dir='ltr'><strong>porge.</strong></span> <span class='ocrx_word' id='word_1_239' title='bbox 876 4347 895 4414; x_wconf 85' lang='grc' dir='ltr'><strong>ΙΙ</strong></span> <span class='ocrx_word' id='word_1_240' title='bbox 935 4354 1029 4397; x_wconf 85' lang='grc'><strong>942</strong></span> <span class='ocrx_word' id='word_1_241' title='bbox 1069 4323 1211 4398; x_wconf 71' lang='lat' dir='ltr'><strong>facto</strong></span> <span class='ocrx_word' id='word_1_242' title='bbox 1251 4349 1269 4414; x_wconf 83' lang='grc' dir='ltr'>Η</span> <span class='ocrx_word' id='word_1_243' title='bbox 1310 4354 1406 4399; x_wconf 82' lang='grc'><strong>943</strong></span> <span class='ocrx_word' id='word_1_244' title='bbox 1450 4348 1619 4399; x_wconf 81' lang='lat' dir='ltr'><strong>videt.</strong></span> <span class='ocrx_word' id='word_1_245' title='bbox 1658 4348 1677 4416; x_wconf 80' lang='grc'><strong>11</strong></span> <span class='ocrx_word' id='word_1_246' title='bbox 1718 4354 1816 4397; x_wconf 77' lang='grc'><strong>954</strong></span> <span class='ocrx_word' id='word_1_247' title='bbox 1855 4346 1970 4398; x_wconf 86' lang='lat' dir='ltr'><strong>Nee</strong></span> <span class='ocrx_word' id='word_1_248' title='bbox 2007 4348 2075 4396; x_wconf 87' lang='lat' dir='ltr'><strong>sit</strong></span> 
     </span>
     <span class='ocr_line' id='line_1_37' title="bbox 1912 4444 1949 4502; baseline 0 0"><span class='ocrx_word' id='word_1_249' title='bbox 1912 4444 1949 4502; x_wconf 89' lang='lat'>3</span> 
     </span>
    </p>
   </div>
   <div class='ocr_carea' id='block_1_6' title="bbox 2251 395 2340 459">
    <p class='ocr_par' dir='ltr' id='par_1_6' title="bbox 2251 395 2340 459">
     <span class='ocr_line' id='line_1_38' title="bbox 2251 395 2340 459; baseline 0.022 -2"><span class='ocrx_word' id='word_1_250' title='bbox 2251 395 2340 459; x_wconf 78' lang='lat'><strong>33</strong></span> 
     </span>
    </p>
   </div>
  </div>
 </body>
</html>
