2840 5008
494 440 628 507 196
797 397 989 542 ‘⁹
1554 436 1650 504 111

486 633 706 697 neque
738 611 910 676 enim
938 609 1290 676 credibilia
1319 616 1479 673 sunt
1510 630 1684 695 quae
1727 609 1985 674 habent
2029 609 2121 673 ad
2149 609 2421 674 Horatii
2459 632 2709 674 sermo-

488 732 647 774 num
677 734 720 785 1,
738 709 794 784 2,
813 708 852 771 2
878 709 1058 772 Acro
1090 715 1159 772 et
1190 714 1680 772 commentator
1701 706 2126 792 Cruquianus
2158 731 2220 793 p.
2240 709 2362 772 317
2380 756 2395 782 ‚
2418 709 2635 793 leyitur
2660 719 2715 772 et

490 808 881 873 barathrone-3
892 854 910 885 ‚
932 808 1041 892 qui
1061 806 1217 870 bona
1244 830 1359 870 sua
1388 806 1735 897 devorando
1768 808 1945 892 quasi
1969 808 2036 869 in
2066 805 2425 870 barathrum
2451 808 2709 869 mittunt.

492 907 615 972 sed
641 906 824 970 idem
850 904 1171 970 Heinsius
1199 905 1401 992 Aufer
1444 953 1461 983 ‚
1504 905 1606 968 abi
1650 952 1667 984 ,
1714 904 1856 969 hine
1883 906 2174 969 lacrimas
2203 929 2228 986 ς
2275 896 2581 989 quodne
2611 903 2713 968 cui

488 1005 880 1070 blandiatur
896 1051 912 1079 ‚
929 1003 1247 1067 vitiosum
1271 1024 1419 1067 esse
1436 1002 1640 1086 paulo
1663 1009 1825 1087 post
1848 1003 2176 1067 curiosius
2200 1002 2562 1067 ostendam
2580 1051 2594 1064 .
2613 1003 2713 1065 ab·

491 1104 632 1166 hinc
661 1108 881 1165 utrum
908 1103 976 1164 in
994 1112 1307 1186 posterum
1337 1101 1713 1186 significare
1744 1109 1982 1186 posset
2011 1101 2201 1165 docti
2244 1100 2712 1186 disputarunt,

493 1200 858 1264 Pacuvium
885 1198 955 1260 in
982 1199 1340 1262 Armorum
1366 1198 1617 1262 iudicio
1646 1199 1746 1262 ita
1773 1199 2082 1283 posuisse
2117 1220 2371 1285 negare
2411 1220 2558 1262 non
2597 1218 2714 1281 po-

494 1304 771 1362 tuerunt
790 1345 805 1371 ‚
837 1319 1019 1381 seque
1046 1298 1132 1360 ad
1156 1297 1330 1360 ludos
1356 1298 1485 1359 iam
1513 1296 1653 1359 inde
1683 1296 1902 1359 abhinc
1928 1307 2278 1374 exerceant,
2304 1317 2484 1380 quae
2508 1297 2713 1360 verba

495 1404 654 1460 sunt
684 1394 867 1481 apud
899 1380 1274 1457 Charisium
1304 1418 1367 1480 p.
1391 1395 1508 1457 175
1541 1441 1556 1457 .
1600 1415 1763 1479 ergo
1797 1393 2037 1458 eodem
2061 1393 2268 1457 modo
2297 1393 2414 1457 hic
2446 1415 2713 1479 quoque

492 1492 954 1578 accipiendum
985 1498 1126 1568 est3
1160 1490 1348 1575 quod
1380 1514 1501 1556 cur
1521 1491 1835 1556 Handius
1863 1493 2202 1577 improbet
2228 1493 2301 1555 in
2328 1491 2712 1556 Tursellino

493 1616 516 1655 1
547 1614 611 1676 p.
630 1592 711 1654 66
752 1611 892 1652 non
928 1589 1246 1674 intellego
1283 1638 1298 1653 .
1340 1591 1443 1652 abi
1481 1590 1623 1653 hinc
1664 1590 1832 1653 alius
1861 1589 2155 1653 fortasse
2183 1595 2391 1673 poeta
2420 1591 2716 1655 scribere

492 1689 718 1775 potuit
740 1735 756 1761 ‚
786 1686 1142 1750 Lucretius
1175 1694 1359 1750 certe
1389 1708 1528 1750 non
1557 1688 1782 1770 potuit
1812 1735 1827 1762 ‚
1860 1687 1974 1772 qui
2004 1687 2338 1751 vocabula
2363 1689 2576 1753 i'ambi
2603 1709 2714 1771 pe-

494 1788 599 1851 dis
628 1805 940 1848 mensura
981 1784 1471 1869 comprehensa
1499 1833 1514 1859 ‚
1563 1785 1761 1870 quale
1803 1794 1908 1849 est
1946 1786 2047 1849 abi
2075 1834 2092 1864 ‚
2137 1808 2276 1849 non
2314 1786 2526 1850 modo
2572 1807 2714 1850 cum

492 1884 685 1951 brevi
724 1932 740 1959 ,
775 1892 864 1945 ut
894 1882 1036 1946 dixi
1062 1882 1266 1967 paulo
1298 1891 1456 1946 ante
1486 1929 1500 1956 ,
1546 1881 1663 1946 941
1704 1930 1721 1957 ,
1767 1881 1889 1945 sed
1916 1904 2003 1947 ne
2034 1904 2182 1946 cum
2211 1883 2417 1969 longa
2447 1883 2716 1972 quidem

495 1983 761 2071 syllaba
790 1981 1050 2044 collidit
1067 2028 1081 2043 .
1099 1979 1413 2044 facillime
1440 1981 1612 2044 enim
1638 1981 1875 2044 evitari
1896 1988 2129 2066 potest
2152 1982 2341 2067 quod
2362 2000 2573 2045 unum
2601 1982 2715 2045 ha-

493 2085 611 2147 bet
632 2081 831 2145 huius
856 2079 1223 2143 collisionis
1255 2078 1633 2163 exemplum
1652 2124 1670 2153 ‚
1701 2080 1840 2164 equi
1869 2089 2047 2164 atque
2074 2079 2333 2143 hominis
2357 2080 2430 2143 in
2452 2103 2544 2155 1v‚
2563 2081 2601 2143 7
2604 2080 2676 2143 41
2697 2101 2714 2141 ι

495 2202 649 2244 nam
667 2202 776 2243 suo
798 2180 866 2242 in
884 2178 1059 2243 libro
1083 2200 1170 2266 IV)
1192 2176 1311 2241 472
1345 2183 1579 2260 aperte
1609 2176 1926 2240 vitiosum
1958 2184 2063 2240 est
2084 2225 2101 2252 ‚
2127 2199 2348 2262 neque
2377 2178 2714 2241 mentione

498 2279 701 2365 digna
744 2282 903 2340 sunt
929 2277 1025 2339 vel
1049 2277 1137 2338 uti
1164 2277 1229 2337 in
1256 2276 1442 2337 viridi
1471 2281 1539 2337 et
1567 2276 1657 2337 uti
1681 2276 1749 2338 in
1778 2276 2077 2361 quadrato
2107 2296 2283 2360 quae
2310 2275 2632 2362 leguntur
2649 2276 2714 2339 in

496 2401 564 2451 11,
584 2374 706 2439 322
738 2382 804 2437 et
833 2374 871 2436 7
875 2373 957 2438 80
994 2421 1007 2434 .
1051 2371 1416 2435 communis
1447 2377 1806 2454 poetarum
1832 2379 2095 2435 tantum
2122 2394 2260 2436 non
2291 2376 2588 2437 omnium
2615 2395 2713 2437 re·

495 2475 652 2562 gula
683 2480 788 2537 est
809 2520 824 2547 ‚
854 2492 941 2535 ne
968 2477 1130 2555 post
1158 2469 1563 2536 vocabulum
1589 2470 1943 2534 iambicum
1969 2470 2039 2533 in
2069 2472 2370 2537 vocalem
2401 2472 2712 2537 desinens

362 2648 373 2656 ,
496 2573 761 2659 syllaba
791 2576 993 2633 acuta
1019 2575 1314 2654 ponatur
1346 2615 1360 2642 ,
1405 2567 1536 2630 nisi
1566 2589 1715 2631 cum
1745 2567 1937 2632 hiatu
1967 2617 1982 2643 ‚
2011 2570 2199 2634 velut
2227 2570 2399 2658 Hyla
2419 2575 2595 2635 o'mne
2621 2595 2711 2635 so-

494 2682 713 2750 naret5
739 2670 875 2732 vale
912 2668 1112 2753 inquit
1148 2667 1351 2749 Iolla,·
1377 2689 1529 2731 novo
1558 2671 1770 2730 a'uctus
1797 2667 2153 2753 Hymenaeo
2174 2694 2198 2750 ,-
2227 2670 2579 2734 Posthabita
2621 2692 2711 2733 co-

496 2768 675 2831 luisse
706 2766 894 2829 Samo
917 2790 938 2826 .·
965 2765 1064 2828 hic
1091 2766 1257 2829 illius
1285 2789 1464 2828 arma
1490 2813 1504 2827 .
1534 2766 1632 2829 ita
1660 2767 1890 2852 liquere
1901 2766 2088 2853 ferae
2110 2816 2124 2842 ‚
2154 2771 2191 2831 ό
2219 2779 2481 2854 quantus·
2518 2771 2583 2831 in
2612 2792 2710 2831 ar-

495 2866 612 2928 mis
653 2861 930 2927 Gratius
975 2861 1097 2927 528
1138 2911 1151 2925 .
1192 2864 1292 2927 ita
1322 2862 1626 2927 Catullus
1673 2863 1867 2938 114,ss
1898 2864 2137 2928 Saltum
2166 2866 2485 2930 laudemus
2513 2915 2530 2945 ‚
2574 2867 2710 2930 dum

496 2965 674 3027 domo
701 2962 829 3046 ipse
858 2971 1027 3045 eqeat
1043 2985 1068 3042 ,-
1096 2961 1210 3024 ubi
1249 2961 1423 3024 male
1462 2961 1616 3027 libri
1658 2963 1804 3026 dum
1829 2964 2008 3027 modo
2045 3011 2059 3025 .
2108 2963 2368 3027 Seneca
2400 2971 2469 3028 et
2496 2964 2711 3027 Phae-

498 3061 663 3125 drus
695 3059 823 3123 soli
841 3064 1073 3121 vetere
1092 3060 1509 3124 'iambeorum
1528 3060 1802 3126 licentia
1824 3083 2055 3125 carere
2076 3064 2444 3126 noluerunt
2456 3091 2479 3123 ·.
2510 3063 2711 3147 tragi-

499 3182 618 3224 cus
658 3161 728 3223 in
771 3157 1076 3244 Thyeste
1125 3156 1284 3221 1065
1331 3169 1388 3222 et
1429 3161 1661 3244 ayqessi
1704 3183 1893 3224 manu
1927 3160 2076 3224 Alea
2116 3162 2244 3246 ipse
2268 3160 2571 3249 flammas
2589 3210 2608 3240 ,
2647 3160 2712 3223 in

498 3257 789 3320 Troasin
836 3257 958 3320 973
997 3279 1168 3320 meae
1210 3256 1417 3341 iynota
1460 3269 1580 3337 est,
1606 3258 1678 3319 in
1706 3257 1953 3321 Medea
2001 3258 2118 3322 150
2165 3259 2296 3322 Sile
2340 3259 2618 3333 dbsecw,
2647 3259 2711 3322 in

495 3354 789 3418 Hercule
832 3352 953 3416 262
997 3354 1108 3417 hoc
1148 3355 1300 3444 sinu⁴
1327 3356 1614 3418 immenso
1658 3367 1831 3419 exeat
1857 3404 1873 3431 ,
1910 3355 2161 3420 ibidem
2187 3356 2310 3420 813
2349 3356 2469 3420 hac
2493 3379 2710 3433 manu,

496 3454 614 3518 ha'c
644 3502 658 3516 .
690 3449 1046 3515 Phaedrus
1078 3474 1176 3525 111,
1194 3452 1233 3514 7
1237 3499 1251 3526 ‚
1275 3452 1350 3515 15
1378 3452 1525 3516 Veni
1553 3476 1694 3539 erqo
1718 3502 1733 3528 ‚
1761 3454 1999 3530 v‚10‚4
2037 3456 2197 3518 Tace
2223 3457 2459 3541 inquit,
2486 3454 2560 3518 in
2587 3454 2711 3517 Pe·

432 3601 443 3608 .
496 3551 766 3616 rottinis
806 3548 1006 3624 2210
1035 3551 1165 3613 Ave
1203 3573 1390 3637 usque
1419 3576 1442 3612 .·
1482 3572 1704 3635 neque
1741 3552 1808 3615 in
1853 3552 2116 3628 1v‚22,8
2153 3553 2607 3637 improbarem
2650 3554 2712 3615 in

507 3653 620 3715 Ceo
649 3650 854 3713 insula
888 3696 905 3728 ,
949 3647 1080 3711 nisi
1105 3647 1431 3711 librorum
1471 3649 1849 3733 scripturae
1880 3650 2161 3738 propius
2192 3658 2373 3714 esset
2411 3652 2523 3714 Oia
2559 3699 2574 3725 ‚
2630 3649 2712 3712 de

500 3770 634 3834 quo
666 3747 810 3811 dixi
836 3769 1043 3832 supra
1075 3744 1159 3810 ad
1189 3767 1458 3809 versum
1487 3746 1610 3811 374
1634 3796 1648 3811 .
1679 3748 1921 3812 horum
1952 3748 2190 3813 similia
2213 3749 2429 3814 habet
2454 3751 2525 3813 in
2556 3750 2711 3813 sati-

495 3848 590 3909 ris
635 3846 890 3910 comico
934 3852 1151 3910 metro
1198 3846 1470 3931 scriptis
1500 3846 1797 3911 Lucilius
1828 3896 1843 3922 ‚
1886 3848 2045 3911 item
2076 3848 2144 3911 in
2172 3870 2378 3912 versu
2408 3848 2711 3913 Sotadeo

496 3942 720 4005 Varro
752 3946 892 4029 equi
918 3944 1202 4007 hinniunt
1228 3943 1413 4029 apud
1442 3936 1737 4007 Nonium
1765 3966 1828 4028 p.
1849 3944 1985 4020 156,
2004 3944 2084 4008 25
2110 3994 2123 4007 .
2156 3945 2283 4009 sed
2309 3945 2617 4032 Vergilio
2646 3948 2713 4010 in

494 4039 836 4104 Aeneidos
867 4064 983 4115 vn,
1001 4040 1475 4128 464‘imperite
1521 4042 1791 4127 quidam
1837 4042 2020 4127 apud
2059 4043 2366 4108 Servium
2408 4043 2714 4129 adscrip-

496 4147 732 4204 serunt
760 4162 960 4225 aquae
988 4142 1186 4202 a'mnis
1223 4189 1239 4218 ,
1288 4149 1355 4204 et
1395 4141 1690 4225 imperiti
1718 4140 1907 4206 fuere
1943 4143 2060 4228 qui
2087 4142 2514 4228 geminarunt
2539 4145 2622 4206 ite
2648 4143 2715 4205 in

493 4260 699 4302 versu
722 4235 866 4300 Silii
879 4258 944 4309 Χ,
963 4235 1084 4299 599
1106 4236 1241 4299 hoc
1258 4285 1274 4312 ,
1299 4238 1387 4302 Et
1397 4240 1666 4323 yliscunt
1684 4240 1940 4303 adversa
1962 4250 2120 4303 metu
2139 4289 2152 4303 .
2175 4241 2254 4303 ite
2268 4288 2286 4318 ,
2311 4241 2477 4303 ocius
2506 4263 2714 4303 arma.

492 4338 672 4401 idem
705 4334 1041 4420 Vergilius
1069 4358 1185 4421 ayo
1226 4343 1299 4399 et
1320 4337 1724 4421 productae
1756 4346 1822 4402 et
1853 4346 2009 4403 ante
2040 4350 2095 4402 et
2122 4337 2229 4403 vel
2258 4349 2367 4400 aut
2395 4338 2565 4401 elisa
2593 4358 2713 4423 po-

495 4436 629 4496 suit
666 4457 680 4497 :
727 4455 964 4498 versus
1010 4435 1283 4520 eclogae
1327 4437 1464 4510 1‚13
1508 4458 1647 4499 non
1692 4444 1877 4502 recte
1909 4437 2284 4523 procedet,
2331 4436 2463 4500 nisi
2493 4435 2713 4501 vocali
