2840 5008
326 661 420 707 145
466 666 728 731 semper
759 645 933 708 enim
961 666 1283 710 summum
1315 624 1637 733 quicquid
1666 645 1752 710 de
1781 647 1982 710 rebus
2014 645 2346 722 abundat,

471 758 655 844 quod
684 761 1056 825 iaculentur
1075 812 1088 826 .
1115 771 1182 826 et
1209 761 1342 827 hoc
1371 763 1535 827 alias
1565 783 1715 827 cum
1744 761 2051 848 pervenit
2076 762 2145 825 in
2173 782 2313 836 res,

471 875 743 951 transit,
766 884 842 939 ut
869 876 938 939 in
969 877 1193 964 primis
1223 887 1512 954 vestem:
1537 876 1658 942 sed
1688 877 1801 941 ubi
1831 897 2073 961 aspera
2100 897 2266 940 saxa

473 990 686 1053 autin
714 992 1053 1056 materiam
1084 993 1242 1078 ligni
1272 992 1582 1077 pervenit
1601 1042 1615 1068 ‚
1636 993 1727 1058 ibi
1755 992 1884 1055 iam

472 1104 797 1170 scinditur
817 1155 832 1182 ‚
859 1116 934 1170 ut
960 1107 1211 1172 nullum
1239 1107 1660 1172 simulacrum
1687 1104 1977 1171 reddere
2006 1108 2248 1192 possit.

333 1238 428 1284 150
472 1230 542 1284 at
571 1243 720 1284 cum
751 1221 1108 1308 splendida
1137 1245 1310 1308 quae
1340 1231 1656 1288 constant
1685 1230 1977 1309 opposta
2002 1220 2275 1285 fuerunt

476 1335 819 1420 densaque
838 1385 853 1410 ‚
876 1345 953 1400 ut
979 1337 1047 1401 in
1079 1338 1305 1424 primis
1335 1338 1682 1425 speculum
1711 1346 1814 1401 est
1832 1386 1848 1413 ‚
1870 1336 1968 1399 nil·
1990 1334 2234 1399 accidit
2260 1335 2549 1400 horum:

475 1472 629 1515 nam
656 1473 876 1536 neque
896 1501 910 1525 ‚
934 1452 1030 1515 uti
1059 1462 1312 1517 vestem
1332 1438 1354 1528 ‚⁸
1370 1453 1549 1537 potis
1581 1461 1685 1516 est
1716 1452 2001 1516 transire
2020 1500 2034 1524 ‚
2058 1472 2275 1535 neque
2307 1458 2538 1515 autem

479 1565 726 1642 scindi3
751 1587 948 1650 quam
978 1568 1269 1636 meminit
1295 1568 1485 1631 levor
1512 1575 1857 1652 praestare
1886 1567 2164 1629 salutem
2184 1614 2197 1628 .

482 1702 617 1766 qua
645 1689 924 1767 propter
953 1682 1028 1746 fit
1055 1692 1132 1746 ut
1161 1682 1315 1745 hinc
1344 1683 1538 1745 nobis
1571 1682 1923 1745 simulacra
1950 1679 2361 1745 redundent.

340 1813 434 1858 155
482 1803 550 1860 et
581 1796 880 1882 quamvis
910 1797 1133 1861 subito
1154 1846 1170 1872 ‚
1195 1798 1434 1882 quovis
1463 1798 1532 1860 in
1562 1805 1864 1882 tempore
1883 1845 1898 1871 ‚
1922 1816 2255 1880 quamque

481 1932 622 1975 rem
653 1921 890 1976 contra
919 1913 1262 1997 speculum
1290 1935 1503 1999 ponas
1523 1962 1538 1989 ‚
1561 1921 1844 1998 apparet
1873 1911 2120 1996 imag03

482 2036 809 2113 perpetuo
839 2023 1044 2091 'fluere
1076 2037 1155 2092 ut
1180 2050 1426 2092 noscas
1456 2051 1492 2092 e
1523 2048 1809 2114 corpore
1841 2047 2094 2090 summo

485 2151 788 2206 texturas
818 2165 1038 2207 rerum
1069 2145 1285 2208 tenuis
1315 2145 1669 2228 tenuisque
1697 2142 1945 2228 figuras
1965 2191 1978 2205 .

485 2279 646 2343 ergo
676 2259 886 2323 multa
913 2261 1100 2325 brevi
1131 2260 1350 2345 spatio
1384 2260 1735 2323 simulacra
1762 2264 2129 2344 genuntur‚

345 2390 439 2437 160
483 2381 560 2438 ut
586 2374 823 2438 merito
855 2374 1030 2438 celer
1058 2374 1163 2437 his
1192 2376 1394 2438 rebus
1427 2373 1690 2438 dicatur
1722 2374 1939 2458 origo·

490 2497 557 2554 et
586 2491 778 2575 quasi
807 2492 1014 2557 multa
1041 2491 1230 2556 brevi
1259 2491 1480 2577 spatio
1514 2489 1921 2554 summittere
1952 2486 2154 2551 debet

488 2607 735 2670 lumina
762 2609 895 2684 sol,
921 2615 996 2673 ut
1024 2617 1351 2695 perpetuo
1382 2607 1514 2670 sint
1544 2605 1766 2668 omnia
1793 2606 2018 2690 plena,

492 2722 588 2785 sic
618 2724 702 2787 ab
731 2724 932 2786 rebus
960 2725 1118 2788 item
1147 2723 1339 2787 simili
1365 2723 1628 2787 ratione
1655 2728 2000 2784 necessest

412 2834 418 2840 ’
491 2838 810 2923 temporis
839 2838 907 2900 in
939 2848 1188 2924 puncto
1219 2860 1441 2901 rerum
1471 2837 1823 2900 simulacra
1848 2834 2152 2898 ferantur

354 2969 449 3014 165
491 2952 701 3016 multa
728 2951 945 3015 modis
976 2954 1195 3017 multis
1224 2954 1292 3015 in
1323 2961 1601 3016 cunctas
1633 2950 1927 3035 undique
1960 2948 2196 3035 partis;

497 3066 1043 3153 quandoquidem
1074 3068 1414 3153 speculum
1449 3088 1583 3150 quo
1616 3087 1897 3150 cumque
1928 3062 2339 3128 obvertimus
2371 3061 2507 3124 oris
2526 3108 2541 3132 ‚

498 3205 605 3247 res
636 3183 761 3246 sibi
789 3181 1209 3267 respondent
1236 3181 1428 3246 simili
1456 3180 1670 3244 forma
1698 3188 1901 3264 atque
1931 3179 2185 3243 colore.

586 3299 981 3383 [Praeterea
1007 3297 1210 3363 modo
1246 3321 1395 3362 cum
1422 3297 1623 3361 fuerit
1648 3293 2084 3380 liquidissima
2114 3293 2278 3356 caeli

498 3422 861 3500 tempestas
881 3462 896 3489 ‚
920 3434 1242 3501 perquam
1271 3413 1495 3477 subito
1524 3412 1601 3476 fit
1627 3409 1900 3476 turbida
1926 3408 2126 3473 foede
2146 3457 2160 3482 ‚

358 3548 452 3594 170
496 3530 792 3616 undique
821 3529 918 3594 uti
945 3530 1260 3593 tenebras
1291 3529 1503 3592 omnis
1531 3526 1922 3591 Acherunta
1948 3525 2155 3588 rearis

500 3648 772 3734 liquisse
805 3655 870 3711 et
896 3667 1171 3733 magnas
1202 3644 1367 3708 caeli
1400 3642 1772 3728 complesse
1803 3661 2124 3704 cavernas
2142 3686 2156 3701 .

503 3784 717 3848 usque
747 3763 919 3828 adeo
953 3770 1171 3827 taetra
1199 3760 1574 3825 nimborum
1600 3765 1800 3821 nocte
1831 3763 2066 3819 coorta

502 3877 873 3965 inpendent
901 3888 1087 3944 atrae
1115 3875 1485 3941 formidinis
1516 3895 1637 3938 ora
1666 3893 1987 3958 superne3

509 4016 793 4079 quorum
825 3993 1144 4079 quantula
1172 4013 1330 4076 pars
1361 3992 1451 4054 sit
1477 3991 1694 4073 imago
1727 3987 1951 4053 dicere
1982 3992 2243 4049 nemost

519 4322 612 4366 150
651 4310 900 4382 opposita
935 4310 954 4376 11
997 4315 1090 4360 152
1131 4314 1358 4378 possunt
1395 4306 1414 4371 11
1463 4312 1553 4357 159
1591 4310 1869 4374 geruntur.
1905 4362 1906 4365 Ἴ
