2840 5008
1178 396 1208 464 1
1543 492 1548 493 f
2212 398 2302 466 29

123 596 241 639 cum
266 575 429 638 vitio
461 573 885 636 coniunctam
907 618 921 646 ,
950 572 1020 634 in
1043 592 1105 640 v,
1122 567 1243 632 627
1274 592 1414 633 cum
1432 570 1868 654 posterioribus
1885 571 2044 655 iynis
2058 618 2076 649 ,
2106 592 2308 635 voca-

121 674 266 738 bulis
307 673 476 736 male
522 670 859 735 distinctis
881 718 897 745 ‚
944 676 1013 733 et
1050 669 1120 731 in
1148 690 1249 743 v1‚
1278 667 1439 731 1138
1478 662 1828 731 morborum
1866 679 1921 731 et
1957 666 2312 756 mortiferae

120 793 221 856 pro
248 773 444 862 morti’
457 769 639 856 ferai
661 816 688 848 s
718 767 945 831 multis
968 775 1197 831 tamen
1223 765 1493 831 indiciis
1525 766 1842 851 cognosci
1870 773 2105 850 potest
2130 767 2312 831 hanc

121 868 427 934 scribendi
465 865 797 932 rationem
842 867 995 930 olim
1037 866 1247 929 multo
1286 862 1498 951 magis
1533 865 1603 928 in
1632 887 1759 928 usu
1786 863 1996 929 fuisse
2026 914 2040 929 .
2085 887 2309 952 neque

122 968 238 1030 eius
266 968 360 1030 rei
388 962 574 1030 nulla
601 973 760 1030 sunt
785 967 856 1030 in
882 966 1138 1029 nostris
1169 965 1449 1028 alioruin
1481 965 1883 1049 scriptorum
1914 965 2310 1049 exemplari-

120 1066 224 1128 bus
261 1065 541 1151 vestigia
565 1112 579 1126 .
624 1064 807 1148 apud
838 1065 1225 1135 Ciceronem
1267 1062 1353 1127 de
1393 1062 1640 1127 finibus
1681 1086 1760 1138 11,
1783 1061 1865 1126 24
1893 1063 2047 1127 libri
2077 1085 2309 1128 omnes

120 1163 456 1227 rectissime
500 1163 572 1226 in
613 1161 850 1225 Lucilii
892 1156 1206 1224 versibus
1255 1158 1311 1225 Ο
1354 1157 1598 1244 lapathe
1615 1208 1634 1239 ,
1679 1171 1747 1223 ut
1786 1162 2016 1224 iactare
2035 1209 2052 1239 ,
2095 1184 2209 1224 nec
2250 1185 2314 1224 es

119 1261 237 1323 satis
276 1263 523 1345 coquitu'
553 1262 660 1346 qui
695 1259 828 1324 sis!
873 1257 1057 1342 apud
1097 1255 1380 1321 eundem
1410 1258 1481 1319 in
1510 1277 1716 1321 versu
1741 1257 1981 1334 Ennii,
2023 1258 2108 1323 de
2140 1259 2309 1329 divi-

120 1359 357 1422 natione
386 1382 408 1420 1
422 1407 438 1432 ‚
456 1359 537 1421 66
557 1406 572 1433 ‚
603 1359 730 1421 Aut
756 1358 860 1420 ubi
886 1358 998 1421 illa
1005 1357 1203 1441 paulo
1226 1366 1363 1418 ante
1380 1357 1625 1440 sapiens
1642 1358 1957 1441 viryinali’
1976 1357 2313 1422 modestia?

123 1456 274 1540 apud
300 1456 569 1520 Festum
599 1477 662 1539 p.
682 1455 836 1528 290,
865 1455 933 1517 11
968 1453 1235 1518 Miilleri
1273 1474 1357 1516 ex
1384 1453 1644 1516 Lucilio
1673 1455 1728 1516 si
1754 1457 2021 1540 suyyeri’
2048 1479 2310 1541 suppus,

125 1563 178 1617 et
200 1577 255 1638 p.
271 1550 412 1629 343,
436 1554 513 1617 21
550 1576 636 1618 ex
661 1553 880 1616 Ennio
907 1553 1169 1616 Pandite
1196 1554 1560 1636 suetiyenias
1574 1600 1591 1631 ‚
1624 1552 1808 1636 apud
1834 1551 2114 1616 Paulum
2145 1576 2208 1638 p.
2227 1554 2311 1618 70

123 1650 453 1737 sulpiyenas,
483 1653 622 1715 hoc
651 1658 756 1714 est
783 1652 949 1714 sulti'
973 1673 1161 1734 yenas
1179 1698 1192 1711 .
1224 1656 1431 1734 atque
1457 1670 1538 1713 eo
1559 1649 1764 1713 modo
1782 1697 1798 1723 ‚
1826 1650 2050 1715 ubine
2072 1673 2312 1716 versus

127 1749 356 1833 quidem
381 1771 759 1814 mensuram
788 1748 988 1812 valde
1020 1747 1299 1811 adiuvat
1316 1795 1332 1822 ‚
1356 1746 1619 1812 Nonius
1643 1769 1709 1831 p.
1727 1748 1980 1824 346,18
2003 1771 2088 1813 ex-
2103 1750 2314 1815 Accio

125 1850 415 1934 Aequisoni
430 1899 446 1928 ,
489 1850 626 1912 hoc
658 1858 761 1912 est
788 1847 1139 1933 Aquiloni'‚·
1168 1847 1394 1910 stridor
1416 1844 1655 1931 yelidas
1680 1848 1928 1911 molitur
1955 1849 2118 1911 nives
2142 1898 2154 1911 .
2188 1866 2310 1913 ne-

129 1966 233 2028 que
265 1946 332 2010 id
367 1948 603 2011 mirum
627 1994 642 2020 ‚
686 1967 834 2010 cum
873 1945 943 2007 in
981 1945 1287 2026 oratione
1317 1965 1528 2028 prosa
1559 1943 2011 2023 Quintilianus
2040 1946 2313 2010 institu-

127 2043 343 2109 tionum
362 2070 432 2109 1x
447 2094 462 2121 ‚
479 2046 519 2109 4
533 2096 549 2121 ‚
571 2045 656 2109 38
677 2042 999 2107 Messalla
1016 2090 1032 2118 ‚
1055 2050 1132 2106 ut
1153 2041 1425 2107 videtur
1439 2088 1454 2115 ,
1477 2048 1655 2105 teste
1678 2041 1930 2107 referat
1951 2042 2129 2106 idem
2154 2045 2310 2109 Ser-

126 2141 276 2203 vium
300 2143 660 2229 Sulpicium
699 2142 1088 2226 asperitatis
1116 2140 1439 2205 vitandae
1471 2161 1676 2205 causa
1695 2141 2148 2218 observasse3
2192 2142 2314 2231 qui

129 2240 391 2324 scripsit,
433 2243 565 2307 nisi
610 2242 841 2316 fallor,
882 2241 1016 2316 sic,
1061 2264 1216 2327 quae
1240 2240 1378 2327 fuit
1413 2263 1604 2312 causa
1643 2237 1986 2318 et‚Servio.‚
2031 2240 2310 2319 utdioeit,
2381 2262 2386 2269 ·

127 2338 517 2406 maberffendae
541 2367 574 2405 s
605 2342 875 2416 litterae:
917 2361 1070 2402 nam
1102 2339 1290 2424 quod
1318 2339 1472 2402 libri
1497 2338 1757 2402 habent
1779 2386 1794 2413 ,
1836 2349 1905 2401 ut
1930 2338 2065 2401 dixi
2083 2386 2100 2416 ,
2145 2336 2310 2402 ferri

127 2455 237 2498 non
261 2460 449 2523 posse
480 2447 754 2504 constat
776 2488 790 2502 .
822 2447 1027 2524 atque
1056 2439 1123 2502 in
1153 2439 1302 2523 ipso
1333 2437 1669 2502 Varronis
1699 2436 1784 2499 de
1813 2435 2038 2523 lingua
2066 2436 2313 2500 Latina

128 2532 402 2601 librorum
433 2540 561 2604 fine
594 2538 1037 2603 Florentinus‘
1057 2538 1277 2601 codex
1303 2561 1427 2601 non
1454 2540 1614 2626 enim
1643 2536 1975 2623 opufuitut
1999 2537 2307 2616 inservis,

131 2640 277 2696 etex
304 2637 595 2702 eiusdem
623 2637 1043 2701 Parmenone
1071 2634 1332 2699 Nonius
1360 2657 1425 2719 p.
1444 2635 1657 2711 86,16
1687 2636 1845 2699 alius
1872 2634 2176 2697 caballum
2203 2657 2311 2699 ar-

131 2729 255 2792 bori'
277 2757 439 2799 ramo
466 2728 531 2800 in
560 2737 780 2800 hvmili
807 2737 1142 2820 adliyatum
1171 2737 1462 2822 relinquit
1494 2785 1508 2798 .
1555 2733 1790 2798 eodem
1820 2733 2163 2818 pertinent
2192 2736 2312 2799 tale
2337 2750 2354 2762 s

131 2831 324 2910 qualest
355 2835 601 2899 similest
635 2835 847 2899 simile’
855 2858 885 2897 s
905 2884 924 2915 ,
968 2856 1097 2919 pro
1133 2835 1272 2898 talis
1293 2883 1310 2913 ,
1354 2835 1555 2919 qualis
1583 2845 1669 2898 est
1685 2881 1700 2908 ,
1740 2834 1956 2896 similis
1986 2844 2072 2896 est
2109 2829 2181 2896 et
2218 2858 2309 2913 es,

134 2943 163 2983 a
194 2924 386 2994 Nonio
433 2955 470 2997 e
514 2933 790 2997 comicis
834 2933 1179 2999 veteribus
1227 2933 1628 3019 consignata
1672 2953 1735 3016 p.
1759 2929 1900 3005 227,
1932 2931 2008 2994 14
2059 2930 2203 3006 198,
2229 2933 2306 2996 31

132 3018 244 3098 224,
256 3024 329 3090 23
346 3077 359 3091 .
390 3031 605 3095 sedin
626 3031 936 3095 versibus
960 3035 1165 3115 saepe
1187 3027 1610 3095 utilissimum
1634 3037 1740 3095 est
1758 3023 1988 3094 veram
2010 3051 2310 3114 pronun-

131 3118 305 3188 tiandi
329 3128 657 3193 rationem
686 3123 1044 3194 scribendo
1077 3131 1452 3214 exprimere
1476 3178 1492 3194 .
1529 3132 1758 3215 itaque
1789 3129 1906 3214 qui
1935 3129 2105 3192 sciet
2135 3127 2309 3192 Var-

131 3236 319 3286 ronem
363 3227 430 3289 in
479 3228 875 3295 choliambis
927 3248 1230 3292 severam
1279 3228 1693 3292 Graecorum
1742 3228 1958 3313 legem
2005 3234 2309 3291 secutum

134 3332 285 3394 esse,
322 3344 462 3387 eum
502 3348 774 3390 versum
820 3321 1018 3410 quem
1045 3325 1307 3389 Nonius
1343 3325 1456 3401 86,
1479 3325 1562 3389 24
1606 3348 1642 3389 6
1673 3324 2071 3411 Sexagessis
2103 3325 2313 3389 satira

132 3418 368 3490 protulit
392 3422 520 3489 hoc
549 3423 756 3488 modo
788 3422 1216 3487 scribendum
1241 3423 1446 3488 ducet
1463 3471 1479 3499 ‚
1512 3423 1797 3489 Sensibus
1819 3423 2007 3508 (libri
2030 3423 2311 3508 Senibus)

134 3516 312 3618 crassis
345 3515 595 3588 homulli
620 3545 742 3586 non
767 3523 1019 3584 videmu’
1048 3524 1203 3609 quid
1208 3524 1368 3611 fiat.
1409 3542 1632 3607 neque
1660 3523 1720 3585 is
1753 3522 1869 3605 qui
1898 3521 1983 3584 de
2016 3520 2312 3604 discipli-

133 3617 216 3669 ms
237 3631 304 3674 ea
323 3621 588 3706 scripsit
611 3641 785 3705 quae
809 3619 1156 3684 Censorini
1176 3620 1403 3685 libello
1429 3620 1806 3685 adhaerent
1832 3640 1897 3702 p.
1916 3618 1997 3682 96
2012 3665 2028 3692 ‚
2055 3621 2079 3680 l
2110 3617 2310 3682 Sota-

136 3699 295 3811 deum
315 3761 328 3786 ‚
356 3718 463 3800 qui
491 3713 727 3804 potest
746 3717 947 3782 Ennii
978 3740 1127 3783 esse
1144 3767 1160 3794 ‚
1188 3718 1423 3784 vitium
1450 3719 1521 3781 in
1542 3717 1748 3781 tertia
1772 3714 2037 3801 syllaba
2056 3716 2311 3780 habere

135 3795 374 3874 dixisset
394 3861 408 3887 ,
439 3817 495 3879 si
519 3811 948 3881 s'tollendum
978 3816 1265 3880 vidisset
1285 3863 1301 3891 ‚
1333 3817 1451 3880 Ille
1475 3817 1614 3879 ictu'
1640 3825 1801 3879 retro
1828 3814 2080 3877 reccidit
2104 3815 2172 3876 in
2198 3837 2311 3879 na-

136 3904 224 3959 tem
246 3911 477 3991 supinus
501 3962 513 3975 .
541 3909 839 3980 Lucilius
862 3914 1155 3979 fortasse
1179 3916 1364 3980 solus
1390 3912 1654 3979 Graeca
1673 3911 2008 3978 vocabula
2033 3936 2064 3976 s
2084 3912 2314 3978 littera

135 3996 407 4088 flfuncare
448 4032 650 4077 ausus
683 4009 822 4077 est.
872 4014 1158 4078 Crassum
1186 4013 1374 4079 habeo
1398 4009 1692 4099 yeuer'wm
1711 4061 1729 4092 ,
1769 4035 1845 4075 ne
1872 4011 2312 4076 rhetoricotero’

135 4097 185 4148 Μ
206 4098 304 4175 ⁸²38,
329 4103 393 4167 in
424 4105 763 4174 Ciceronis
795 4109 881 4175 de
912 4119 1184 4176 oratore
1215 4136 1325 4185 111,
1351 4112 1463 4176 171
1491 4161 1506 4175 .
1543 4111 1668 4175 Hic
1694 4121 1762 4174 ut
1785 4111 2161 4194 muscipulae
2187 4121 2312 4172 ten-

135 4190 212 4247 tae
229 4206 387 4281 atque
406 4217 472 4268 ut
487 4211 740 4294 scorpio’
758 4211 959 4274 cauda
977 4209 1261 4288 Sublata,
1288 4208 1473 4293 apud
1486 4208 1777 4272 Nonium
1799 4230 1863 4292 p.
1885 4207 1993 4271 181
2024 4205 2147 4268 266
2169 4205 2309 4267 385.

273 4293 398 4361 188.
429 4325 675 4369 omum
714 4304 1040 4382 QUA'Nno
1070 4307 1494 4372 Pilum-sm
1526 4328 1967 4379 emmenum,
1991 4325 2108 4365 ur
2149 4323 2304 4365 PAR

134 4395 265 4459 EST,
292 4412 564 4494 Summi:
599 4428 880 4480 CERTO,
906 4404 1602 4481 Cnnscmsrrzsomz
1636 4424 1890 4469 onnus
1923 4418 2307 4463 SERVANT.
