2840 5008
539 402 678 474 380
1590 402 1689 469 VI

534 577 721 642 cuius
740 575 1116 640 Probianae
1133 576 1489 662 vestigium
1513 578 1916 642 remansisse
1936 578 2322 663 suspicetur
2338 628 2353 655 ‚
2374 580 2464 643 ad
2480 601 2736 645 versum

533 675 749 761 ipsum
780 674 1269 740 emendandum
1313 675 1475 739 mihi
1505 676 1864 760 quicquam
1907 676 2236 761 proficere
2264 677 2639 743 videbitur.
2680 680 2743 741 in

534 795 668 859 quo
691 774 974 858 primum
998 772 1148 836 Itali
1170 780 1358 837 reete
1386 772 1810 856 scripserunt
1828 776 1895 836 in
1924 794 2021 836 EA
2036 798 2079 837 Ν
2095 798 2138 837 n
2153 797 2254 837 EM
2275 824 2290 839 .
2320 782 2467 838 tum
2489 796 2742 840 eorrec-

533 881 644 937 tor
692 872 1004 958 quadrati
1045 883 1290 936 ”uiuent
1309 919 1324 946 ‚
1367 872 1704 935 Antonius
1750 872 1948 935 Marii
1991 881 2062 937 et
2104 871 2438 937 Marullus
2479 876 2709 937 minant
2724 901 2746 956 ‚-

534 993 820 1057 quorum
841 969 1009 1036 illud
1031 971 1432 1034 sententiam
1455 970 1787 1053 pervertit
1804 1018 1820 1045 ‚
1850 970 1987 1035 hoc
2011 978 2129 1034 aut
2149 970 2468 1034 Latinum
2490 992 2632 1034 non
2653 980 2747 1035 est

533 1073 722 1156 (nam
750 1072 915 1133 mino
959 1075 1029 1131 et
1055 1070 1255 1132 minor
1281 1073 1551 1132 veteres
1579 1068 1649 1131 in
1692 1089 1828 1131 una
1861 1067 2234 1153 eademque
2264 1068 2744 1154 significatione

530 1170 896 1255 protulisse
925 1167 1275 1231 Prisciano
1307 1166 1720 1231 eredendum
1750 1187 1888 1230 non
1920 1173 2058 1242 est,
2101 1188 2302 1251 quem
2330 1169 2745 1231 interminatus

532 1267 958 1353 participium
987 1265 1293 1350 fefellit),
1325 1273 1443 1329 aut
1471 1266 1541 1329 in
1575 1265 1874 1349 pellendi
1903 1265 2394 1351 significatione
2423 1267 2609 1329 ruris
2638 1287 2744 1350 po-

531 1368 665 1430 tius
711 1387 910 1452 quam
954 1365 1178 1429 urbis.
1224 1365 1309 1428 ab
1353 1364 1489 1429 hoe
1529 1364 1783 1428 factum
1826 1366 2097 1428 eminare
2139 1363 2362 1428 lexiea
2402 1364 2746 1449 ignorant,

530 1473 908 1551 agnoscunt
934 1464 1223 1527 Aetuum
1265 1462 1729 1548 apostolorum
1778 1463 2187 1547 exemplaria
2215 1462 2466 1526 Latina
2512 1483 2741 1548 peran-

530 1566 718 1648 tiqua
746 1540 1091 1643 xvuanl’
1122 1550 1388 1625 ridiculi
1430 1568 1589 1625 sunt
1618 1561 1734 1645 qui
1778 1568 1897 1624 aut
1935 1561 2335 1647 per-tmesin
2376 1560 2740 1644 accipiunt.

528 1663 833 1727 Inminent
859 1662 1085 1723 clinata
1110 1708 1128 1738 ,
1170 1669 1287 1722 aut
1330 1662 1561 1724 minere
1590 1681 1631 1722 a
1662 1681 1735 1723 se
1773 1659 1884 1722 hic
1915 1666 1986 1722 et
2012 1659 2082 1722 in
2116 1680 2324 1722 versu
2357 1658 2524 1722 1195
2562 1659 2739 1721 resti-

529 1766 744 1843 tutum
767 1757 1141 1842 gloriantur
1157 1803 1173 1831 ,
1192 1750 1491 1822 ‘verbum
1514 1757 1812 1842 simplex’
1836 1777 2000 1821 sane
2017 1805 2032 1831 ‚
2063 1757 2190 1821 sed
2214 1778 2422 1820 sensu
2449 1778 2736 1829 cassum,

528 1854 713 1941 quod
742 1855 1047 1919 homines
1071 1854 1258 1919 docti
1284 1856 1354 1918 in
1378 1854 1679 1919 Sallustii
1707 1854 1934 1918 verbis
1966 1874 2007 1916 a
2029 1854 2253 1918 Nonio
2285 1876 2350 1939 p.
2371 1854 2572 1929 555‚2
2598 1876 2738 1917 eon-

406 2024 422 2042 „
527 1955 808 2041 signatis
839 1953 1191 2019 serendum
1220 1976 1356 2018 non
1389 1954 1888 2018 existimarunt.
1920 1953 2131 2015 multo
2159 1952 2397 2016 melius
2431 1961 2541 2016 est
2571 1953 2736 2038 quod

524 2054 687 2118 Pius
719 2053 910 2118 dedit
939 2101 954 2128 ‚
999 2054 1305 2118 Ine-binata
1320 2054 1562 2115 ‘micant
1585 2100 1602 2130 ,
1646 2051 1719 2114 id
1760 2058 1863 2114 est
1906 2050 2155 2114 saliunt
2200 2059 2269 2114 et
2299 2058 2734 2123 tremescunt3

526 2153 652 2218 nisi
684 2152 868 2239 quod
896 2153 1126 2216 micare
1152 2153 1223 2215 in
1249 2151 1460 2237 igneis
1483 2157 1745 2213 tantum
1767 2149 1875 2212 vel
1906 2149 2211 2212 animatis
2240 2148 2468 2213 locum
2497 2150 2732 2214 habere

529 2253 835 2318 existimo
861 2301 873 2315 .
922 2272 1131 2336 quare
1155 2299 1169 2326 ‚
1225 2271 1374 2313 eum
1417 2249 1528 2312 hie
1574 2248 1761 2332 quod
1805 2255 2062 2310 eertum
2107 2247 2197 2309 sit
2238 2245 2406 2310 nihil
2450 2248 2731 2321 videam,

528 2351 701 2416 malo
734 2349 1011 2414 credere
1034 2348 1417 2413 Lucretium
1448 2368 1570 2410 suo
1605 2354 1668 2409 et
1702 2351 1865 2429 apto
1892 2344 2227 2409 vocabulo
2260 2344 2624 2427 scripsisse
2644 2347 2729 2410 Iu-

529 2453 753 2516 clinata
783 2473 831 2513 Μ
845 2473 883 2513 Ε
898 2471 939 2512 A
953 2472 996 2513 Ν
1010 2473 1049 2512 Τ
1079 2451 1146 2512 in
1172 2448 1425 2513 ‘ean-dem
1443 2446 1696 2531 prodita
1713 2455 1960 2529 partem
1985 2493 1997 2506 .

694 2551 830 2615 565.
862 2548 919 2612 E
938 2573 977 2611 Τ
1022 2572 1069 2611 Μ
1084 2571 1121 2611 n
1138 2570 1178 2610 Τ
1191 2569 1233 2610 u
1247 2569 1290 2609 u
1309 2568 1351 2609 Ν
1369 2569 1408 2608 Τ
1430 2592 1445 2608 .
1491 2541 1841 2627 Oblongus
1882 2544 1963 2606 Te
1991 2553 2293 2624 metuunt,
2325 2544 2730 2609 Veronensis

528 2651 733 2714 editio
774 2651 855 2713 Te
882 2650 1161 2712 metium.

423 2728 432 2740 ’
693 2747 1293 2827 568.Qnonr11sl
1326 2764 1782 2808 anemium-r
1812 2762 2108 2805 νΕΝΤιε
2139 2761 2399 2804 NULLA
2446 2765 2730 2805 aaran·

526 2869 682 2909 ΜΕΤ
726 2846 889 2907 Rns
948 2867 1214 2920 NEQUE
1260 2866 1358 2906 AB
1406 2863 1695 2905 ΕΧιΤιο
1742 2860 2028 2902 Possm·
2082 2860 2460 2901 REPREHE
2481 2855 2728 2903 NDE'RE

524 2967 561 3007 E
577 2967 614 3008 u
631 2967 675 3006 Ν
693 2966 732 3005 Τ
750 2966 770 3005 1
792 2965 856 3005 s.
902 2941 1292 3021 Quadratus
1322 2942 1512 3029 refert
1536 2951 1657 3004 met
1682 2940 1808 3004 Res
1835 2962 1945 3002 nec
1974 2960 2090 3023 que
2120 2938 2196 3000 ab
2216 2986 2234 3016 ,
2280 2936 2620 3023 oblongus
2647 2963 2728 3001 re-

514 3042 1052 3129 prehendereuncis
1070 3089 1082 3103 .
1113 3064 1157 3104 v
1173 3063 1210 3102 E
1222 3064 1266 3103 Ν
1284 3064 1324 3103 Τ
1340 3064 1363 3103 1
1413 3047 1481 3103 et
1517 3063 1558 3102 R
1570 3061 1607 3100 E
1626 3061 1661 3100 F
1677 3061 1720 3100 R
1734 3060 1772 3100 E
1788 3060 1833 3099 Ν
1848 3060 1886 3099 Ε
1903 3060 1942 3099 Τ
1986 3035 2139 3099 Itali
2158 3085 2170 3098 .
2202 3045 2342 3104 tum
2371 3036 2729 3100 Brixiensis

526 3141 734 3206 editio
765 3142 819 3203 si
847 3141 1019 3203 nulla
1037 3187 1052 3213 ‚
1083 3159 1208 3202 nee
1236 3137 1448 3201 multo
1479 3135 1715 3199 melius
1740 3134 1830 3197 ad
1861 3133 2236 3197 orationem
2257 3134 2728 3199 absolvendam

523 3239 673 3303 Itali
701 3261 823 3301 non
849 3239 979 3306 ulca
995 3287 1012 3317 ,
1056 3237 1307 3300 facturn
1341 3235 1431 3299 ad
1463 3232 1839 3318 exemplum
1868 3253 2107 3296 versus
2137 3232 2208 3294 in
2237 3254 2260 3294 1
2291 3231 2448 3306 850,
2496 3234 2613 3297 ubi
2641 3241 2728 3296 est

521 3359 712 3422 neque
742 3337 818 3397 ab
848 3337 1029 3397 exitio
1073 3358 1171 3398 res
1198 3335 1330 3398 ulla
1371 3333 1647 3417 refrenat
1675 3381 1688 3394 .
1738 3330 1849 3394 hic
1879 3328 2343 3393 Wakefieldus
2372 3331 2578 3395 valde
2606 3332 2728 3394 lau-

526 3434 791 3500 dandus
816 3441 921 3496 est
937 3480 952 3507 ‚
984 3433 1099 3516 qui
1120 3432 1467 3496 verissime
1491 3431 1789 3494 correxit
1813 3427 2173 3494 scribendo
2198 3451 2242 3490 v
2258 3451 2281 3490 1
2298 3429 2534 3492 snalla
2554 3429 2726 3516 refre-

522 3547 621 3601 net
651 3537 806 3599 Res,

689 3632 828 3696 574.
858 3630 970 3694 ΕΤ
1015 3629 1350 3694 ΝΕΟΙΡῙΤ
1381 3649 1809 3693 PROLAPSA
1841 3649 2028 3690 SUAs
2075 3650 2157 3690 ιΝ
2189 3647 2579 3689 PONDERA
2610 3648 2727 3689 si:-

415 3791 426 3801 .
524 3760 565 3797 D
582 3757 619 3797 n
638 3756 671 3796 s
688 3783 702 3819 p.
748 3732 824 3795 In
840 3731 1122 3816 pondera
1154 3727 1530 3813 quadratus
1550 3775 1565 3801 ,
1594 3727 1950 3810 inpendere
1980 3724 2315 3809 oblongus
2348 3731 2417 3787 et
2445 3724 2589 3787 Itali
2618 3725 2729 3786 im-

522 3831 873 3916 pressique
917 3828 1106 3892 libri.
1153 3828 1456 3912 prolapsa
1499 3826 1565 3888 in
1596 3825 1879 3909 pondera
1924 3830 2028 3886 est
2070 3824 2155 3887 ab
2203 3822 2385 3884 omni
2441 3827 2625 3905 parte
2668 3823 2731 3884 in

524 3927 831 4012 aequalia
858 3925 1165 4009 pondera
1194 3925 1518 4011 prolapsa
1546 3971 1561 3998 ‚
1609 3923 1694 3985 ele
1729 3922 2072 4006 icopponlan
2099 3970 2111 3983 .
2155 3921 2253 3983 ita
2282 3921 2643 3984 Turnebus
2670 3922 2731 3983 in

426 4051 436 4056 ·
524 4024 932 4092 adversariis
963 4047 1050 4099 1v‚
1075 4025 1146 4087 17
1173 4023 1579 4088 Ovidianum
1608 4021 1776 4085 illud
1796 4020 2287 4102 interpretatur
2311 4020 2380 4081 in
2412 4029 2671 4082 metam.
2696 4042 2730 4090 1,

534 4128 602 4192 13
621 4176 636 4201 ‚
671 4126 806 4191 Nec
837 4125 1068 4186 circum
1092 4122 1244 4208 fuso
1274 4121 1581 4207 pendebat
1616 4122 1681 4182 in
1721 4129 1862 4182 ae're
1904 4119 2074 4181 tellus
2105 4117 2483 4180 Ponderibus
2523 4117 2730 4180 librata

520 4227 680 4288 suis.
724 4224 821 4286 ita
852 4220 1208 4284 Lucretius
1236 4221 1308 4282 in
1339 4218 1549 4294 11,218
1585 4218 1859 4301 Corpora
1888 4238 2024 4278 eum
2056 4215 2339 4277 deorsum
2367 4224 2597 4275 rectum
2623 4236 2729 4297 per

519 4326 700 4386 inane
714 4322 1010 4408 feruntur
1028 4365 1043 4396 ,
1075 4317 1452 4380 Ponderibus
1473 4316 1746 4402 propriis
1772 4315 1997 4377 incerto
2028 4324 2289 4396 tempore
2301 4311 2511 4397 ferme
2533 4312 2725 4376 Incer-

521 4422 708 4504 risque
732 4419 848 4481 loci
866 4416 1079 4500 spatiis
1100 4415 1387 4479 decellere
1400 4414 1695 4498 paulum.
1720 4411 2033 4475 Lucanus
2062 4410 2132 4473 in
2161 4433 2204 4483 1,
2223 4408 2302 4471 57
2328 4409 2603 4474 Aetheris
2624 4410 2723 4469 im-
