2840 5008
1279 412 1310 478 I

37 612 96 655 115
132 599 205 655 an‘
225 591 580 654 tenebras
614 587 773 651 Orci
803 586 977 650 visat
1006 592 1366 670 vastasque
1397 580 1701 658 lacunam,

130 727 202 768 an
228 702 562 790 pecudes
597 702 758 765 alias
790 700 1101 764 divinitus
1130 696 1420 791 insinuet
1452 718 1556 773 se,

124 820 378 883 Ennius
409 825 498 882 ut
529 824 770 880 noster
801 815 1069 889 cecinit,
1102 815 1214 898 qui
1243 815 1495 899 primus
1528 835 1805 878 amoeno

129 933 361 997 detulit
394 955 489 996 ex
522 931 856 994 Helicone
886 930 1160 1016 perenni
1188 927 1432 991 fronde
1466 949 1816 1001 coronam,

129 1070 242 1133 per
271 1049 512 1133 gentis
547 1047 756 1110 Italas
785 1042 1122 1108 hominum
1154 1063 1325 1126 quae
1357 1043 1541 1106 clara
1572 1043 1857 1115 clueret3

38 1182 93 1226 20
132 1163 245 1227 etsi
273 1170 656 1249 praeterea
684 1138 906 1223 tamen
933 1180 1086 1228 ¹esse
1115 1157 1487 1221 Acherusia
1514 1158 1766 1241 templa

127 1276 391 1339 Ennius
424 1275 731 1338 aeternis
763 1273 1043 1356 exponit
1069 1273 1377 1336 versibus
1411 1271 1619 1335 eidem
1642 1320 1657 1345 ‚

130 1412 266 1476 quo
296 1411 531 1474 neque
562 1394 1003 1474 permaneant
1031 1388 1284 1450 animae
1314 1382 1532 1471 ne'que
1563 1408 1853 1472 corpora
1883 1378 2145 1455 nostra,

130 1504 249 1568 sed
280 1503 635 1590 quaedam
665 1502 1015 1564 simulacra
1042 1501 1259 1564 modis
1289 1501 1609 1585 pallentia
1631 1502 1854 1577 miris3

134 1619 302 1682 unde
335 1620 471 1684 sibi
508 1625 816 1681 exortam
845 1612 1107 1702 semper
1134 1615 1436 1679 florentis
1466 1615 1740 1679 Homeri

37 1750 101 1795 ,25
137 1738 621 1798 commemorat
650 1727 937 1815 speciem
965 1731 1270 1795 lacrimas
1304 1729 1643 1794 effundere
1675 1732 1887 1795 salsas

138 1849 438 1932 coepisse
471 1857 546 1910 et
573 1867 798 1908 rerum
827 1853 1134 1909 naturam
1165 1845 1546 1930 expandere
1578 1846 1802 1910 dietis.

142 1968 264 2047 qua
291 1970 593 2048 propter
622 1963 794 2024 bene
825 1983 972 2024 cum
1002 1962 1264 2045 superis
1297 1960 1382 2023 de
1412 1961 1616 2025 rebus
1646 1961 1959 2025 habenda

142 2079 331 2140 nobis
365 2084 479 2140 est
509 2076 687 2140 ratio
709 2124 724 2151 ‚
747 2076 906 2139 solis
937 2076 1267 2160 lunaeque
1296 2082 1553 2138 meatus

142 2212 269 2286 qua
294 2192 470 2254 fiant
503 2190 795 2266 ratione,
825 2198 893 2254 et
925 2211 1058 2274 qua
1087 2190 1154 2254 vi
1186 2211 1492 2274 quaeque
1523 2197 1839 2274 gerantur

37 2318 106 2365 130
142 2305 204 2367 in
230 2298 473 2378 terris,
501 2313 641 2366 tum
671 2326 818 2367 cum
848 2304 1077 2391 primis
1106 2305 1363 2368 ratione
1393 2304 1618 2390 sagaci
1865 2283 1870 2287 .

145 2417 322 2480 unde
351 2418 578 2481 anima
608 2426 812 2503 atque
842 2420 1036 2482 animi
1066 2426 1334 2483 constet
1360 2426 1602 2483 natura
1628 2414 2017 2484 videndum,

150 2540 210 2596 et
236 2555 409 2618 quae
437 2556 556 2597 res
589 2535 784 2599 nobis
813 2534 1239 2619 vigilantibus
1271 2491 1754 2643 manentes

154 2648 460 2712 terrificet
490 2649 731 2712 morbo
764 2647 1044 2711 adfectis
1076 2664 1447 2729 somnoque
1479 2631 1785 2726 sepulti&

156 2782 412 2826 cernere
443 2763 549 2825 uti
580 2761 922 2825 videamur
954 2783 1033 2823 eo

1339 2778 1469 2841 que
1500 2776 1751 2829 coram,

41 2887 117 2932 135
153 2884 347 2939 morte
377 2878 594 2990 obita³⁸
607 2895 887 2959 quorum
919 2873 1010 2937 tel
1300 2870 1568 2934 lectitur
1600 2893 1784 2934 ossa.

229 2989 364 3060 Nec
390 3012 505 3052 me
536 2989 733 3051 animi
760 2987 931 3051 fallit
961 2987 1314 3051 Graiorum
1344 2987 1632 3051 obscura
1660 2994 1929 3070 reperta

159 3098 408 3166 difficile
433 3104 802 3166 inlustrare
829 3102 1085 3165 Latinis
1114 3101 1418 3164 versibus
1453 3121 1628 3175 esse,

156 3216 342 3279 multa
369 3217 573 3281 novis
604 3217 827 3279 verbis
857 3215 1249 3301 praesertim
1280 3236 1428 3278 cum
1458 3215 1547 3279 sit
1576 3214 1906 3300 agendum

151 3339 418 3417 propter
453 3339 826 3416 egestatem
853 3331 1116 3415 linguae
1147 3337 1215 3393 et
1242 3350 1462 3393 rerum
1495 3330 1885 3393 novitatem:

46 3453 119 3499 140
154 3442 265 3505 sed
292 3452 411 3509 tua
439 3419 793 3576 ’irtus
823 3451 1045 3507 tamen
1076 3451 1144 3507 et
1173 3451 1444 3529 sperata
1472 3445 1785 3529 voluptas

155 3560 363 3624 suavis
395 3560 729 3623 am1c1tiae
761 3560 1060 3644 quemvis
1092 3558 1366 3622 sufferre
1396 3559 1693 3622 laborem

154 3672 384 3737 suadet
415 3674 775 3779 et‘uducit
802 3667 1036 3753 noctes
1066 3673 1340 3758 vigilare
1373 3693 1677 3745 serenas,

155 3796 582 3867 quaerentem
615 3787 810 3852 dictis
841 3789 1081 3873 quibus
1113 3795 1181 3850 et
1211 3810 1343 3872 quo
1376 3786 1666 3850 carmine
1698 3784 1961 3846 demum

156 3901 323 3967 clara
349 3912 512 3967 tuae
546 3902 799 3986 possim
827 3902 1289 3989 praepandere
1317 3901 1565 3964 lumina
1592 3900 1823 3972 menti,

53 4022 118 4068 145
152 4035 250 4079 res
280 4019 531 4102 quibus
564 4016 862 4079 occultas
889 4018 1154 4101 penitus
1186 4016 1533 4080 convisere
1564 4014 1813 4100 possis,

228 4130 428 4196 Hunc
459 4131 668 4216 igitur
701 4137 1019 4194 terrorem
1050 4131 1247 4194 animi
1274 4126 1725 4213 tenebrasque
1755 4133 2101 4190 necessest

170 4380 250 4424 121
293 4375 483 4429 edens.
528 4375 548 4442 ΙΙ
595 4382 692 4426 126
732 4373 1009 4445 Coepissct
1046 4394 1221 4429 rerum
1259 4377 1278 4445 Η
1322 4382 1414 4427 130
1454 4384 1576 4429 tunc
1615 4377 1634 4443 Η
1678 4382 1767 4425 141
1812 4373 1999 4424 essem-c
