2840 5008
435 386 570 452 174
1489 384 1590 448 -V

285 577 378 622 517
428 567 532 622 est
562 557 755 621 etiam
787 578 1057 641 quoque
1085 557 1183 620 uti
1211 557 1431 642 possit
1460 557 1713 619 caelum
1742 578 1934 621 omne
1964 580 2233 623 manere

426 674 495 736 in
523 672 809 736 statione
828 720 842 746 ‚
866 681 1088 735 tamen
1117 692 1268 735 cum
1296 669 1521 733 lucida
1549 671 1741 756 signa
1766 663 2100 749 ferantur-3

427 788 567 851 sive
598 784 781 870 quod
809 785 1043 848 inclusi
1071 783 1289 871 rapidi
1318 794 1479 848 sunt
1507 784 1798 849 aetheris
1830 796 2057 850 aestus
2074 837 2089 862 ‚

285 920 382 964 520
431 908 961 986 quaerentesque
993 900 1165 964 viam
1197 900 1446 963 circum
1473 907 1828 964 versantur
1860 910 1929 965 et
1955 902 2142 986 ignes

426 1015 672 1100 passim
703 1034 822 1100 per
854 1014 1017 1077 caeli
1045 1015 1326 1078 volvunt
1352 1015 1660 1077 immania
1687 1015 1950 1099 templa;

425 1131 565 1193 sive
596 1128 859 1197 aliunde
887 1129 1099 1192 fluens
1129 1128 1436 1192 alicunde
1467 1131 1881 1193 extrinsecus
1913 1135 2026 1192 aer

426 1252 656 1310 versat
684 1264 890 1328 agens
917 1243 1125 1327 ignis3
1149 1243 1290 1306 sive
1318 1244 1448 1330 ipsi
1477 1264 1747 1328 serpere
1779 1253 2064 1328 possunt

427 1380 560 1443 quo
594 1359 912 1443 cuiusque
943 1358 1132 1421 cibus
1163 1369 1363 1421 vocat
1391 1366 1596 1442 atque
1624 1359 1863 1421 invitat
1891 1360 2149 1422 aventis
2169 1409 2183 1434 ,

283 1492 378 1536 525
423 1473 723 1536 flammea
753 1494 874 1558 per
905 1471 1158 1535 caelum
1188 1473 1528 1556 pascentis
1560 1493 1846 1556 corpora
1874 1473 2149 1556 passim.

423 1609 575 1650 nam
607 1585 769 1671 quid
795 1586 865 1648 in
893 1585 1026 1649 hoc
1055 1585 1304 1649 mundo
1339 1587 1427 1649 sit
1456 1608 1684 1650 eorum
1712 1608 1963 1671 ponere
1993 1595 2242 1651 certum

427 1700 692 1764 difficile
724 1709 858 1764 estt
884 1700 1008 1764 sed
1032 1700 1201 1785 quid
1229 1701 1448 1786 possit
1476 1701 1723 1784 fiatque
1753 1722 1875 1786 per
1908 1723 2099 1765 omne

423 1817 490 1878 in
522 1815 720 1880 variis
751 1814 1012 1878 mundis
1041 1815 1226 1878 varia
1254 1815 1515 1878 ratione
1547 1816 1816 1889 creatiS‚

427 1930 499 1994 id
531 1929 745 1993 doceo
767 1979 781 2004 ‚
804 1929 1148 2014 plurisque
1180 1950 1431 2013 sequor
1462 1928 1822 2014 disponere
1853 1950 2116 2004 causae,

284 2061 379 2107 530
422 2045 714 2108 motibus
745 2052 1076 2107 astrorum
1108 2065 1279 2128 quae
1311 2045 1574 2128 possint
1605 2066 1750 2107 esse
1780 2065 1902 2128 per
1933 2065 2155 2121 omne3

427 2181 463 2222 e
495 2160 734 2244 quibus
763 2180 895 2221 una
925 2167 1149 2221 tamen
1178 2159 1304 2222 siet
1330 2159 1501 2221 haec
1532 2179 1801 2242 quoque
1833 2179 2036 2222 causa
2063 2169 2436 2235 necessest,

425 2295 597 2359 quae
626 2281 871 2357 vegeat
896 2281 1146 2337 motum
1179 2274 1417 2357 signis:
1443 2271 1566 2336 sed
1597 2294 1769 2356 quae
1799 2275 1886 2337 sit
1915 2295 2141 2336 earum

424 2389 810 2474 praecipere
839 2387 1005 2450 haut
1035 2394 1436 2471 quaquamst
1463 2386 1888 2472 pedetemtim
1917 2386 2479 2474 progredientis.]

506 2485 855 2588 Terraque
884 2510 960 2566 ut
986 2502 1055 2564 in
1085 2499 1302 2564 media
1329 2501 1560 2565 mundi
1586 2502 1859 2586 regione
1891 2502 2220 2587 quiescat,

281 2635 375 2681 535
421 2639 822 2682 evanescere
852 2617 1169 2703 paulatim
1199 2625 1268 2679 et
1299 2616 1689 2680 decrescere
1721 2616 1989 2702 pondus

423 2732 767 2806 convenit,
791 2739 995 2816 atque
1026 2730 1218 2794 aliam
1246 2740 1552 2795 naturam
1584 2741 1815 2818 supter
1846 2731 2122 2806 habere,

423 2868 508 2910 ex
535 2847 802 2909 ineunte
833 2867 1002 2909 aevo
1036 2847 1457 2910 coniunctam
1489 2853 1693 2930 atque
1721 2847 1940 2910 uniter
1971 2853 2195 2933 aptam

419 2960 724 3046 partibus
756 2961 949 3023 aeriis
978 2959 1208 3023 mundi
1227 3010 1241 3036 ,
1265 2961 1507 3045 quibus
1536 2961 1738 3023 insita
1768 2962 2001 3025 crevit.

418 3081 780 3161 propterea
806 3097 942 3139 non
974 3083 1080 3138 est
1110 3075 1293 3137 oneri
1323 3096 1543 3158 neque
1575 3074 1884 3158 deprimit
1913 3097 2140 3151 auras3

277 3207 372 3252 540
414 3198 493 3253 ut
520 3210 641 3252 sua
672 3190 910 3272 cuique
939 3189 1189 3252 homini
1215 3188 1397 3251 nullo
1430 3196 1587 3252 sunt
1617 3188 1915 3275 pondere
1944 3191 2266 3261 membra,

417 3325 542 3367 nec
573 3313 774 3390 caput
805 3313 908 3368 est
938 3305 1125 3367 oneri
1157 3304 1328 3366 collo
1349 3351 1364 3378 ,
1387 3324 1513 3365 nec
1544 3303 1830 3387 denique
1862 3312 2078 3368 totum

420 3419 723 3503 corporis
751 3420 816 3481 in
848 3416 1133 3502 pedibus
1165 3416 1434 3501 pondus
1464 3419 1783 3482 sentimus
1810 3419 2059 3482 inesse:

418 3544 487 3598 at
517 3555 688 3619 quae
720 3554 1003 3618 cumque
1030 3531 1197 3594 foris
1228 3531 1508 3595 veniunt
1533 3533 1934 3617 inpostaque
1964 3532 2157 3595 nobis

414 3649 719 3734 pondera
749 3656 907 3711 sunt
936 3645 1211 3709 laedunt
1230 3695 1244 3721 ‚
1271 3646 1600 3730 permulto
1631 3668 1834 3732 saepe
1861 3648 2146 3710 minora.

273 3781 370 3825 545
414 3784 627 3847 usque
659 3762 829 3826 adeo
860 3763 1079 3845 magni
1107 3762 1314 3826 refert
1344 3759 1508 3845 quid
1540 3782 1847 3846 quaeque
1878 3769 2084 3855 aveat·
2105 3782 2242 3824 res,

417 3878 513 3940 sic
541 3878 739 3961 igitur
768 3877 965 3940 tellus
995 3898 1133 3939 non
1165 3886 1269 3940 est
1297 3876 1510 3939 aliena
1539 3882 1816 3960 repente

2397 3862 2421 3877 Q

416 4197 516 4243 518
553 4191 690 4243 lucia
726 4192 745 4258 Η
784 4197 876 4241 521
919 4190 1210 4242 summania
1246 4190 1265 4260 ΙΙ
1314 4196 1410 4240 524
1452 4191 1651 4242 euntiS.
1710 4189 1728 4258 Η
1783 4197 1880 4242 528
1919 4191 2107 4241 creati.
2165 4189 2184 4255 ΙΙ
2245 4193 2342 4237 530
2383 4206 2617 4240 omnem.
2657 4182 2674 4251 ΙΙ

418 4280 512 4326 531
555 4276 624 4326 sit
663 4281 714 4325 et
768 4273 787 4343 ΙΙ
847 4279 941 4324 532
982 4275 1158 4341 vigeat
1212 4273 1232 4345 ΙΙ
1289 4279 1384 4324 533
1424 4273 1712 4342 pedetemti
1749 4272 2158 4342 progredientes
2232 4270 2250 4339 Η
2326 4276 2425 4321 5236
2464 4289 2624 4340 super
2659 4268 2677 4333 ΙΙ

417 4364 511 4409 537
551 4359 733 4409 ineunt
787 4358 806 4424 Η
863 4362 961 4406 538
1001 4357 1158 4407 vivit.
1197 4358 1216 4424 ΙΙ
1257 4364 1350 4407 545
1392 4357 1531 4425 magi
1572 4358 1590 4425 ΙΙ
1630 4370 1816 4424 quaeat
