2840 5008
1251 306 1351 372 VI
2249 304 2403 370 >407

184 482 485 566 denique
515 482 792 567 gentilia
815 529 828 553 ‚
858 489 935 543 ut
967 481 1130 567 Syra
1154 528 1167 554 ‚
1213 481 1281 542 in
1311 478 1696 542 Mercatore
1730 499 1816 550 ιν,
1838 477 1894 551 5,
1915 477 1953 539 6
1983 478 2246 541 Adstare
2276 491 2410 542 ante

178 582 387 644 aedis.
424 579 625 667 Syra.
657 582 791 666 quis
819 590 904 642 est
930 581 1036 663 qui
1063 580 1160 641 me'
1185 576 1408 641 vocat?
1442 583 1508 639 et
1536 575 1814 659 propria
1847 576 2152 668 quasitex
2186 576 2408 640 adiec-

174 679 341 741 tivis
387 676 749 761 gentilibus
773 725 788 752 ‚
830 685 908 740 ut
952 677 1077 741 Ilia
1106 676 1342 749 Ennii,
1391 675 1611 762 Pythia
1640 675 1976 748 Lucretii,
2023 674 2246 739 Lesbia
2282 674 2403 738 Ca-

171 774 363 837 tulli.
396 775 740 859 regionum
772 796 1042 859 quoque
1072 775 1342 837 nomina
1373 775 1457 837 ab
1489 792 1615 836 usu
1648 771 1909 836 Graeco
1943 771 2371 837 desciverant
2391 822 2404 847 ‚

172 880 257 935 ut
289 872 593 957 Bithynia
620 873 907 953 Achaia5
936 873 1093 935 item
1124 871 1459 936 adiectiva
1491 871 1743 944 omnia,
1774 878 1849 933 ut
1880 871 2297 948 Rhamnusia,
2328 880 2405 934 ut

173 971 516 1047 Lernaea,
558 977 637 1032 ut
661 971 823 1058 fides
862 971 1131 1056 Cyllenia
1154 1019 1167 1033 .
1212 977 1561 1054 postremo
1595 968 1929 1031 Philomela
1954 1015 1968 1041 ‚
2016 969 2200 1052 quod
2229 969 2401 1032 Ver-

169 1067 381 1151 gilius
406 1074 472 1129 et
495 1065 780 1149 Ovidius
805 1068 1177 1152 corripiunt
1196 1116 1210 1142 ‚
1238 1067 1638 1151 antiquioris
1661 1071 1904 1149 poetae
1924 1113 1937 1139 ‚
1961 1065 2256 1131 fortasse
2273 1069 2401 1131 Ac-

173 1166 307 1239 cii,
340 1186 572 1229 errore
602 1167 937 1232 invectum
964 1158 1275 1253 suspicor
1303 1217 1314 1229 .
1360 1166 1631 1230 Ionicae
1664 1172 1887 1229 autem
1919 1164 2171 1240 vocali,
2204 1186 2401 1249 quam

170 1263 671 1348 Hertz'bergius
703 1264 793 1328 ad
820 1265 1247 1349 Propertium
1279 1288 1348 1343 ιι,
1376 1266 1468 1339 14,
1488 1265 1525 1327 5
1561 1287 1657 1338 111,
1681 1262 1773 1336 19,
1801 1262 1873 1325 19
1904 1263 2121 1346 poetis
2145 1263 2402 1328 Latinis

165 1362 248 1422 in
281 1381 444 1423 casu
471 1364 661 1424 recto
691 1361 1134 1445 producendo
1167 1362 1378 1426 solam
1410 1361 1724 1425 concedit
1746 1407 1761 1434 ‚
1805 1361 1873 1422 in
1912 1359 2133 1423 multis
2180 1382 2262 1423 ne
2305 1361 2399 1423 lo-

169 1481 302 1522 cus
338 1459 606 1543 quidem
639 1469 743 1529 est
765 1508 780 1534 ‚
817 1481 1035 1544 neque
1067 1460 1386 1525 credibile
1420 1468 1524 1524 est
1556 1482 1635 1523 ea
1665 1446 1856 1523 unice
1885 1480 2045 1522 usos
2078 1480 2226 1523 esse
2258 1460 2400 1544 qui-

166 1557 308 1619 bus
332 1557 769 1647 Andromedan
805 1556 1111 1642 Glyceran
1142 1558 1407 1622 Phthian
1440 1558 1806 1644 Glaphyran
1836 1557 2087 1621 IlIalean
2113 1558 2402 1622 Electran

172 1654 410 1717 dicere
438 1653 729 1737 placuit3
773 1655 1170 1736 praesertim
1213 1678 1361 1719 cum
1392 1666 1474 1718 ea
1505 1677 1677 1740 quae
1706 1655 1945 1718 Latine
1976 1656 2404 1740 corripienda

171 1758 380 1814 erant
401 1752 739 1814 rarissime
761 1751 848 1814 ad
874 1751 1108 1814 Ionum
1124 1775 1377 1817 morem
1406 1753 1653 1817 inflexa
1673 1753 2120 1838 produxerint
2139 1802 2153 1828 ,
2183 1761 2261 1816 ut
2284 1753 2401 1816 ad-

168 1849 428 1912 iectiva
469 1850 743 1934 gentilia
766 1897 781 1923 ‚
813 1847 1150 1933 Vergilius
1195 1853 1390 1916 Aonie
1420 1853 1742 1935 Ayanippe
1766 1901 1779 1925 ‚
1827 1851 2087 1914 Statius
2133 1851 2402 1935 Paphie,

171 1947 459 2030 Paphien
483 1946 848 2010 Columella
872 1954 940 2009 et
956 1947 1287 2010 Martialis
1303 1996 1318 2023 ,
1344 1948 1547 2010 Silius
1579 1948 1823 2033 Ortyyie
1839 1949 2172 2026 Arethusa,
2193 1947 2402 2010 idem·

173 2065 346 2127 que,
378 2051 455 2106 ut
483 2052 649 2128 puto
669 2093 685 2118 ‚
714 2045 858 2108 urbs
892 2045 1210 2130 Syracosie
1239 2069 1375 2119 xw,
1395 2045 1517 2107 277
1538 2094 1551 2118 ,
1582 2046 1696 2108 ubi
1727 2047 2112 2121 membrana
2142 2046 2246 2107 cui
2276 2045 2400 2108 soli
2479 2040 2484 2044 ⁴

167 2140 347 2204 fides
380 2140 750 2227 Syracosae.
785 2142 971 2205 cuius
1001 2143 1265 2227 generis
1297 2164 1433 2204 non
1463 2142 1671 2205 multo
1702 2142 1898 2225 plura
1925 2142 2030 2205 his
2059 2142 2400 2219 invenien-

172 2250 324 2314 tur3
366 2239 497 2302 nisi
527 2240 711 2323 quod
743 2240 1002 2303 Statius
1021 2287 1036 2314 ‚
1070 2241 1181 2323 qui
1214 2261 1361 2303 cum
1393 2240 1882 2324 antiquioribus
1915 2234 2236 2323 produxit
2266 2241 2397 2303 Ne-

168 2360 317 2399 mea
344 2335 633 2401 Pasithea
671 2339 729 2400 T
721 2360 865 2422 eyea
896 2337 1111 2400 splalea
1140 2338 1354 2401 Midea
1375 2387 1392 2416 ‚
1441 2359 1584 2400 cum
1617 2337 1957 2424 Polynicis
1995 2359 2168 2400 uxor
2197 2339 2398 2421 Aryia

170 2441 367 2497 recto
403 2456 562 2498 casu
594 2434 881 2498 dicenda
913 2442 1126 2511 esset,
1156 2460 1197 2498 a
1227 2436 1629 2520 quinquiens
1652 2435 1976 2521 produxit
2003 2436 2073 2498 in
2101 2435 2274 2499 libro
2299 2457 2396 2496 xn

170 2534 574 2616 Thebaidos
593 2581 608 2608 ‚
637 2535 798 2596 item
821 2536 1062 2619 Argian
1083 2535 1151 2597 in
1174 2555 1262 2609 1v,
1280 2535 1388 2609 91,
1419 2534 1613 2597 nimis
1639 2534 2050 2598 Graecanice
2066 2582 2081 2611 ,
2105 2533 2230 2597 sed
2256 2533 2397 2596 sine

171 2633 409 2695 littera
430 2632 660 2698 Ionica
679 2681 693 2706 ‚
724 2630 1034 2715 idemque
1060 2656 1100 2695 a
1120 2632 1308 2696 brevi
1335 2632 1633 2714 septiens
1658 2633 1857 2717 Aryia
1879 2632 1945 2694 in
1975 2654 2025 2694 11
2057 2654 2133 2693 111
2165 2654 2236 2693 xl
2269 2653 2395 2692 xn.

170 2730 350 2793 haec
392 2730 593 2814 paulo
630 2729 968 2802 ,curiosius
1011 2730 1373 2793 tractanda
1416 2730 1682 2813 putavi,
1725 2736 1802 2792 ut
1833 2737 1901 2793 et
1928 2730 2396 2815 grammatico-

170 2850 322 2891 rum
367 2828 707 2891 levitatem
750 2834 1051 2890 notarem
1098 2836 1165 2891 et
1207 2828 1274 2891 in
1311 2827 1610 2890 Lucretii
1654 2848 1856 2891 versu
1897 2827 2055 2890 huic
2097 2827 2395 2890 nomina-

170 2927 316 2989 tivo
342 2973 359 3000 ‚
405 2926 518 3010 qui
564 2934 665 2989 est
708 2927 1051 3006 ambrosia,
1096 2926 1294 2990 fidem
1334 2926 1625 2990 facerem
1651 2974 1664 2989 .
1709 2948 1861 2989 nam
1906 2926 2218 3011 genetivo
2264 2948 2393 2986 am-

171 3025 406 3094 brosias
434 3023 648 3086 forma
673 3022 934 3086 Graeca
961 3022 1142 3086 hunc
1166 3029 1433 3108 poetam
1460 3023 1710 3087 dixisse
1741 3046 1877 3088 non
1910 3023 2114 3087 credo
2134 3071 2149 3098 ‚
2182 3023 2294 3105 qui
2324 3022 2391 3084 in

172 3122 360 3206 paris
401 3120 816 3185 condicionis
856 3121 1190 3184 vocabulo
1221 3121 1608 3185 harmoniam
1639 3129 1705 3184 et
1733 3121 2083 3185 harmoniai
2114 3119 2361 3183 dixerit
2380 3169 2393 3182 .

173 3227 472 3283 ceterum
520 3221 893 3294 sententiae
936 3227 1222 3305 uterque
1262 3242 1459 3283 casus
1501 3241 1714 3304 aeque
1759 3221 2110 3294 convenit,
2156 3218 2393 3284 ablati-

173 3339 300 3380 vus
343 3325 564 3380 autem
606 3339 739 3379 non
787 3318 1147 3381 convenit:
1195 3339 1346 3381 nam
1389 3319 1642 3382 oleaster
1683 3339 1902 3402 neque
1944 3319 2281 3400 ambrosia
2330 3325 2400 3380 et¹

171 3421 452 3479 nectare
481 3414 676 3503 effluit
701 3437 920 3499 neque
950 3424 1026 3480 ut
1048 3416 1374 3482 Lambino
1400 3417 1616 3480 visum
1641 3424 1747 3480 est
1774 3417 2030 3506 diffluit,
2063 3416 2186 3479 sed
2216 3415 2394 3479 forte

171 3513 398 3603 affluat
414 3540 438 3595 ,-
480 3533 697 3598 neque
725 3514 907 3578 idem
933 3523 1208 3579 nectare
1240 3523 1357 3579 aut
1391 3516 1729 3580 ambrosia
1762 3515 1955 3597 quasi
1987 3514 2212 3576 colore
2242 3516 2391 3575 tine-

171 3624 272 3689 tas
312 3618 416 3674 est
446 3657 462 3674 .
504 3610 714 3673 nihilo
760 3614 976 3675 minus
1017 3613 1192 3677 haec
1233 3615 1640 3696 interpretes
1686 3612 2021 3695 patienter
2066 3610 2384 3685 tulerunt,

173 3730 326 3773 cum
368 3730 634 3771 manum
678 3715 921 3792 poetae
964 3710 1230 3773 minima
1274 3730 1486 3793 opera
1527 3709 1886 3771 restituere
1915 3715 2197 3790 possent
2229 3710 2391 3770 scri-

169 3805 400 3872 bendo
449 3804 692 3892 Effiaat
730 3808 1035 3870 ambrosia
1091 3806 1236 3889 (vel
1280 3806 1652 3889 ambrosiae)
1707 3807 1883 3891 quasi
1924 3830 2060 3872 vere
2102 3817 2158 3888 et
2197 3829 2343 3869 NEC
2367 3843 2388 3855 ·

174 3903 399 3970 TAm’
446 3919 831 3966 nmc'rUS.
893 3904 1167 3987 capellis
1216 3905 1388 3968 enim
1434 3903 1599 3996 quid
1641 3904 1851 3988 magis
1894 3905 2241 3988 proprium
2288 3913 2391 3967 est

172 3999 406 4065 linctu?
437 4007 505 4064 et
532 3999 667 4063 hoc
698 4002 1028 4065 vocabulo
1062 4025 1195 4065 non
1230 4003 1431 4066 modo
1463 4002 1720 4065 Plinius
1752 4024 1914 4066 usus
1947 4011 2083 4082 est,
2116 4002 2238 4065 sed
2268 4025 2387 4085 po-

173 4099 304 4162 tuit
334 4099 513 4162 omni
542 4106 844 4183 tempore
877 4099 1091 4183 quivis
1122 4101 1219 4163 uti
1243 4150 1256 4163 .
1301 4100 1471 4165 haec
1509 4087 1657 4163 'scre
1689 4099 2027 4185 disputavi
2058 4101 2122 4162 in
2154 4107 2390 4183 proec-

177 4196 331 4260 dosi
355 4245 369 4271 ,
415 4217 588 4281 quae
616 4196 801 4262 facta
832 4206 936 4262 est
966 4220 1140 4263 anno
1173 4223 1578 4264 Muccchv11
1613 4198 1721 4263 die
1752 4223 1916 4262 xx1v
1945 4199 2128 4276 Iulii,
2172 4219 2390 4281 neque

175 4314 354 4358 nunc
371 4300 585 4357 muto.
613 4296 735 4360 sed
761 4297 1061 4381 quamvis
1085 4305 1270 4362 recte
1293 4299 1598 4363 ambrosia
1622 4297 1883 4362 dicatur
1907 4297 2138 4360 ultima
2158 4295 2388 4381 longa,
