<?xml version="1.0" encoding="UTF-8"?>
<!DOCTYPE html PUBLIC "-//W3C//DTD XHTML 1.0 Transitional//EN"
    "http://www.w3.org/TR/xhtml1/DTD/xhtml1-transitional.dtd">
<html xmlns="http://www.w3.org/1999/xhtml" xml:lang="en" lang="en">
 <head>
  <title>
</title>
<meta http-equiv="Content-Type" content="text/html;charset=utf-8" />
  <meta name='ocr-system' content='tesseract 3.04.00' />
  <meta name='ocr-capabilities' content='ocr_page ocr_carea ocr_par ocr_line ocrx_word'/>
</head>
<body>
  <div class='ocr_page' id='page_1' title='image "./tlucreticarider02lachgoog_0169.png"; bbox 0 0 2840 5008; ppageno 0'>
   <div class='ocr_carea' id='block_1_1' title="bbox 1176 370 1243 434">
    <p class='ocr_par' dir='ltr' id='par_1_1' title="bbox 1176 370 1243 434">
     <span class='ocr_line' id='line_1_1' title="bbox 1176 370 1243 434; baseline 0 0"><span class='ocrx_word' id='word_1_1' title='bbox 1176 370 1243 434; x_wconf 93' lang='lat' dir='ltr'>V</span> 
     </span>
    </p>
   </div>
   <div class='ocr_carea' id='block_1_2' title="bbox 73 531 1815 1772">
    <p class='ocr_par' dir='ltr' id='par_1_2' title="bbox 73 531 1815 1772">
     <span class='ocr_line' id='line_1_2' title="bbox 80 531 1653 640; baseline 0.001 -33"><span class='ocrx_word' id='word_1_2' title='bbox 80 545 403 631; x_wconf 81' lang='lat' dir='ltr'>expulerit</span> <span class='ocrx_word' id='word_1_3' title='bbox 435 544 639 607; x_wconf 82' lang='lat' dir='ltr'>dictis</span> <span class='ocrx_word' id='word_1_4' title='bbox 659 591 675 616; x_wconf 88' lang='lat'>‚</span> <span class='ocrx_word' id='word_1_5' title='bbox 697 563 835 605; x_wconf 90' lang='lat' dir='ltr'>non</span> <span class='ocrx_word' id='word_1_6' title='bbox 862 531 1096 617; x_wconf 82' lang='lat' dir='ltr'>armis,</span> <span class='ocrx_word' id='word_1_7' title='bbox 1119 564 1342 606; x_wconf 89' lang='lat' dir='ltr'>nonne</span> <span class='ocrx_word' id='word_1_8' title='bbox 1373 543 1653 640; x_wconf 28' lang='lat' dir='ltr'>decebit.</span> 
     </span>
     <span class='ocr_line' id='line_1_3' title="bbox 75 656 1774 741; baseline 0 -18"><span class='ocrx_word' id='word_1_9' title='bbox 75 662 238 723; x_wconf 90' lang='lat' dir='ltr'>hunc</span> <span class='ocrx_word' id='word_1_10' title='bbox 268 659 617 722; x_wconf 90' lang='lat' dir='ltr'>hominem</span> <span class='ocrx_word' id='word_1_11' title='bbox 647 678 923 720; x_wconf 88' lang='lat' dir='ltr'>numero</span> <span class='ocrx_word' id='word_1_12' title='bbox 954 656 1177 720; x_wconf 71' lang='lat' dir='ltr'>divom</span> <span class='ocrx_word' id='word_1_13' title='bbox 1210 656 1548 741; x_wconf 78' lang='lat' dir='ltr'>dignarier</span> <span class='ocrx_word' id='word_1_14' title='bbox 1578 661 1774 723; x_wconf 79' lang='lat' dir='ltr'>esse?</span> 
     </span>
     <span class='ocr_line' id='line_1_4' title="bbox 77 770 1726 859; baseline 0 -22"><span class='ocrx_word' id='word_1_15' title='bbox 77 796 209 848; x_wconf 74' lang='lat' dir='ltr'>cum</span> <span class='ocrx_word' id='word_1_16' title='bbox 238 775 418 838; x_wconf 87' lang='lat' dir='ltr'>bene</span> <span class='ocrx_word' id='word_1_17' title='bbox 450 771 845 858; x_wconf 72' lang='lat' dir='ltr'>praesertim</span> <span class='ocrx_word' id='word_1_18' title='bbox 875 771 1080 834; x_wconf 87' lang='lat' dir='ltr'>multa</span> <span class='ocrx_word' id='word_1_19' title='bbox 1111 792 1188 833; x_wconf 89' lang='lat' dir='ltr'>ac</span> <span class='ocrx_word' id='word_1_20' title='bbox 1221 770 1534 836; x_wconf 80' lang='lat' dir='ltr'>divinitus</span> <span class='ocrx_word' id='word_1_21' title='bbox 1563 774 1726 859; x_wconf 88' lang='lat' dir='ltr'>ipsis</span> 
     </span>
     <span class='ocr_line' id='line_1_5' title="bbox 75 884 1495 951; baseline -0.001 0"><span class='ocrx_word' id='word_1_22' title='bbox 75 888 531 951; x_wconf 86' lang='lat' dir='ltr'>immortalibu’</span> <span class='ocrx_word' id='word_1_23' title='bbox 566 884 651 948; x_wconf 89' lang='lat' dir='ltr'>de</span> <span class='ocrx_word' id='word_1_24' title='bbox 683 884 853 948; x_wconf 84' lang='lat' dir='ltr'>divis</span> <span class='ocrx_word' id='word_1_25' title='bbox 885 884 1046 948; x_wconf 88' lang='lat' dir='ltr'>dare</span> <span class='ocrx_word' id='word_1_26' title='bbox 1078 884 1255 949; x_wconf 86' lang='lat' dir='ltr'>dicta</span> <span class='ocrx_word' id='word_1_27' title='bbox 1286 888 1495 950; x_wconf 63' lang='lat' dir='ltr'>suErit</span> 
     </span>
     <span class='ocr_line' id='line_1_6' title="bbox 76 999 1733 1086; baseline 0.001 -21"><span class='ocrx_word' id='word_1_28' title='bbox 76 1013 263 1086; x_wconf 83' lang='lat' dir='ltr'>atque</span> <span class='ocrx_word' id='word_1_29' title='bbox 298 1023 572 1066; x_wconf 89' lang='lat' dir='ltr'>omnem</span> <span class='ocrx_word' id='word_1_30' title='bbox 601 1021 819 1062; x_wconf 86' lang='lat' dir='ltr'>rerum</span> <span class='ocrx_word' id='word_1_31' title='bbox 852 1009 1152 1062; x_wconf 85' lang='lat' dir='ltr'>naturam</span> <span class='ocrx_word' id='word_1_32' title='bbox 1182 999 1482 1084; x_wconf 89' lang='lat' dir='ltr'>pandere</span> <span class='ocrx_word' id='word_1_33' title='bbox 1513 1000 1733 1066; x_wconf 82' lang='lat' dir='ltr'>dictis,</span> 
     </span>
     <span class='ocr_line' id='line_1_7' title="bbox 149 1114 1715 1200; baseline 0.002 -22"><span class='ocrx_word' id='word_1_34' title='bbox 149 1115 349 1178; x_wconf 88' lang='lat' dir='ltr'>Cuius</span> <span class='ocrx_word' id='word_1_35' title='bbox 384 1136 516 1200; x_wconf 86' lang='lat' dir='ltr'>ego</span> <span class='ocrx_word' id='word_1_36' title='bbox 546 1116 889 1198; x_wconf 81' lang='lat' dir='ltr'>ingressus</span> <span class='ocrx_word' id='word_1_37' title='bbox 919 1114 1201 1197; x_wconf 85' lang='lat' dir='ltr'>vestigia</span> <span class='ocrx_word' id='word_1_38' title='bbox 1232 1114 1388 1177; x_wconf 87' lang='lat' dir='ltr'>dum</span> <span class='ocrx_word' id='word_1_39' title='bbox 1419 1117 1715 1181; x_wconf 87' lang='lat' dir='ltr'>rationes</span> 
     </span>
     <span class='ocr_line' id='line_1_8' title="bbox 73 1226 1815 1315; baseline 0.003 -23"><span class='ocrx_word' id='word_1_40' title='bbox 73 1251 441 1314; x_wconf 87' lang='lat' dir='ltr'>persequor</span> <span class='ocrx_word' id='word_1_41' title='bbox 473 1250 553 1291; x_wconf 90' lang='lat' dir='ltr'>ac</span> <span class='ocrx_word' id='word_1_42' title='bbox 585 1227 798 1290; x_wconf 87' lang='lat' dir='ltr'>doceo</span> <span class='ocrx_word' id='word_1_43' title='bbox 831 1226 1058 1297; x_wconf 80' lang='lat' dir='ltr'>dictis,</span> <span class='ocrx_word' id='word_1_44' title='bbox 1086 1250 1219 1312; x_wconf 92' lang='lat' dir='ltr'>quo</span> <span class='ocrx_word' id='word_1_45' title='bbox 1253 1251 1557 1315; x_wconf 86' lang='lat' dir='ltr'>quaeque</span> <span class='ocrx_word' id='word_1_46' title='bbox 1590 1243 1815 1300; x_wconf 79' lang='lat' dir='ltr'>creata</span> 
     </span>
     <span class='ocr_line' id='line_1_9' title="bbox 73 1341 1743 1425; baseline 0.002 -19"><span class='ocrx_word' id='word_1_47' title='bbox 73 1343 336 1406; x_wconf 90' lang='lat' dir='ltr'>foedere</span> <span class='ocrx_word' id='word_1_48' title='bbox 376 1345 547 1415; x_wconf 90' lang='lat' dir='ltr'>sint,</span> <span class='ocrx_word' id='word_1_49' title='bbox 570 1344 639 1404; x_wconf 93' lang='lat' dir='ltr'>in</span> <span class='ocrx_word' id='word_1_50' title='bbox 670 1363 747 1404; x_wconf 89' lang='lat' dir='ltr'>eo</span> <span class='ocrx_word' id='word_1_51' title='bbox 780 1363 978 1425; x_wconf 89' lang='lat' dir='ltr'>quam</span> <span class='ocrx_word' id='word_1_52' title='bbox 1007 1344 1095 1405; x_wconf 91' lang='lat' dir='ltr'>sit</span> <span class='ocrx_word' id='word_1_53' title='bbox 1123 1341 1366 1406; x_wconf 84' lang='lat' dir='ltr'>durare</span> <span class='ocrx_word' id='word_1_54' title='bbox 1395 1366 1743 1410; x_wconf 75' lang='lat' dir='ltr'><strong>necessum</strong></span> 
     </span>
     <span class='ocr_line' id='line_1_10' title="bbox 73 1457 1599 1544; baseline 0.002 -25"><span class='ocrx_word' id='word_1_55' title='bbox 73 1480 183 1521; x_wconf 89' lang='lat' dir='ltr'>nec</span> <span class='ocrx_word' id='word_1_56' title='bbox 210 1457 478 1522; x_wconf 82' lang='lat' dir='ltr'>validas</span> <span class='ocrx_word' id='word_1_57' title='bbox 507 1457 772 1521; x_wconf 82' lang='lat' dir='ltr'>valeant</span> <span class='ocrx_word' id='word_1_58' title='bbox 801 1458 945 1518; x_wconf 89' lang='lat' dir='ltr'>aevi</span> <span class='ocrx_word' id='word_1_59' title='bbox 973 1457 1356 1520; x_wconf 66' lang='lat' dir='ltr'>roecindere</span> <span class='ocrx_word' id='word_1_60' title='bbox 1387 1460 1568 1544; x_wconf 83' lang='lat' dir='ltr'>leges</span> <span class='ocrx_word' id='word_1_61' title='bbox 1586 1510 1599 1533; x_wconf 81' lang='grc'><em>,</em></span> 
     </span>
     <span class='ocr_line' id='line_1_11' title="bbox 77 1570 1759 1659; baseline 0.003 -25"><span class='ocrx_word' id='word_1_62' title='bbox 77 1595 196 1656; x_wconf 92' lang='lat' dir='ltr'>quo</span> <span class='ocrx_word' id='word_1_63' title='bbox 225 1594 481 1658; x_wconf 81' lang='lat' dir='ltr'>genere</span> <span class='ocrx_word' id='word_1_64' title='bbox 507 1572 578 1634; x_wconf 90' lang='lat' dir='ltr'>in</span> <span class='ocrx_word' id='word_1_65' title='bbox 608 1570 832 1654; x_wconf 87' lang='lat' dir='ltr'>primis</span> <span class='ocrx_word' id='word_1_66' title='bbox 863 1571 1058 1633; x_wconf 87' lang='lat' dir='ltr'>animi</span> <span class='ocrx_word' id='word_1_67' title='bbox 1088 1579 1328 1635; x_wconf 88' lang='lat' dir='ltr'>natura</span> <span class='ocrx_word' id='word_1_68' title='bbox 1356 1583 1626 1659; x_wconf 86' lang='lat' dir='ltr'>reperta</span> <span class='ocrx_word' id='word_1_69' title='bbox 1658 1588 1759 1640; x_wconf 82' lang='lat' dir='ltr'>est</span> 
     </span>
     <span class='ocr_line' id='line_1_12' title="bbox 76 1686 1534 1772; baseline 0.002 -24"><span class='ocrx_word' id='word_1_70' title='bbox 76 1688 286 1751; x_wconf 83' lang='lat' dir='ltr'>nativo</span> <span class='ocrx_word' id='word_1_71' title='bbox 318 1687 609 1771; x_wconf 91' lang='lat' dir='ltr'>primum</span> <span class='ocrx_word' id='word_1_72' title='bbox 640 1686 1006 1749; x_wconf 80' lang='lat' dir='ltr'>consistere</span> <span class='ocrx_word' id='word_1_73' title='bbox 1037 1708 1320 1772; x_wconf 88' lang='lat' dir='ltr'>corpore</span> <span class='ocrx_word' id='word_1_74' title='bbox 1351 1697 1534 1751; x_wconf 88' lang='lat' dir='ltr'>creta</span> 
     </span>
    </p>
   </div>
   <div class='ocr_carea' id='block_1_3' title="bbox 75 1798 1861 1889">
    <p class='ocr_par' dir='ltr' id='par_1_3' title="bbox 75 1798 1861 1889">
     <span class='ocr_line' id='line_1_13' title="bbox 75 1798 1861 1889; baseline 0.003 -25"><span class='ocrx_word' id='word_1_75' title='bbox 75 1824 183 1864; x_wconf 88' lang='lat' dir='ltr'>nec</span> <span class='ocrx_word' id='word_1_76' title='bbox 213 1822 432 1886; x_wconf 80' lang='lat' dir='ltr'>posse</span> <span class='ocrx_word' id='word_1_77' title='bbox 454 1798 801 1863; x_wconf 86' lang='lat' dir='ltr'>incolumis</span> <span class='ocrx_word' id='word_1_78' title='bbox 832 1822 1140 1884; x_wconf 82' lang='lat' dir='ltr'>magnum</span> <span class='ocrx_word' id='word_1_79' title='bbox 1172 1800 1413 1864; x_wconf 88' lang='lat' dir='ltr'>durare</span> <span class='ocrx_word' id='word_1_80' title='bbox 1443 1825 1565 1889; x_wconf 88' lang='lat' dir='ltr'>per</span> <span class='ocrx_word' id='word_1_81' title='bbox 1594 1826 1861 1883; x_wconf 87' lang='lat' dir='ltr'>aevom,</span> 
     </span>
    </p>
   </div>
   <div class='ocr_carea' id='block_1_4' title="bbox 49 1899 1822 4180">
    <p class='ocr_par' dir='ltr' id='par_1_4' title="bbox 77 1899 1822 2456">
     <span class='ocr_line' id='line_1_14' title="bbox 77 1899 1796 1996; baseline 0.006 -21"><span class='ocrx_word' id='word_1_82' title='bbox 77 1914 182 1977; x_wconf 89' lang='lat' dir='ltr'>sed</span> <span class='ocrx_word' id='word_1_83' title='bbox 210 1915 574 1979; x_wconf 80' lang='lat' dir='ltr'>simulacra</span> <span class='ocrx_word' id='word_1_84' title='bbox 602 1913 818 1976; x_wconf 88' lang='lat' dir='ltr'>solere</span> <span class='ocrx_word' id='word_1_85' title='bbox 846 1915 913 1977; x_wconf 89' lang='lat' dir='ltr'>in</span> <span class='ocrx_word' id='word_1_86' title='bbox 944 1917 1193 1978; x_wconf 90' lang='lat' dir='ltr'>somnis</span> <span class='ocrx_word' id='word_1_87' title='bbox 1223 1899 1452 1979; x_wconf 84' lang='lat' dir='ltr'>fallere</span> <span class='ocrx_word' id='word_1_88' title='bbox 1485 1929 1763 1984; x_wconf 80' lang='lat' dir='ltr'>mentem</span> <span class='ocrx_word' id='word_1_89' title='bbox 1782 1973 1796 1996; x_wconf 90' lang='lat'>‚</span> 
     </span>
     <span class='ocr_line' id='line_1_15' title="bbox 78 2027 1784 2118; baseline 0.005 -28"><span class='ocrx_word' id='word_1_90' title='bbox 78 2050 336 2093; x_wconf 87' lang='lat' dir='ltr'>cernere</span> <span class='ocrx_word' id='word_1_91' title='bbox 370 2050 518 2091; x_wconf 90' lang='lat' dir='ltr'>cum</span> <span class='ocrx_word' id='word_1_92' title='bbox 547 2027 889 2092; x_wconf 88' lang='lat' dir='ltr'>videamur</span> <span class='ocrx_word' id='word_1_93' title='bbox 919 2051 1065 2092; x_wconf 92' lang='lat' dir='ltr'>eum</span> <span class='ocrx_word' id='word_1_94' title='bbox 1097 2032 1462 2112; x_wconf 86' lang='lat' dir='ltr'>quem&#39;vita</span> <span class='ocrx_word' id='word_1_95' title='bbox 1489 2033 1784 2118; x_wconf 87' lang='lat' dir='ltr'>reliquit,</span> 
     </span>
     <span class='ocr_line' id='line_1_16' title="bbox 79 2144 1822 2228; baseline 0.004 -22"><span class='ocrx_word' id='word_1_96' title='bbox 79 2144 245 2227; x_wconf 92' lang='lat' dir='ltr'>quod</span> <span class='ocrx_word' id='word_1_97' title='bbox 277 2164 486 2228; x_wconf 90' lang='lat' dir='ltr'>super</span> <span class='ocrx_word' id='word_1_98' title='bbox 519 2150 652 2214; x_wconf 86' lang='lat' dir='ltr'>est,</span> <span class='ocrx_word' id='word_1_99' title='bbox 677 2164 854 2205; x_wconf 90' lang='lat' dir='ltr'>nunc</span> <span class='ocrx_word' id='word_1_100' title='bbox 882 2144 1014 2206; x_wconf 90' lang='lat' dir='ltr'>huc</span> <span class='ocrx_word' id='word_1_101' title='bbox 1043 2144 1321 2207; x_wconf 85' lang='lat' dir='ltr'>rationis</span> <span class='ocrx_word' id='word_1_102' title='bbox 1353 2144 1591 2210; x_wconf 86' lang='lat' dir='ltr'>detulit</span> <span class='ocrx_word' id='word_1_103' title='bbox 1620 2149 1791 2214; x_wconf 92' lang='lat' dir='ltr'>ordo</span> <span class='ocrx_word' id='word_1_104' title='bbox 1809 2201 1822 2222; x_wconf 82' lang='lat'>,</span> 
     </span>
     <span class='ocr_line' id='line_1_17' title="bbox 78 2257 1681 2344; baseline 0.004 -25"><span class='ocrx_word' id='word_1_105' title='bbox 78 2269 141 2326; x_wconf 81' lang='lat' dir='ltr'>ut</span> <span class='ocrx_word' id='word_1_106' title='bbox 165 2259 322 2321; x_wconf 91' lang='lat' dir='ltr'>mihi</span> <span class='ocrx_word' id='word_1_107' title='bbox 351 2257 621 2324; x_wconf 78' lang='lat' dir='ltr'>mortali</span> <span class='ocrx_word' id='word_1_108' title='bbox 651 2257 1017 2321; x_wconf 81' lang='lat' dir='ltr'>consistere</span> <span class='ocrx_word' id='word_1_109' title='bbox 1048 2280 1334 2344; x_wconf 88' lang='lat' dir='ltr'>corpore</span> <span class='ocrx_word' id='word_1_110' title='bbox 1364 2261 1681 2325; x_wconf 89' lang='lat' dir='ltr'>mundum</span> 
     </span>
     <span class='ocr_line' id='line_1_18' title="bbox 77 2371 1633 2456; baseline 0.004 -23"><span class='ocrx_word' id='word_1_111' title='bbox 77 2374 497 2456; x_wconf 82' lang='lat' dir='ltr'>nativomque</span> <span class='ocrx_word' id='word_1_112' title='bbox 529 2371 722 2433; x_wconf 89' lang='lat' dir='ltr'>simul</span> <span class='ocrx_word' id='word_1_113' title='bbox 748 2373 919 2435; x_wconf 90' lang='lat' dir='ltr'>ratio</span> <span class='ocrx_word' id='word_1_114' title='bbox 951 2372 1308 2436; x_wconf 87' lang='lat' dir='ltr'>reddunda</span> <span class='ocrx_word' id='word_1_115' title='bbox 1338 2374 1427 2437; x_wconf 87' lang='lat' dir='ltr'>sit</span> <span class='ocrx_word' id='word_1_116' title='bbox 1457 2396 1633 2451; x_wconf 83' lang='lat' dir='ltr'>esse-3</span> 
     </span>
    </p>

    <p class='ocr_par' dir='ltr' id='par_1_5' title="bbox 49 2484 1792 3146">
     <span class='ocr_line' id='line_1_19' title="bbox 78 2484 1546 2573; baseline 0.004 -25"><span class='ocrx_word' id='word_1_117' title='bbox 78 2495 134 2550; x_wconf 81' lang='lat' dir='ltr'>et</span> <span class='ocrx_word' id='word_1_118' title='bbox 160 2488 399 2571; x_wconf 89' lang='lat' dir='ltr'>quibus</span> <span class='ocrx_word' id='word_1_119' title='bbox 428 2485 539 2549; x_wconf 89' lang='lat' dir='ltr'>ille</span> <span class='ocrx_word' id='word_1_120' title='bbox 566 2484 784 2549; x_wconf 86' lang='lat' dir='ltr'>modis</span> <span class='ocrx_word' id='word_1_121' title='bbox 816 2509 1219 2573; x_wconf 82' lang='lat' dir='ltr'>congressus</span> <span class='ocrx_word' id='word_1_122' title='bbox 1245 2491 1546 2555; x_wconf 87' lang='lat' dir='ltr'>materiai·</span> 
     </span>
     <span class='ocr_line' id='line_1_20' title="bbox 74 2602 1758 2683; baseline 0.005 -19"><span class='ocrx_word' id='word_1_123' title='bbox 74 2602 357 2665; x_wconf 85' lang='lat' dir='ltr'>fundarit</span> <span class='ocrx_word' id='word_1_124' title='bbox 384 2610 633 2665; x_wconf 84' lang='lat' dir='ltr'>terram</span> <span class='ocrx_word' id='word_1_125' title='bbox 653 2649 668 2675; x_wconf 83' lang='lat'>‚</span> <span class='ocrx_word' id='word_1_126' title='bbox 692 2602 943 2665; x_wconf 83' lang='lat' dir='ltr'>caelum</span> <span class='ocrx_word' id='word_1_127' title='bbox 963 2650 976 2677; x_wconf 93' lang='lat'>‚</span> <span class='ocrx_word' id='word_1_128' title='bbox 1001 2624 1177 2666; x_wconf 88' lang='lat' dir='ltr'>mare</span> <span class='ocrx_word' id='word_1_129' title='bbox 1198 2653 1212 2676; x_wconf 94' lang='lat'>‚</span> <span class='ocrx_word' id='word_1_130' title='bbox 1236 2604 1461 2668; x_wconf 87' lang='lat' dir='ltr'>sidera</span> <span class='ocrx_word' id='word_1_131' title='bbox 1479 2654 1494 2680; x_wconf 83' lang='lat'>‚</span> <span class='ocrx_word' id='word_1_132' title='bbox 1517 2608 1722 2672; x_wconf 90' lang='lat' dir='ltr'>solem</span> <span class='ocrx_word' id='word_1_133' title='bbox 1744 2659 1758 2683; x_wconf 82' lang='lat'>‚</span> 
     </span>
     <span class='ocr_line' id='line_1_21' title="bbox 76 2715 1737 2801; baseline 0.006 -24"><span class='ocrx_word' id='word_1_134' title='bbox 76 2715 373 2801; x_wconf 88' lang='lat' dir='ltr'>lunaique</span> <span class='ocrx_word' id='word_1_135' title='bbox 403 2716 673 2800; x_wconf 85' lang='lat' dir='ltr'>globum</span> <span class='ocrx_word' id='word_1_136' title='bbox 693 2740 708 2791; x_wconf 78' lang='grc' dir='ltr'><strong>ς</strong></span> <span class='ocrx_word' id='word_1_137' title='bbox 732 2725 869 2779; x_wconf 91' lang='lat' dir='ltr'>tum</span> <span class='ocrx_word' id='word_1_138' title='bbox 901 2738 1073 2801; x_wconf 86' lang='lat' dir='ltr'>quae</span> <span class='ocrx_word' id='word_1_139' title='bbox 1104 2718 1339 2782; x_wconf 83' lang='lat' dir='ltr'>tellure</span> <span class='ocrx_word' id='word_1_140' title='bbox 1369 2721 1737 2787; x_wconf 84' lang='lat' dir='ltr'>animantes</span> 
     </span>
     <span class='ocr_line' id='line_1_22' title="bbox 60 2810 1704 2920; baseline 0.006 -29"><span class='ocrx_word' id='word_1_141' title='bbox 60 2810 407 2895; x_wconf 40' lang='lat' dir='ltr'>&#39;extiterint</span> <span class='ocrx_word' id='word_1_142' title='bbox 427 2879 440 2904; x_wconf 93' lang='lat'><strong>‚</strong></span> <span class='ocrx_word' id='word_1_143' title='bbox 467 2840 535 2895; x_wconf 87' lang='lat' dir='ltr'>et</span> <span class='ocrx_word' id='word_1_144' title='bbox 566 2852 737 2914; x_wconf 89' lang='lat' dir='ltr'>quae</span> <span class='ocrx_word' id='word_1_145' title='bbox 766 2831 948 2894; x_wconf 91' lang='lat' dir='ltr'>nullo</span> <span class='ocrx_word' id='word_1_146' title='bbox 979 2832 1111 2895; x_wconf 83' lang='lat' dir='ltr'>sint</span> <span class='ocrx_word' id='word_1_147' title='bbox 1139 2843 1444 2920; x_wconf 89' lang='lat' dir='ltr'>tempore</span> <span class='ocrx_word' id='word_1_148' title='bbox 1474 2844 1704 2913; x_wconf 80' lang='lat' dir='ltr'>natae3</span> 
     </span>
     <span class='ocr_line' id='line_1_23' title="bbox 78 2945 1792 3037; baseline 0.006 -30"><span class='ocrx_word' id='word_1_149' title='bbox 78 2967 280 3028; x_wconf 87' lang='lat' dir='ltr'>quove</span> <span class='ocrx_word' id='word_1_150' title='bbox 308 2945 516 3010; x_wconf 90' lang='lat' dir='ltr'>modo</span> <span class='ocrx_word' id='word_1_151' title='bbox 547 2966 760 3030; x_wconf 86' lang='lat' dir='ltr'>genus</span> <span class='ocrx_word' id='word_1_152' title='bbox 788 2945 1146 3021; x_wconf 84' lang='lat' dir='ltr'>humanum</span> <span class='ocrx_word' id='word_1_153' title='bbox 1172 2949 1473 3012; x_wconf 82' lang='lat' dir='ltr'>variante</span> <span class='ocrx_word' id='word_1_154' title='bbox 1503 2951 1792 3037; x_wconf 86' lang='lat' dir='ltr'>loquella</span> 
     </span>
     <span class='ocr_line' id='line_1_24' title="bbox 49 3062 1595 3146; baseline 0.005 -27"><span class='ocrx_word' id='word_1_155' title='bbox 49 3062 356 3145; x_wconf 73' lang='lat' dir='ltr'>‘coeperit</span> <span class='ocrx_word' id='word_1_156' title='bbox 383 3062 560 3124; x_wconf 90' lang='lat' dir='ltr'>inter</span> <span class='ocrx_word' id='word_1_157' title='bbox 591 3082 662 3123; x_wconf 87' lang='lat' dir='ltr'>se</span> <span class='ocrx_word' id='word_1_158' title='bbox 691 3062 872 3123; x_wconf 84' lang='lat' dir='ltr'>vesci</span> <span class='ocrx_word' id='word_1_159' title='bbox 900 3082 1020 3146; x_wconf 85' lang='lat' dir='ltr'>per</span> <span class='ocrx_word' id='word_1_160' title='bbox 1045 3063 1317 3125; x_wconf 89' lang='lat' dir='ltr'>nomina</span> <span class='ocrx_word' id='word_1_161' title='bbox 1343 3084 1595 3139; x_wconf 78' lang='lat' dir='ltr'>rerum3</span> 
     </span>
    </p>

    <p class='ocr_par' dir='ltr' id='par_1_6' title="bbox 76 3173 1678 3721">
     <span class='ocr_line' id='line_1_25' title="bbox 77 3173 1678 3259; baseline 0.006 -25"><span class='ocrx_word' id='word_1_162' title='bbox 77 3183 137 3236; x_wconf 88' lang='lat' dir='ltr'>et</span> <span class='ocrx_word' id='word_1_163' title='bbox 164 3177 395 3259; x_wconf 87' lang='lat' dir='ltr'>quibus</span> <span class='ocrx_word' id='word_1_164' title='bbox 426 3175 536 3238; x_wconf 89' lang='lat' dir='ltr'>ille</span> <span class='ocrx_word' id='word_1_165' title='bbox 565 3173 781 3237; x_wconf 89' lang='lat' dir='ltr'>modis</span> <span class='ocrx_word' id='word_1_166' title='bbox 814 3174 1036 3239; x_wconf 86' lang='lat' dir='ltr'>divom</span> <span class='ocrx_word' id='word_1_167' title='bbox 1064 3184 1280 3241; x_wconf 87' lang='lat' dir='ltr'>metus</span> <span class='ocrx_word' id='word_1_168' title='bbox 1307 3179 1678 3244; x_wconf 49' lang='lat' dir='ltr'>insinuarit</span> 
     </span>
     <span class='ocr_line' id='line_1_26' title="bbox 76 3290 1657 3372; baseline 0.006 -23"><span class='ocrx_word' id='word_1_169' title='bbox 76 3296 334 3371; x_wconf 84' lang='lat' dir='ltr'>pectora</span> <span class='ocrx_word' id='word_1_170' title='bbox 352 3339 368 3364; x_wconf 92' lang='lat'>‚</span> <span class='ocrx_word' id='word_1_171' title='bbox 391 3298 721 3353; x_wconf 87' lang='lat' dir='ltr'>terrarum</span> <span class='ocrx_word' id='word_1_172' title='bbox 753 3290 866 3372; x_wconf 91' lang='lat' dir='ltr'>qui</span> <span class='ocrx_word' id='word_1_173' title='bbox 894 3291 963 3353; x_wconf 91' lang='lat' dir='ltr'>in</span> <span class='ocrx_word' id='word_1_174' title='bbox 993 3292 1139 3356; x_wconf 91' lang='lat' dir='ltr'>orbi</span> <span class='ocrx_word' id='word_1_175' title='bbox 1168 3302 1403 3358; x_wconf 87' lang='lat' dir='ltr'>sancta</span> <span class='ocrx_word' id='word_1_176' title='bbox 1431 3303 1657 3359; x_wconf 87' lang='lat' dir='ltr'>tuetur</span> 
     </span>
     <span class='ocr_line' id='line_1_27' title="bbox 78 3400 1627 3492; baseline 0.007 -30"><span class='ocrx_word' id='word_1_177' title='bbox 78 3400 221 3466; x_wconf 86' lang='lat' dir='ltr'>fana</span> <span class='ocrx_word' id='word_1_178' title='bbox 244 3404 428 3468; x_wconf 87' lang='lat' dir='ltr'>lacus</span> <span class='ocrx_word' id='word_1_179' title='bbox 459 3404 649 3467; x_wconf 92' lang='lat' dir='ltr'>lucos</span> <span class='ocrx_word' id='word_1_180' title='bbox 680 3424 832 3468; x_wconf 88' lang='lat' dir='ltr'>aras</span> <span class='ocrx_word' id='word_1_181' title='bbox 863 3405 1345 3492; x_wconf 83' lang='lat' dir='ltr'>simulacraque</span> <span class='ocrx_word' id='word_1_182' title='bbox 1376 3407 1627 3474; x_wconf 80' lang='lat' dir='ltr'>divom.</span> 
     </span>
     <span class='ocr_line' id='line_1_28' title="bbox 77 3498 1507 3606; baseline 0.007 -29"><span class='ocrx_word' id='word_1_183' title='bbox 77 3525 404 3598; x_wconf 85' lang='lat' dir='ltr'>praeterea</span> <span class='ocrx_word' id='word_1_184' title='bbox 433 3518 595 3581; x_wconf 88' lang='lat' dir='ltr'>solis</span> <span class='ocrx_word' id='word_1_185' title='bbox 626 3498 860 3582; x_wconf 82' lang='lat' dir='ltr'>cursus</span> <span class='ocrx_word' id='word_1_186' title='bbox 889 3520 1220 3606; x_wconf 88' lang='lat' dir='ltr'>lunaeque</span> <span class='ocrx_word' id='word_1_187' title='bbox 1249 3531 1507 3587; x_wconf 86' lang='lat' dir='ltr'>meatus</span> 
     </span>
     <span class='ocr_line' id='line_1_29' title="bbox 79 3631 1634 3721; baseline 0.008 -30"><span class='ocrx_word' id='word_1_188' title='bbox 79 3631 408 3714; x_wconf 76' lang='lat' dir='ltr'>expediam</span> <span class='ocrx_word' id='word_1_189' title='bbox 441 3654 575 3716; x_wconf 88' lang='lat' dir='ltr'>qua</span> <span class='ocrx_word' id='word_1_190' title='bbox 604 3634 670 3695; x_wconf 89' lang='lat' dir='ltr'>vi</span> <span class='ocrx_word' id='word_1_191' title='bbox 697 3631 926 3699; x_wconf 84' lang='lat' dir='ltr'>flectat</span> <span class='ocrx_word' id='word_1_192' title='bbox 951 3642 1195 3699; x_wconf 87' lang='lat' dir='ltr'>natura</span> <span class='ocrx_word' id='word_1_193' title='bbox 1222 3640 1634 3721; x_wconf 80' lang='lat' dir='ltr'>gubernans3</span> 
     </span>
    </p>

    <p class='ocr_par' dir='ltr' id='par_1_7' title="bbox 75 3744 1774 4180">
     <span class='ocr_line' id='line_1_30' title="bbox 75 3744 1728 3837; baseline 0.01 -34"><span class='ocrx_word' id='word_1_194' title='bbox 75 3764 150 3805; x_wconf 91' lang='lat' dir='ltr'>ne</span> <span class='ocrx_word' id='word_1_195' title='bbox 176 3744 339 3811; x_wconf 86' lang='lat' dir='ltr'>forte</span> <span class='ocrx_word' id='word_1_196' title='bbox 369 3747 540 3810; x_wconf 88' lang='lat' dir='ltr'>haec</span> <span class='ocrx_word' id='word_1_197' title='bbox 566 3748 743 3811; x_wconf 86' lang='lat' dir='ltr'>inter</span> <span class='ocrx_word' id='word_1_198' title='bbox 773 3749 1025 3811; x_wconf 88' lang='lat' dir='ltr'>caelum</span> <span class='ocrx_word' id='word_1_199' title='bbox 1055 3761 1435 3837; x_wconf 85' lang='lat' dir='ltr'>terramque</span> <span class='ocrx_word' id='word_1_200' title='bbox 1465 3776 1728 3819; x_wconf 86' lang='lat' dir='ltr'>reamur</span> 
     </span>
     <span class='ocr_line' id='line_1_31' title="bbox 77 3855 1635 3951; baseline 0.008 -31"><span class='ocrx_word' id='word_1_201' title='bbox 77 3855 261 3923; x_wconf 82' lang='lat' dir='ltr'>libera</span> <span class='ocrx_word' id='word_1_202' title='bbox 288 3870 534 3947; x_wconf 81' lang='lat' dir='ltr'>sponte</span> <span class='ocrx_word' id='word_1_203' title='bbox 564 3884 686 3925; x_wconf 90' lang='lat' dir='ltr'>sua</span> <span class='ocrx_word' id='word_1_204' title='bbox 715 3884 948 3927; x_wconf 89' lang='lat' dir='ltr'>cursus</span> <span class='ocrx_word' id='word_1_205' title='bbox 978 3864 1264 3928; x_wconf 88' lang='lat' dir='ltr'>lustrare</span> <span class='ocrx_word' id='word_1_206' title='bbox 1293 3870 1635 3951; x_wconf 83' lang='lat' dir='ltr'>perennis,</span> 
     </span>
     <span class='ocr_line' id='line_1_32' title="bbox 78 3974 1774 4065; baseline 0.008 -31"><span class='ocrx_word' id='word_1_207' title='bbox 78 3975 381 4060; x_wconf 86' lang='lat' dir='ltr'>morigera</span> <span class='ocrx_word' id='word_1_208' title='bbox 410 3975 501 4038; x_wconf 91' lang='lat' dir='ltr'>ad</span> <span class='ocrx_word' id='word_1_209' title='bbox 526 3974 759 4061; x_wconf 81' lang='lat' dir='ltr'>fruges</span> <span class='ocrx_word' id='word_1_210' title='bbox 788 3978 1131 4062; x_wconf 85' lang='lat' dir='ltr'>augendas</span> <span class='ocrx_word' id='word_1_211' title='bbox 1163 3988 1365 4065; x_wconf 88' lang='lat' dir='ltr'>atque</span> <span class='ocrx_word' id='word_1_212' title='bbox 1395 3984 1774 4057; x_wconf 89' lang='lat' dir='ltr'>animantis,</span> 
     </span>
     <span class='ocr_line' id='line_1_33' title="bbox 77 4076 1594 4180; baseline 0.009 -33"><span class='ocrx_word' id='word_1_213' title='bbox 77 4107 230 4151; x_wconf 87' lang='lat' dir='ltr'>neve</span> <span class='ocrx_word' id='word_1_214' title='bbox 257 4092 476 4175; x_wconf 88' lang='lat' dir='ltr'>aliqua</span> <span class='ocrx_word' id='word_1_215' title='bbox 507 4089 729 4154; x_wconf 89' lang='lat' dir='ltr'>divom</span> <span class='ocrx_word' id='word_1_216' title='bbox 760 4076 943 4157; x_wconf 85' lang='lat' dir='ltr'>volvi</span> <span class='ocrx_word' id='word_1_217' title='bbox 971 4094 1228 4158; x_wconf 86' lang='lat' dir='ltr'>ratione</span> <span class='ocrx_word' id='word_1_218' title='bbox 1258 4103 1594 4180; x_wconf 78' lang='lat' dir='ltr'>putemus,</span> 
     </span>
    </p>
   </div>
   <div class='ocr_carea' id='block_1_5' title="bbox 85 4336 1849 4414">
    <p class='ocr_par' dir='ltr' id='par_1_8' title="bbox 85 4336 1849 4414">
     <span class='ocr_line' id='line_1_34' title="bbox 85 4336 1849 4414; baseline 0.007 -32"><span class='ocrx_word' id='word_1_219' title='bbox 85 4337 140 4380; x_wconf 80' lang='lat'>53</span> <span class='ocrx_word' id='word_1_220' title='bbox 175 4351 200 4383; x_wconf 86' lang='lat' dir='ltr'>e</span> <span class='ocrx_word' id='word_1_221' title='bbox 233 4336 252 4401; x_wconf 71' lang='grc' dir='ltr'>Η</span> <span class='ocrx_word' id='word_1_222' title='bbox 290 4343 346 4388; x_wconf 85' lang='grc'>61</span> <span class='ocrx_word' id='word_1_223' title='bbox 388 4338 651 4390; x_wconf 65' lang='lat' dir='ltr'>incolume</span> <span class='ocrx_word' id='word_1_224' title='bbox 686 4341 704 4405; x_wconf 72' lang='grc' dir='ltr'>Η</span> <span class='ocrx_word' id='word_1_225' title='bbox 744 4348 804 4391; x_wconf 74' lang='grc'>67</span> <span class='ocrx_word' id='word_1_226' title='bbox 845 4342 1141 4393; x_wconf 83' lang='lat' dir='ltr'>materiam.</span> <span class='ocrx_word' id='word_1_227' title='bbox 1181 4342 1199 4408; x_wconf 81' lang='grc' dir='ltr'>ΙΙ</span> <span class='ocrx_word' id='word_1_228' title='bbox 1237 4349 1300 4393; x_wconf 81' lang='grc'>70</span> <span class='ocrx_word' id='word_1_229' title='bbox 1338 4344 1418 4393; x_wconf 84' lang='lat' dir='ltr'>sin</span> <span class='ocrx_word' id='word_1_230' title='bbox 1458 4345 1475 4410; x_wconf 73' lang='grc' dir='ltr'>Ιξ</span> <span class='ocrx_word' id='word_1_231' title='bbox 1517 4351 1574 4395; x_wconf 85' lang='grc'>71</span> <span class='ocrx_word' id='word_1_232' title='bbox 1615 4344 1849 4414; x_wconf 83' lang='lat' dir='ltr'>loquela.</span> 
     </span>
    </p>
   </div>
   <div class='ocr_carea' id='block_1_6' title="bbox 2207 375 2356 441">
    <p class='ocr_par' dir='ltr' id='par_1_9' title="bbox 2207 375 2356 441">
     <span class='ocr_line' id='line_1_35' title="bbox 2207 375 2356 441; baseline 0.013 -2"><span class='ocrx_word' id='word_1_233' title='bbox 2207 375 2356 441; x_wconf 69' lang='lat'>159‘</span> 
     </span>
    </p>
   </div>
  </div>
 </body>
</html>
