2840 5008
463 393 604 462 204
1554 395 1625 461 V

457 571 587 634 iam
616 589 796 632 mare
827 567 1123 634 velivolis
1152 567 1439 634 florebat
1467 570 1806 657 puppibus
1825 619 1840 647 ‚
1867 579 1933 635 et
1961 594 2069 635 res

365 754 370 758 ,
459 684 702 749 auxilia
730 706 807 748 ac
837 683 1056 748 socios
1086 684 1215 748 iam
1241 691 1444 772 pacto
1473 683 1748 749 foedere
1777 686 2178 764 habebant,-

459 800 853 865 carminibus
885 821 1033 863 cum
1060 821 1169 863 res
1199 807 1425 885 gestas
1457 822 1738 886 coepere
1766 808 2007 887 poetae

300 934 427 980 1445
458 915 760 981 tradere:
790 936 914 978 nec
943 913 1151 979 multo
1181 915 1348 1000 priu'
1378 923 1538 980 sunt
1567 916 1893 980 elementa
1919 923 2215 1002 reperta.

455 1038 822 1117 propterea
851 1028 1014 1116 quid
1045 1029 1132 1093 sit
1160 1031 1345 1115 prius
1376 1038 1597 1096 actum
1624 1033 1960 1119 respicere
1990 1040 2174 1097 aetas

455 1152 692 1210 nostra
718 1145 953 1231 nequit
970 1194 985 1221 ‚
1008 1145 1134 1208 nisi
1165 1167 1298 1231 qua
1324 1146 1498 1211 ratio
1529 1147 1812 1232 vestigia
1838 1153 2199 1239 monstrat.

536 1261 821 1346 Navigia
850 1269 1053 1346 atque
1084 1261 1225 1346 agri
1257 1260 1553 1326 culturas
1572 1310 1587 1337 ‚
1608 1262 1870 1327 moenia
1888 1312 1903 1340 ‚
1927 1262 2140 1348 legeS,

435 1398 638 1441 arma
657 1427 672 1454 ‚
694 1377 837 1440 vias
857 1425 871 1452 ‚
893 1383 1118 1439 vestes
1137 1425 1153 1452 ,
1177 1383 1243 1439 et
1274 1383 1499 1439 cetera
1528 1375 1613 1440 (le
1641 1399 1885 1462 genere
1913 1378 2152 1442 horum
2171 1427 2187 1454 ,

297 1509 422 1557 1450
451 1493 779 1578 praemia,
805 1491 1074 1554 delicias
1106 1512 1376 1576 quoque
1406 1491 1583 1556 vitae
1613 1492 1913 1557 funditus
1946 1494 2185 1569 omnis,

456 1609 745 1672 carmina
763 1657 778 1685 ,
799 1608 1096 1693 picturas
1117 1654 1131 1681 ‚
1158 1613 1225 1669 et
1256 1605 1540 1670 daedala
1569 1608 1758 1693 signa
1784 1609 2027 1695 polire,

455 1746 616 1788 usus
648 1731 715 1788 et
741 1724 1059 1808 impigrae
1090 1722 1281 1785 simul
1312 1723 1722 1808 experientia
1751 1724 1989 1788 mentis

453 1839 769 1924 paulatim
800 1837 1030 1901 docuit
1058 1836 1491 1924 pedetemtim
1520 1838 2042 1925 progredientis

456 1956 551 2018 sic
578 1977 780 2018 unum
812 1950 1131 2039 quicquid
1160 1953 1478 2039 paulatim
1507 1953 1844 2038 protrahit
1874 1962 2060 2018 aetas

227 2078 235 2087 '
292 2088 419 2134 1455
449 2070 517 2134 in
545 2069 831 2133 medium
860 2069 1170 2153 ratioque
1197 2069 1267 2131 in
1295 2068 1555 2131 luminis
1589 2069 1782 2155 erigit
1810 2091 1997 2133 oras:

450 2207 736 2272 namque
766 2182 899 2249 alid
931 2206 1015 2247 ex
1044 2183 1171 2247 alio
1205 2183 1574 2248 clarescere
1606 2185 2075 2260 conveniebat,

453 2303 706 2368 artibus
736 2298 825 2364 ad
855 2294 1175 2363 summum
1207 2297 1426 2363 donec
1453 2321 1697 2366 venere
1727 2322 2073 2365 cacumen.

460 2590 587 2636 1442
627 2584 768 2637 Tum
806 2584 825 2652 ΙΙ
862 2590 1082 2654 propter
1119 2581 1342 2635 odores.
1398 2581 1418 2651 ΙΙ
1471 2588 1601 2635 1444
1639 2599 1863 2654 caepere
1897 2582 1919 2651 ΙΙ
1958 2589 2088 2636 1449
2128 2590 2181 2635 et
2216 2591 2484 2638 omissum.
2521 2585 2541 2653 ΙΙ
2579 2590 2689 2635 1451

455 2668 651 2738 polito.
691 2667 710 2736 ΙΙ
751 2673 879 2720 1456
918 2666 1082 2721 corde
1118 2665 1395 2720 videbant.
