<?xml version="1.0" encoding="UTF-8"?>
<!DOCTYPE html PUBLIC "-//W3C//DTD XHTML 1.0 Transitional//EN"
    "http://www.w3.org/TR/xhtml1/DTD/xhtml1-transitional.dtd">
<html xmlns="http://www.w3.org/1999/xhtml" xml:lang="en" lang="en">
 <head>
  <title>
</title>
<meta http-equiv="Content-Type" content="text/html;charset=utf-8" />
  <meta name='ocr-system' content='tesseract 3.04.00' />
  <meta name='ocr-capabilities' content='ocr_page ocr_carea ocr_par ocr_line ocrx_word'/>
</head>
<body>
  <div class='ocr_page' id='page_1' title='image "./tlucreticarider02lachgoog_0683.png"; bbox 0 0 2840 5008; ppageno 0'>
   <div class='ocr_carea' id='block_1_1' title="bbox 118 328 2320 2461">
    <p class='ocr_par' dir='ltr' id='par_1_1' title="bbox 1160 328 2311 407">
     <span class='ocr_line' id='line_1_1' title="bbox 1160 328 2311 407; baseline 0.001 -11"><span class='ocrx_word' id='word_1_1' title='bbox 1160 341 1259 407; x_wconf 90' lang='lat' dir='ltr'>VI</span> <span class='ocrx_word' id='word_1_2' title='bbox 2175 328 2311 397; x_wconf 83' lang='lat'>409</span> 
     </span>
    </p>

    <p class='ocr_par' dir='ltr' id='par_1_2' title="bbox 123 493 2317 1383">
     <span class='ocr_line' id='line_1_2' title="bbox 270 493 2315 598; baseline -0.005 -15"><span class='ocrx_word' id='word_1_3' title='bbox 270 520 404 583; x_wconf 82' lang='lat'><strong>986.</strong></span> <span class='ocrx_word' id='word_1_4' title='bbox 451 541 493 581; x_wconf 95' lang='lat' dir='ltr'>A</span> <span class='ocrx_word' id='word_1_5' title='bbox 510 543 548 581; x_wconf 82' lang='lat' dir='ltr'>L</span> <span class='ocrx_word' id='word_1_6' title='bbox 566 542 605 582; x_wconf 96' lang='grc'><strong>0</strong></span> <span class='ocrx_word' id='word_1_7' title='bbox 621 541 660 594; x_wconf 84' lang='lat' dir='ltr'><strong>Q</strong></span> <span class='ocrx_word' id='word_1_8' title='bbox 675 541 719 582; x_wconf 83' lang='lat' dir='ltr'>u</span> <span class='ocrx_word' id='word_1_9' title='bbox 734 541 772 581; x_wconf 80' lang='lat' dir='ltr'><strong>E</strong></span> <span class='ocrx_word' id='word_1_10' title='bbox 819 540 852 581; x_wconf 84' lang='lat' dir='ltr'>s</span> <span class='ocrx_word' id='word_1_11' title='bbox 868 539 907 581; x_wconf 89' lang='lat' dir='ltr'>A</span> <span class='ocrx_word' id='word_1_12' title='bbox 923 540 960 581; x_wconf 82' lang='lat' dir='ltr'>P</span> <span class='ocrx_word' id='word_1_13' title='bbox 980 540 1020 582; x_wconf 96' lang='grc'><strong>0</strong></span> <span class='ocrx_word' id='word_1_14' title='bbox 1037 540 1079 579; x_wconf 80' lang='lat' dir='ltr'>R</span> <span class='ocrx_word' id='word_1_15' title='bbox 1093 538 1129 578; x_wconf 81' lang='lat' dir='ltr'>E</span> <span class='ocrx_word' id='word_1_16' title='bbox 1145 538 1193 578; x_wconf 80' lang='lat' dir='ltr'>M</span> <span class='ocrx_word' id='word_1_17' title='bbox 1218 564 1230 578; x_wconf 91' lang='lat'><strong>.</strong></span> <span class='ocrx_word' id='word_1_18' title='bbox 1265 513 1617 598; x_wconf 82' lang='lat' dir='ltr'>Oblongus</span> <span class='ocrx_word' id='word_1_19' title='bbox 1647 513 1904 597; x_wconf 78' lang='lat' dir='ltr'>aloquae</span> <span class='ocrx_word' id='word_1_20' title='bbox 1921 560 1937 590; x_wconf 85' lang='lat'><strong><em>,</em></strong></span> <span class='ocrx_word' id='word_1_21' title='bbox 1969 493 2315 574; x_wconf 74' lang='lat' dir='ltr'>corrector</span> 
     </span>
     <span class='ocr_line' id='line_1_3' title="bbox 126 609 2316 695; baseline -0.003 -17"><span class='ocrx_word' id='word_1_22' title='bbox 126 616 252 678; x_wconf 90' lang='lat' dir='ltr'>eius</span> <span class='ocrx_word' id='word_1_23' title='bbox 280 624 461 680; x_wconf 87' lang='lat' dir='ltr'>recte</span> <span class='ocrx_word' id='word_1_24' title='bbox 490 638 586 678; x_wconf 86' lang='lat' dir='ltr'>AL</span> <span class='ocrx_word' id='word_1_25' title='bbox 605 639 626 678; x_wconf 89' lang='lat'>1</span> <span class='ocrx_word' id='word_1_26' title='bbox 644 637 683 679; x_wconf 96' lang='grc'><strong>0</strong></span> <span class='ocrx_word' id='word_1_27' title='bbox 702 638 847 690; x_wconf 72' lang='lat' dir='ltr'>Qus</span> <span class='ocrx_word' id='word_1_28' title='bbox 874 663 887 678; x_wconf 89' lang='lat'><strong>.</strong></span> <span class='ocrx_word' id='word_1_29' title='bbox 933 626 1085 677; x_wconf 85' lang='lat' dir='ltr'>nam</span> <span class='ocrx_word' id='word_1_30' title='bbox 1113 611 1281 688; x_wconf 75' lang='lat' dir='ltr'>nihil</span> <span class='ocrx_word' id='word_1_31' title='bbox 1312 633 1484 695; x_wconf 91' lang='lat' dir='ltr'>opus</span> <span class='ocrx_word' id='word_1_32' title='bbox 1517 615 1622 673; x_wconf 88' lang='lat' dir='ltr'>est</span> <span class='ocrx_word' id='word_1_33' title='bbox 1651 630 1799 672; x_wconf 91' lang='lat' dir='ltr'>cum</span> <span class='ocrx_word' id='word_1_34' title='bbox 1831 609 2156 672; x_wconf 88' lang='lat' dir='ltr'>Lambino</span> <span class='ocrx_word' id='word_1_35' title='bbox 2187 610 2316 672; x_wconf 86' lang='lat' dir='ltr'>alia</span> 
     </span>
     <span class='ocr_line' id='line_1_4' title="bbox 125 704 2317 800; baseline -0.003 -24"><span class='ocrx_word' id='word_1_36' title='bbox 125 714 435 778; x_wconf 88' lang='lat' dir='ltr'>scribere:</span> <span class='ocrx_word' id='word_1_37' title='bbox 479 715 760 800; x_wconf 91' lang='lat' dir='ltr'>primum</span> <span class='ocrx_word' id='word_1_38' title='bbox 804 720 1285 776; x_wconf 77' lang='lat' dir='ltr'>enumerantur</span> <span class='ocrx_word' id='word_1_39' title='bbox 1327 731 1499 794; x_wconf 86' lang='lat' dir='ltr'>quae</span> <span class='ocrx_word' id='word_1_40' title='bbox 1531 707 1660 771; x_wconf 85' lang='lat' dir='ltr'>alia</span> <span class='ocrx_word' id='word_1_41' title='bbox 1690 708 1812 770; x_wconf 89' lang='lat' dir='ltr'>alio</span> <span class='ocrx_word' id='word_1_42' title='bbox 1841 714 2200 791; x_wconf 81' lang='lat' dir='ltr'>penetrent</span> <span class='ocrx_word' id='word_1_43' title='bbox 2229 704 2317 770; x_wconf 86' lang='lat' dir='ltr'>ad</span> 
     </span>
     <span class='ocr_line' id='line_1_5' title="bbox 123 805 2317 895; baseline -0.003 -23"><span class='ocrx_word' id='word_1_44' title='bbox 123 812 305 875; x_wconf 80' lang='lat' dir='ltr'>varios</span> <span class='ocrx_word' id='word_1_45' title='bbox 331 836 534 876; x_wconf 76' lang='lat' dir='ltr'>sensus</span> <span class='ocrx_word' id='word_1_46' title='bbox 551 863 565 889; x_wconf 87' lang='lat'>‚</span> <span class='ocrx_word' id='word_1_47' title='bbox 596 820 916 876; x_wconf 87' lang='lat' dir='ltr'>secuntur</span> <span class='ocrx_word' id='word_1_48' title='bbox 939 830 1111 895; x_wconf 86' lang='lat' dir='ltr'>quae</span> <span class='ocrx_word' id='word_1_49' title='bbox 1137 808 1267 871; x_wconf 86' lang='lat' dir='ltr'>alia</span> <span class='ocrx_word' id='word_1_50' title='bbox 1296 806 1542 871; x_wconf 80' lang='lat' dir='ltr'><em>aliunde</em></span> <span class='ocrx_word' id='word_1_51' title='bbox 1562 805 1867 868; x_wconf 84' lang='lat' dir='ltr'>veniant.</span> <span class='ocrx_word' id='word_1_52' title='bbox 1900 805 2070 869; x_wconf 86' lang='lat' dir='ltr'>haec</span> <span class='ocrx_word' id='word_1_53' title='bbox 2095 812 2317 867; x_wconf 87' lang='lat' dir='ltr'>autem</span> 
     </span>
     <span class='ocr_line' id='line_1_6' title="bbox 124 903 2315 994; baseline -0 -24"><span class='ocrx_word' id='word_1_54' title='bbox 124 909 264 990; x_wconf 88' lang='lat' dir='ltr'>quia</span> <span class='ocrx_word' id='word_1_55' title='bbox 292 931 329 972; x_wconf 87' lang='lat' dir='ltr'>a</span> <span class='ocrx_word' id='word_1_56' title='bbox 359 931 431 974; x_wconf 89' lang='lat' dir='ltr'>se</span> <span class='ocrx_word' id='word_1_57' title='bbox 459 911 741 975; x_wconf 90' lang='lat' dir='ltr'>invicem</span> <span class='ocrx_word' id='word_1_58' title='bbox 771 908 1073 994; x_wconf 87' lang='lat' dir='ltr'>separari</span> <span class='ocrx_word' id='word_1_59' title='bbox 1102 928 1239 970; x_wconf 90' lang='lat' dir='ltr'>non</span> <span class='ocrx_word' id='word_1_60' title='bbox 1271 905 1557 979; x_wconf 87' lang='lat' dir='ltr'>debent,</span> <span class='ocrx_word' id='word_1_61' title='bbox 1585 905 1643 967; x_wconf 90' lang='lat' dir='ltr'>is</span> <span class='ocrx_word' id='word_1_62' title='bbox 1674 903 1844 967; x_wconf 91' lang='lat' dir='ltr'>ordo</span> <span class='ocrx_word' id='word_1_63' title='bbox 1869 925 2181 969; x_wconf 85' lang='lat' dir='ltr'>versuum</span> <span class='ocrx_word' id='word_1_64' title='bbox 2202 927 2315 969; x_wconf 89' lang='lat' dir='ltr'>ve-</span> 
     </span>
     <span class='ocr_line' id='line_1_7' title="bbox 124 1003 2316 1092; baseline 0.001 -27"><span class='ocrx_word' id='word_1_65' title='bbox 124 1026 223 1067; x_wconf 88' lang='lat' dir='ltr'>rus</span> <span class='ocrx_word' id='word_1_66' title='bbox 252 1014 353 1070; x_wconf 91' lang='lat' dir='ltr'>est</span> <span class='ocrx_word' id='word_1_67' title='bbox 384 1029 578 1092; x_wconf 90' lang='lat' dir='ltr'>quem</span> <span class='ocrx_word' id='word_1_68' title='bbox 598 1006 1060 1071; x_wconf 86' lang='lat' dir='ltr'>Wakefieldus</span> <span class='ocrx_word' id='word_1_69' title='bbox 1090 1005 1282 1069; x_wconf 86' lang='lat' dir='ltr'>fecit:</span> <span class='ocrx_word' id='word_1_70' title='bbox 1313 1024 1441 1067; x_wconf 88' lang='lat' dir='ltr'>nec</span> <span class='ocrx_word' id='word_1_71' title='bbox 1460 1003 1588 1066; x_wconf 89' lang='lat' dir='ltr'>nisi</span> <span class='ocrx_word' id='word_1_72' title='bbox 1611 1003 1964 1086; x_wconf 86' lang='lat' dir='ltr'>speciebus</span> <span class='ocrx_word' id='word_1_73' title='bbox 1989 1004 2316 1070; x_wconf 83' lang='lat' dir='ltr'>absolutis</span> 
     </span>
     <span class='ocr_line' id='line_1_8' title="bbox 125 1098 2316 1190; baseline 0.001 -28"><span class='ocrx_word' id='word_1_74' title='bbox 125 1101 202 1163; x_wconf 85' lang='lat' dir='ltr'>ad</span> <span class='ocrx_word' id='word_1_75' title='bbox 234 1124 496 1168; x_wconf 87' lang='lat' dir='ltr'>causam</span> <span class='ocrx_word' id='word_1_76' title='bbox 525 1107 620 1169; x_wconf 89' lang='lat' dir='ltr'>ita</span> <span class='ocrx_word' id='word_1_77' title='bbox 648 1105 857 1170; x_wconf 79' lang='lat' dir='ltr'>rediri</span> <span class='ocrx_word' id='word_1_78' title='bbox 881 1112 1113 1190; x_wconf 89' lang='lat' dir='ltr'>potest</span> <span class='ocrx_word' id='word_1_79' title='bbox 1140 1110 1215 1166; x_wconf 89' lang='lat' dir='ltr'>ut</span> <span class='ocrx_word' id='word_1_80' title='bbox 1237 1107 1444 1186; x_wconf 59' lang='lat' dir='ltr'>pocta</span> <span class='ocrx_word' id='word_1_81' title='bbox 1473 1122 1546 1164; x_wconf 91' lang='grc'>88</span> <span class='ocrx_word' id='word_1_82' title='bbox 1579 1122 1722 1164; x_wconf 88' lang='grc'><strong>88111</strong></span> <span class='ocrx_word' id='word_1_83' title='bbox 1745 1102 1934 1186; x_wconf 83' lang='lat' dir='ltr'>paulo</span> <span class='ocrx_word' id='word_1_84' title='bbox 1964 1098 2102 1167; x_wconf 76' lang='lat' dir='ltr'>ante</span> <span class='ocrx_word' id='word_1_85' title='bbox 2129 1114 2316 1166; x_wconf 75' lang='lat' dir='ltr'>osten-</span> 
     </span>
     <span class='ocr_line' id='line_1_9' title="bbox 123 1198 2315 1289; baseline 0.001 -29"><span class='ocrx_word' id='word_1_86' title='bbox 123 1199 260 1263; x_wconf 73' lang='lat' dir='ltr'>disse</span> <span class='ocrx_word' id='word_1_87' title='bbox 283 1201 494 1278; x_wconf 83' lang='lat' dir='ltr'>dicat,</span> <span class='ocrx_word' id='word_1_88' title='bbox 525 1204 711 1289; x_wconf 87' lang='lat' dir='ltr'>quod</span> <span class='ocrx_word' id='word_1_89' title='bbox 741 1202 999 1267; x_wconf 86' lang='lat' dir='ltr'>fecerat</span> <span class='ocrx_word' id='word_1_90' title='bbox 1026 1223 1229 1267; x_wconf 87' lang='lat' dir='ltr'>versu</span> <span class='ocrx_word' id='word_1_91' title='bbox 1251 1201 1368 1264; x_wconf 87' lang='grc'>981</span> <span class='ocrx_word' id='word_1_92' title='bbox 1398 1206 1468 1263; x_wconf 90' lang='lat' dir='ltr'>et</span> <span class='ocrx_word' id='word_1_93' title='bbox 1491 1198 1758 1263; x_wconf 91' lang='lat' dir='ltr'>duobus</span> <span class='ocrx_word' id='word_1_94' title='bbox 1781 1200 2102 1284; x_wconf 84' lang='lat' dir='ltr'>proximis</span> <span class='ocrx_word' id='word_1_95' title='bbox 2122 1249 2135 1262; x_wconf 95' lang='lat'><strong>.</strong></span> <span class='ocrx_word' id='word_1_96' title='bbox 2166 1222 2315 1263; x_wconf 89' lang='lat' dir='ltr'>ver-</span> 
     </span>
     <span class='ocr_line' id='line_1_10' title="bbox 123 1290 1569 1383; baseline 0.001 -26"><span class='ocrx_word' id='word_1_97' title='bbox 123 1316 252 1359; x_wconf 88' lang='lat' dir='ltr'>sum</span> <span class='ocrx_word' id='word_1_98' title='bbox 278 1299 399 1363; x_wconf 85' lang='lat'>990</span> <span class='ocrx_word' id='word_1_99' title='bbox 429 1302 643 1365; x_wconf 85' lang='lat' dir='ltr'>solum</span> <span class='ocrx_word' id='word_1_100' title='bbox 673 1301 898 1365; x_wconf 82' lang='lat' dir='ltr'>adfert</span> <span class='ocrx_word' id='word_1_101' title='bbox 928 1290 1278 1383; x_wconf 88' lang='lat' dir='ltr'>Noniusp.</span> <span class='ocrx_word' id='word_1_102' title='bbox 1297 1297 1439 1373; x_wconf 87' lang='lat'>227,</span> <span class='ocrx_word' id='word_1_103' title='bbox 1456 1297 1569 1360; x_wconf 86' lang='lat'>26.</span> 
     </span>
    </p>

    <p class='ocr_par' dir='ltr' id='par_1_3' title="bbox 124 1395 2317 1581">
     <span class='ocr_line' id='line_1_11' title="bbox 269 1395 2317 1463; baseline 0 -5"><span class='ocrx_word' id='word_1_104' title='bbox 269 1396 405 1460; x_wconf 88' lang='grc'><strong>991.</strong></span> <span class='ocrx_word' id='word_1_105' title='bbox 438 1399 869 1463; x_wconf 73' lang='lat' dir='ltr'>PRAETERE</span> <span class='ocrx_word' id='word_1_106' title='bbox 915 1420 1268 1462; x_wconf 79' lang='lat' dir='ltr'>MANERE.</span> <span class='ocrx_word' id='word_1_107' title='bbox 1299 1395 1737 1460; x_wconf 89' lang='lat' dir='ltr'>Correctores</span> <span class='ocrx_word' id='word_1_108' title='bbox 1765 1401 2032 1459; x_wconf 86' lang='lat' dir='ltr'>veteres</span> <span class='ocrx_word' id='word_1_109' title='bbox 2055 1396 2271 1458; x_wconf 78' lang='lat' dir='ltr'>PRAE</span> <span class='ocrx_word' id='word_1_110' title='bbox 2290 1432 2317 1444; x_wconf 87' lang='lat'><strong>·</strong></span> 
     </span>
     <span class='ocr_line' id='line_1_12' title="bbox 124 1496 1422 1581; baseline 0.004 -30"><span class='ocrx_word' id='word_1_111' title='bbox 124 1513 363 1557; x_wconf 65' lang='lat' dir='ltr'>ram-:A</span> <span class='ocrx_word' id='word_1_112' title='bbox 386 1544 401 1559; x_wconf 89' lang='lat'><strong>.</strong></span> <span class='ocrx_word' id='word_1_113' title='bbox 431 1497 584 1561; x_wconf 88' lang='lat' dir='ltr'>Itali</span> <span class='ocrx_word' id='word_1_114' title='bbox 612 1504 682 1559; x_wconf 89' lang='lat' dir='ltr'>et</span> <span class='ocrx_word' id='word_1_115' title='bbox 709 1496 1017 1581; x_wconf 84' lang='lat' dir='ltr'>impressi</span> <span class='ocrx_word' id='word_1_116' title='bbox 1047 1516 1380 1558; x_wconf 77' lang='lat' dir='ltr'>MANARE</span> <span class='ocrx_word' id='word_1_117' title='bbox 1408 1542 1422 1556; x_wconf 90' lang='lat'><strong>.</strong></span> 
     </span>
    </p>

    <p class='ocr_par' dir='ltr' id='par_1_4' title="bbox 121 1590 2318 1972">
     <span class='ocr_line' id='line_1_13' title="bbox 273 1590 2317 1676; baseline 0.001 -23"><span class='ocrx_word' id='word_1_118' title='bbox 273 1592 410 1655; x_wconf 84' lang='lat'><strong>992.</strong></span> <span class='ocrx_word' id='word_1_119' title='bbox 436 1595 494 1657; x_wconf 90' lang='lat' dir='ltr'>A</span> <span class='ocrx_word' id='word_1_120' title='bbox 509 1618 548 1657; x_wconf 78' lang='grc' dir='ltr'>Τ</span> <span class='ocrx_word' id='word_1_121' title='bbox 563 1617 602 1670; x_wconf 86' lang='lat' dir='ltr'><strong>Q</strong></span> <span class='ocrx_word' id='word_1_122' title='bbox 617 1617 658 1657; x_wconf 86' lang='lat' dir='ltr'>U</span> <span class='ocrx_word' id='word_1_123' title='bbox 673 1617 710 1656; x_wconf 81' lang='lat' dir='ltr'>E</span> <span class='ocrx_word' id='word_1_124' title='bbox 757 1616 800 1657; x_wconf 93' lang='lat' dir='ltr'>A</span> <span class='ocrx_word' id='word_1_125' title='bbox 813 1617 850 1656; x_wconf 84' lang='lat' dir='ltr'>L</span> <span class='ocrx_word' id='word_1_126' title='bbox 865 1618 889 1657; x_wconf 93' lang='lat'>1</span> <span class='ocrx_word' id='word_1_127' title='bbox 907 1616 947 1657; x_wconf 85' lang='lat' dir='ltr'>u</span> <span class='ocrx_word' id='word_1_128' title='bbox 960 1617 1002 1656; x_wconf 90' lang='lat' dir='ltr'>D</span> <span class='ocrx_word' id='word_1_129' title='bbox 1050 1616 1072 1655; x_wconf 90' lang='lat'>1</span> <span class='ocrx_word' id='word_1_130' title='bbox 1089 1615 1130 1656; x_wconf 81' lang='grc'><strong>0</strong></span> <span class='ocrx_word' id='word_1_131' title='bbox 1144 1616 1189 1655; x_wconf 77' lang='lat' dir='ltr'>N</span> <span class='ocrx_word' id='word_1_132' title='bbox 1202 1616 1225 1655; x_wconf 91' lang='lat'>1</span> <span class='ocrx_word' id='word_1_133' title='bbox 1241 1614 1274 1655; x_wconf 94' lang='lat' dir='ltr'>s</span> <span class='ocrx_word' id='word_1_134' title='bbox 1289 1639 1303 1654; x_wconf 91' lang='lat'><strong>.</strong></span> <span class='ocrx_word' id='word_1_135' title='bbox 1335 1592 1668 1676; x_wconf 84' lang='lat' dir='ltr'>Antonius</span> <span class='ocrx_word' id='word_1_136' title='bbox 1685 1590 1885 1655; x_wconf 86' lang='lat' dir='ltr'>Marii</span> <span class='ocrx_word' id='word_1_137' title='bbox 1906 1599 1975 1655; x_wconf 92' lang='lat' dir='ltr'>et</span> <span class='ocrx_word' id='word_1_138' title='bbox 1991 1591 2317 1656; x_wconf 85' lang='lat' dir='ltr'>Marullus</span> 
     </span>
     <span class='ocr_line' id='line_1_14' title="bbox 121 1686 2318 1778; baseline 0.002 -30"><span class='ocrx_word' id='word_1_139' title='bbox 121 1686 281 1768; x_wconf 72' lang='lat' dir='ltr'>liquis</span> <span class='ocrx_word' id='word_1_140' title='bbox 301 1738 317 1768; x_wconf 85' lang='lat'><strong><em>,</em></strong></span> <span class='ocrx_word' id='word_1_141' title='bbox 359 1691 726 1756; x_wconf 86' lang='lat' dir='ltr'>Lambinus</span> <span class='ocrx_word' id='word_1_142' title='bbox 758 1715 880 1777; x_wconf 80' lang='lat' dir='ltr'>per</span> <span class='ocrx_word' id='word_1_143' title='bbox 908 1694 1079 1778; x_wconf 72' lang='lat' dir='ltr'>liqna</span> <span class='ocrx_word' id='word_1_144' title='bbox 1102 1740 1115 1755; x_wconf 85' lang='lat'><strong>.</strong></span> <span class='ocrx_word' id='word_1_145' title='bbox 1158 1712 1390 1754; x_wconf 86' lang='lat' dir='ltr'>verum</span> <span class='ocrx_word' id='word_1_146' title='bbox 1437 1697 1541 1753; x_wconf 90' lang='lat' dir='ltr'>est</span> <span class='ocrx_word' id='word_1_147' title='bbox 1585 1688 1773 1774; x_wconf 90' lang='lat' dir='ltr'>quod</span> <span class='ocrx_word' id='word_1_148' title='bbox 1808 1688 2318 1774; x_wconf 85' lang='lat' dir='ltr'>Havercampus</span> 
     </span>
     <span class='ocr_line' id='line_1_15' title="bbox 124 1787 2317 1873; baseline 0.005 -31"><span class='ocrx_word' id='word_1_149' title='bbox 124 1789 352 1850; x_wconf 89' lang='lat' dir='ltr'>temere</span> <span class='ocrx_word' id='word_1_150' title='bbox 376 1788 733 1854; x_wconf 86' lang='lat' dir='ltr'>Vossianis</span> <span class='ocrx_word' id='word_1_151' title='bbox 778 1790 1107 1855; x_wconf 80' lang='lat' dir='ltr'>adscribit</span> <span class='ocrx_word' id='word_1_152' title='bbox 1130 1839 1143 1864; x_wconf 91' lang='lat'>‚</span> <span class='ocrx_word' id='word_1_153' title='bbox 1188 1810 1415 1853; x_wconf 75' lang='lat' dir='ltr'>mom</span> <span class='ocrx_word' id='word_1_154' title='bbox 1435 1811 1467 1852; x_wconf 92' lang='lat' dir='ltr'>s</span> <span class='ocrx_word' id='word_1_155' title='bbox 1491 1836 1507 1863; x_wconf 88' lang='lat'><strong>‚</strong></span> <span class='ocrx_word' id='word_1_156' title='bbox 1553 1787 1637 1851; x_wconf 90' lang='lat' dir='ltr'>de</span> <span class='ocrx_word' id='word_1_157' title='bbox 1682 1788 1903 1851; x_wconf 89' lang='lat' dir='ltr'>resina</span> <span class='ocrx_word' id='word_1_158' title='bbox 1945 1787 2140 1873; x_wconf 84' lang='lat' dir='ltr'>lignis</span> <span class='ocrx_word' id='word_1_159' title='bbox 2182 1810 2317 1852; x_wconf 89' lang='lat' dir='ltr'>ma-</span> 
     </span>
     <span class='ocr_line' id='line_1_16' title="bbox 121 1888 833 1972; baseline 0.017 -33"><span class='ocrx_word' id='word_1_160' title='bbox 121 1889 304 1946; x_wconf 87' lang='lat' dir='ltr'>nante</span> <span class='ocrx_word' id='word_1_161' title='bbox 336 1888 833 1972; x_wconf 82' lang='lat' dir='ltr'>accipiendum.</span> 
     </span>
    </p>

    <p class='ocr_par' dir='ltr' id='par_1_5' title="bbox 264 1982 1938 2062">
     <span class='ocr_line' id='line_1_17' title="bbox 264 1982 1938 2062; baseline 0.001 -18"><span class='ocrx_word' id='word_1_162' title='bbox 264 1982 398 2049; x_wconf 88' lang='grc'><strong>997.</strong></span> <span class='ocrx_word' id='word_1_163' title='bbox 429 2009 789 2051; x_wconf 75' lang='lat' dir='ltr'>vAn1ANs</span> <span class='ocrx_word' id='word_1_164' title='bbox 813 2034 829 2062; x_wconf 87' lang='lat'>‚</span> <span class='ocrx_word' id='word_1_165' title='bbox 888 1986 1027 2050; x_wconf 84' lang='lat'><strong>989.</strong></span> <span class='ocrx_word' id='word_1_166' title='bbox 1059 2007 1429 2049; x_wconf 80' lang='lat' dir='ltr'>VARIANT</span> <span class='ocrx_word' id='word_1_167' title='bbox 1455 2032 1468 2045; x_wconf 95' lang='lat'><strong>.</strong></span> <span class='ocrx_word' id='word_1_168' title='bbox 1501 1984 1605 2046; x_wconf 87' lang='lat' dir='ltr'>Ita</span> <span class='ocrx_word' id='word_1_169' title='bbox 1635 1982 1938 2048; x_wconf 88' lang='lat' dir='ltr'>codices.</span> 
     </span>
    </p>

    <p class='ocr_par' dir='ltr' id='par_1_6' title="bbox 254 2081 2094 2166">
     <span class='ocr_line' id='line_1_18' title="bbox 254 2081 2094 2166; baseline 0.002 -24"><span class='ocrx_word' id='word_1_170' title='bbox 254 2081 444 2148; x_wconf 91' lang='grc'><strong>1000.</strong></span> <span class='ocrx_word' id='word_1_171' title='bbox 477 2108 572 2149; x_wconf 76' lang='grc' dir='ltr'>ΕΤ</span> <span class='ocrx_word' id='word_1_172' title='bbox 617 2107 825 2148; x_wconf 70' lang='lat' dir='ltr'>oum-3</span> <span class='ocrx_word' id='word_1_173' title='bbox 844 2106 876 2147; x_wconf 91' lang='grc'>8</span> <span class='ocrx_word' id='word_1_174' title='bbox 901 2132 914 2148; x_wconf 98' lang='grc'><strong>.</strong></span> <span class='ocrx_word' id='word_1_175' title='bbox 963 2084 1355 2147; x_wconf 88' lang='lat' dir='ltr'>Correctum</span> <span class='ocrx_word' id='word_1_176' title='bbox 1385 2083 1456 2144; x_wconf 91' lang='lat' dir='ltr'>in</span> <span class='ocrx_word' id='word_1_177' title='bbox 1486 2081 1779 2166; x_wconf 83' lang='lat' dir='ltr'>oblongo</span> <span class='ocrx_word' id='word_1_178' title='bbox 1814 2102 2056 2149; x_wconf 70' lang='lat' dir='ltr'>omnis</span> <span class='ocrx_word' id='word_1_179' title='bbox 2081 2130 2094 2146; x_wconf 90' lang='lat'><strong>.</strong></span> 
     </span>
    </p>

    <p class='ocr_par' dir='ltr' id='par_1_7' title="bbox 118 2179 2320 2461">
     <span class='ocr_line' id='line_1_19' title="bbox 274 2179 2319 2265; baseline 0.002 -25"><span class='ocrx_word' id='word_1_180' title='bbox 274 2179 446 2247; x_wconf 91' lang='grc'><strong>1001.</strong></span> <span class='ocrx_word' id='word_1_181' title='bbox 477 2208 517 2246; x_wconf 88' lang='lat' dir='ltr'>P</span> <span class='ocrx_word' id='word_1_182' title='bbox 532 2207 569 2246; x_wconf 86' lang='lat' dir='ltr'><strong>E</strong></span> <span class='ocrx_word' id='word_1_183' title='bbox 587 2207 624 2246; x_wconf 84' lang='lat' dir='ltr'>L</span> <span class='ocrx_word' id='word_1_184' title='bbox 639 2206 661 2245; x_wconf 94' lang='lat'>1</span> <span class='ocrx_word' id='word_1_185' title='bbox 678 2205 713 2246; x_wconf 88' lang='lat' dir='ltr'>c</span> <span class='ocrx_word' id='word_1_186' title='bbox 733 2206 755 2245; x_wconf 94' lang='lat'>1</span> <span class='ocrx_word' id='word_1_187' title='bbox 775 2204 818 2245; x_wconf 93' lang='lat' dir='ltr'>A</span> <span class='ocrx_word' id='word_1_188' title='bbox 835 2207 875 2245; x_wconf 70' lang='lat' dir='ltr'>&#39;r</span> <span class='ocrx_word' id='word_1_189' title='bbox 920 2205 962 2244; x_wconf 82' lang='lat' dir='ltr'>u</span> <span class='ocrx_word' id='word_1_190' title='bbox 976 2205 1021 2244; x_wconf 78' lang='lat' dir='ltr'>M</span> <span class='ocrx_word' id='word_1_191' title='bbox 1042 2230 1055 2244; x_wconf 91' lang='lat'><strong>.</strong></span> <span class='ocrx_word' id='word_1_192' title='bbox 1090 2181 1441 2265; x_wconf 85' lang='lat' dir='ltr'>Oblongus</span> <span class='ocrx_word' id='word_1_193' title='bbox 1456 2181 1859 2264; x_wconf 78' lang='lat' dir='ltr'>perliceatum</span> <span class='ocrx_word' id='word_1_194' title='bbox 1877 2228 1890 2241; x_wconf 91' lang='lat'><strong>.</strong></span> <span class='ocrx_word' id='word_1_195' title='bbox 1922 2179 2119 2243; x_wconf 89' lang='lat' dir='ltr'>Marii</span> <span class='ocrx_word' id='word_1_196' title='bbox 2150 2179 2319 2245; x_wconf 91' lang='lat' dir='ltr'>filius</span> 
     </span>
     <span class='ocr_line' id='line_1_20' title="bbox 121 2272 2319 2360; baseline 0.002 -23"><span class='ocrx_word' id='word_1_197' title='bbox 121 2276 180 2332; x_wconf 78' lang='lat' dir='ltr'>et</span> <span class='ocrx_word' id='word_1_198' title='bbox 205 2272 528 2346; x_wconf 85' lang='lat' dir='ltr'>Marullus</span> <span class='ocrx_word' id='word_1_199' title='bbox 576 2304 613 2344; x_wconf 83' lang='lat' dir='ltr'>P</span> <span class='ocrx_word' id='word_1_200' title='bbox 631 2304 667 2343; x_wconf 80' lang='lat' dir='ltr'><strong>E</strong></span> <span class='ocrx_word' id='word_1_201' title='bbox 685 2304 814 2343; x_wconf 85' lang='lat' dir='ltr'>LLI</span> <span class='ocrx_word' id='word_1_202' title='bbox 831 2302 865 2343; x_wconf 89' lang='lat' dir='ltr'>c</span> <span class='ocrx_word' id='word_1_203' title='bbox 881 2301 1013 2343; x_wconf 76' lang='lat' dir='ltr'>1Ar</span> <span class='ocrx_word' id='word_1_204' title='bbox 1057 2302 1138 2343; x_wconf 85' lang='lat' dir='ltr'>VI</span> <span class='ocrx_word' id='word_1_205' title='bbox 1155 2302 1201 2341; x_wconf 84' lang='lat' dir='ltr'>M</span> <span class='ocrx_word' id='word_1_206' title='bbox 1225 2325 1241 2353; x_wconf 93' lang='lat'>‚</span> <span class='ocrx_word' id='word_1_207' title='bbox 1285 2287 1509 2341; x_wconf 86' lang='lat' dir='ltr'>recte:</span> <span class='ocrx_word' id='word_1_208' title='bbox 1553 2297 1689 2340; x_wconf 91' lang='lat' dir='ltr'>non</span> <span class='ocrx_word' id='word_1_209' title='bbox 1732 2277 1957 2360; x_wconf 89' lang='lat' dir='ltr'>potuit</span> <span class='ocrx_word' id='word_1_210' title='bbox 1987 2277 2179 2341; x_wconf 88' lang='lat' dir='ltr'>aliter</span> <span class='ocrx_word' id='word_1_211' title='bbox 2206 2277 2319 2341; x_wconf 91' lang='lat' dir='ltr'>hic</span> 
     </span>
     <span class='ocr_line' id='line_1_21' title="bbox 118 2371 2320 2461; baseline 0.005 -31"><span class='ocrx_word' id='word_1_212' title='bbox 118 2371 394 2441; x_wconf 83' lang='lat' dir='ltr'>scribere</span> <span class='ocrx_word' id='word_1_213' title='bbox 422 2378 784 2443; x_wconf 90' lang='lat' dir='ltr'>Lucretius</span> <span class='ocrx_word' id='word_1_214' title='bbox 817 2397 1015 2461; x_wconf 87' lang='lat' dir='ltr'>quam</span> <span class='ocrx_word' id='word_1_215' title='bbox 1059 2376 1328 2460; x_wconf 80' lang='lat' dir='ltr'>scripsit</span> <span class='ocrx_word' id='word_1_216' title='bbox 1367 2376 1437 2438; x_wconf 88' lang='lat' dir='ltr'>in</span> <span class='ocrx_word' id='word_1_217' title='bbox 1466 2398 1526 2448; x_wconf 88' lang='lat' dir='ltr'>v,</span> <span class='ocrx_word' id='word_1_218' title='bbox 1553 2375 1709 2439; x_wconf 82' lang='grc'><strong>1005</strong></span> <span class='ocrx_word' id='word_1_219' title='bbox 1742 2375 2012 2439; x_wconf 82' lang='lat' dir='ltr'>Subdola</span> <span class='ocrx_word' id='word_1_220' title='bbox 2029 2377 2320 2459; x_wconf 76' lang='lat' dir='ltr'>pellicere</span> 
     </span>
    </p>
   </div>
   <div class='ocr_carea' id='block_1_2' title="bbox 117 2464 2319 2658">
    <p class='ocr_par' dir='ltr' id='par_1_8' title="bbox 117 2464 2319 2658">
     <span class='ocr_line' id='line_1_22' title="bbox 117 2464 2319 2561; baseline 0.007 -37"><span class='ocrx_word' id='word_1_221' title='bbox 117 2464 175 2527; x_wconf 77' lang='lat' dir='ltr'>in</span> <span class='ocrx_word' id='word_1_222' title='bbox 183 2469 478 2553; x_wconf 82' lang='lat' dir='ltr'>fraudem</span> <span class='ocrx_word' id='word_1_223' title='bbox 500 2526 514 2540; x_wconf 92' lang='lat'><strong><em>.</em></strong></span> <span class='ocrx_word' id='word_1_224' title='bbox 561 2476 796 2541; x_wconf 82' lang='lat' dir='ltr'>Lucilii</span> <span class='ocrx_word' id='word_1_225' title='bbox 826 2497 1064 2541; x_wconf 89' lang='lat' dir='ltr'>versus</span> <span class='ocrx_word' id='word_1_226' title='bbox 1095 2497 1136 2540; x_wconf 87' lang='lat' dir='ltr'>a</span> <span class='ocrx_word' id='word_1_227' title='bbox 1167 2474 1362 2540; x_wconf 92' lang='lat' dir='ltr'>Velio</span> <span class='ocrx_word' id='word_1_228' title='bbox 1394 2474 1630 2561; x_wconf 88' lang='lat' dir='ltr'>Longo</span> <span class='ocrx_word' id='word_1_229' title='bbox 1660 2495 1724 2558; x_wconf 91' lang='lat' dir='ltr'>p.</span> <span class='ocrx_word' id='word_1_230' title='bbox 1746 2472 1909 2538; x_wconf 85' lang='lat'>2227</span> <span class='ocrx_word' id='word_1_231' title='bbox 1939 2473 2193 2539; x_wconf 84' lang='lat' dir='ltr'>relatus</span> <span class='ocrx_word' id='word_1_232' title='bbox 2224 2476 2319 2539; x_wconf 83' lang='lat' dir='ltr'>vi-</span> 
     </span>
     <span class='ocr_line' id='line_1_23' title="bbox 119 2560 2318 2658; baseline 0.005 -31"><span class='ocrx_word' id='word_1_233' title='bbox 119 2560 300 2633; x_wconf 88' lang='lat' dir='ltr'>detur</span> <span class='ocrx_word' id='word_1_234' title='bbox 327 2574 395 2637; x_wconf 89' lang='lat' dir='ltr'>in</span> <span class='ocrx_word' id='word_1_235' title='bbox 427 2576 611 2640; x_wconf 87' lang='lat' dir='ltr'>hunc</span> <span class='ocrx_word' id='word_1_236' title='bbox 640 2574 912 2637; x_wconf 91' lang='lat' dir='ltr'>modum</span> <span class='ocrx_word' id='word_1_237' title='bbox 944 2574 1287 2638; x_wconf 85' lang='lat' dir='ltr'>emendari</span> <span class='ocrx_word' id='word_1_238' title='bbox 1316 2594 1520 2658; x_wconf 89' lang='lat' dir='ltr'>posse</span> <span class='ocrx_word' id='word_1_239' title='bbox 1539 2620 1553 2646; x_wconf 92' lang='lat'>‚</span> <span class='ocrx_word' id='word_1_240' title='bbox 1583 2575 1649 2636; x_wconf 78' lang='lat' dir='ltr'>in</span> <span class='ocrx_word' id='word_1_241' title='bbox 1663 2575 2019 2657; x_wconf 79' lang='lat' dir='ltr'>praeposito</span> <span class='ocrx_word' id='word_1_242' title='bbox 2039 2596 2159 2658; x_wconf 82' lang='lat' dir='ltr'>per</span> <span class='ocrx_word' id='word_1_243' title='bbox 2180 2574 2318 2638; x_wconf 89' lang='lat' dir='ltr'>Pel-</span> 
     </span>
    </p>
   </div>
   <div class='ocr_carea' id='block_1_3' title="bbox 120 2661 2481 2757">
    <p class='ocr_par' dir='ltr' id='par_1_9' title="bbox 120 2661 2481 2757">
     <span class='ocr_line' id='line_1_24' title="bbox 120 2661 2481 2757; baseline 0.006 -32"><span class='ocrx_word' id='word_1_244' title='bbox 120 2661 356 2735; x_wconf 68' lang='lat' dir='ltr'>liniendo</span> <span class='ocrx_word' id='word_1_245' title='bbox 378 2723 395 2752; x_wconf 86' lang='lat'>,</span> <span class='ocrx_word' id='word_1_246' title='bbox 439 2676 555 2738; x_wconf 79' lang='lat' dir='ltr'>hoc</span> <span class='ocrx_word' id='word_1_247' title='bbox 598 2684 683 2737; x_wconf 80' lang='lat' dir='ltr'>est</span> <span class='ocrx_word' id='word_1_248' title='bbox 721 2674 1059 2737; x_wconf 76' lang='lat' dir='ltr'>inducendo</span> <span class='ocrx_word' id='word_1_249' title='bbox 1080 2721 1097 2751; x_wconf 86' lang='lat'><strong><em>,</em></strong></span> <span class='ocrx_word' id='word_1_250' title='bbox 1135 2673 1440 2757; x_wconf 62' lang='lat' dir='ltr'>geminato</span> <span class='ocrx_word' id='word_1_251' title='bbox 1486 2672 1521 2734; x_wconf 88' lang='lat' dir='ltr'>l.</span> <span class='ocrx_word' id='word_1_252' title='bbox 1550 2670 1623 2735; x_wconf 87' lang='lat' dir='ltr'>id</span> <span class='ocrx_word' id='word_1_253' title='bbox 1654 2679 1794 2746; x_wconf 90' lang='lat' dir='ltr'>est,</span> <span class='ocrx_word' id='word_1_254' title='bbox 1837 2671 1905 2733; x_wconf 90' lang='lat' dir='ltr'>in</span> <span class='ocrx_word' id='word_1_255' title='bbox 1924 2672 2322 2756; x_wconf 75' lang='lat' dir='ltr'>pelliciendO,</span> <span class='ocrx_word' id='word_1_256' title='bbox 2411 2709 2416 2715; x_wconf 92' lang='lat'><em>·</em></span> <span class='ocrx_word' id='word_1_257' title='bbox 2461 2696 2481 2711; x_wconf 87' lang='lat'><strong>·</strong></span> 
     </span>
    </p>
   </div>
   <div class='ocr_carea' id='block_1_4' title="bbox 105 2766 2331 4423">
    <p class='ocr_par' dir='ltr' id='par_1_10' title="bbox 105 2766 2323 3247">
     <span class='ocr_line' id='line_1_25' title="bbox 118 2766 2323 2858; baseline -0.004 -16"><span class='ocrx_word' id='word_1_258' title='bbox 118 2766 289 2842; x_wconf 79' lang='lat' dir='ltr'>quod</span> <span class='ocrx_word' id='word_1_259' title='bbox 330 2771 405 2844; x_wconf 85' lang='lat' dir='ltr'>fit</span> <span class='ocrx_word' id='word_1_260' title='bbox 438 2796 560 2858; x_wconf 80' lang='lat' dir='ltr'>per</span> <span class='ocrx_word' id='word_1_261' title='bbox 602 2772 995 2856; x_wconf 87' lang='lat' dir='ltr'>praeposito</span> <span class='ocrx_word' id='word_1_262' title='bbox 1026 2820 1041 2846; x_wconf 92' lang='lat'>‚</span> <span class='ocrx_word' id='word_1_263' title='bbox 1086 2773 1110 2834; x_wconf 94' lang='lat' dir='ltr'>l</span> <span class='ocrx_word' id='word_1_264' title='bbox 1150 2771 1439 2834; x_wconf 77' lang='lat' dir='ltr'>litteram</span> <span class='ocrx_word' id='word_1_265' title='bbox 1482 2769 1818 2855; x_wconf 85' lang='lat' dir='ltr'>geminare</span> <span class='ocrx_word' id='word_1_266' title='bbox 1864 2768 2072 2833; x_wconf 89' lang='lat' dir='ltr'>debes</span> <span class='ocrx_word' id='word_1_267' title='bbox 2103 2819 2117 2832; x_wconf 90' lang='lat'><strong>.</strong></span> <span class='ocrx_word' id='word_1_268' title='bbox 2161 2770 2323 2833; x_wconf 90' lang='lat' dir='ltr'>Put-</span> 
     </span>
     <span class='ocr_line' id='line_1_26' title="bbox 118 2854 2321 2953; baseline 0.001 -25"><span class='ocrx_word' id='word_1_269' title='bbox 118 2859 329 2930; x_wconf 77' lang='lat' dir='ltr'>Schius</span> <span class='ocrx_word' id='word_1_270' title='bbox 358 2871 535 2934; x_wconf 87' lang='lat' dir='ltr'>haec</span> <span class='ocrx_word' id='word_1_271' title='bbox 567 2869 758 2933; x_wconf 85' lang='lat' dir='ltr'>dedit</span> <span class='ocrx_word' id='word_1_272' title='bbox 780 2918 795 2944; x_wconf 90' lang='lat'>‚</span> <span class='ocrx_word' id='word_1_273' title='bbox 843 2854 1182 2934; x_wconf 53' lang='lat' dir='ltr'>Nec&#39;aliler</span> <span class='ocrx_word' id='word_1_274' title='bbox 1211 2870 1381 2953; x_wconf 83' lang='lat' dir='ltr'>apud</span> <span class='ocrx_word' id='word_1_275' title='bbox 1405 2867 1722 2932; x_wconf 79' lang='lat' dir='ltr'>Lucilium</span> <span class='ocrx_word' id='word_1_276' title='bbox 1751 2868 1969 2953; x_wconf 62' lang='lat' dir='ltr'>legitur</span> <span class='ocrx_word' id='word_1_277' title='bbox 1993 2915 2007 2930; x_wconf 92' lang='lat'><strong>.</strong></span> <span class='ocrx_word' id='word_1_278' title='bbox 2048 2868 2114 2930; x_wconf 82' lang='lat' dir='ltr'>in</span> <span class='ocrx_word' id='word_1_279' title='bbox 2132 2891 2321 2952; x_wconf 81' lang='lat' dir='ltr'>prae-</span> 
     </span>
     <span class='ocr_line' id='line_1_27' title="bbox 105 2957 2323 3054; baseline 0 -27"><span class='ocrx_word' id='word_1_280' title='bbox 105 2961 385 3035; x_wconf 69' lang='lat' dir='ltr'>positimie</span> <span class='ocrx_word' id='word_1_281' title='bbox 404 2991 525 3054; x_wconf 79' lang='lat' dir='ltr'>per</span> <span class='ocrx_word' id='word_1_282' title='bbox 547 2991 585 3030; x_wconf 87' lang='lat' dir='ltr'>L</span> <span class='ocrx_word' id='word_1_283' title='bbox 611 2957 869 3030; x_wconf 75' lang='lat' dir='ltr'>liciendo</span> <span class='ocrx_word' id='word_1_284' title='bbox 885 3015 902 3045; x_wconf 86' lang='lat'><strong><em>,</em></strong></span> <span class='ocrx_word' id='word_1_285' title='bbox 933 2967 1098 3052; x_wconf 80' lang='lat' dir='ltr'>quod</span> <span class='ocrx_word' id='word_1_286' title='bbox 1124 2977 1210 3029; x_wconf 79' lang='lat' dir='ltr'>est</span> <span class='ocrx_word' id='word_1_287' title='bbox 1234 2966 1581 3029; x_wconf 78' lang='lat' dir='ltr'>inducendo</span> <span class='ocrx_word' id='word_1_288' title='bbox 1597 3013 1615 3044; x_wconf 85' lang='lat'><em>,</em></span> <span class='ocrx_word' id='word_1_289' title='bbox 1639 2967 1912 3050; x_wconf 72' lang='lat' dir='ltr'>yeminat</span> <span class='ocrx_word' id='word_1_290' title='bbox 1937 2967 1974 3028; x_wconf 91' lang='lat' dir='ltr'>l.</span> <span class='ocrx_word' id='word_1_291' title='bbox 2002 2965 2123 3029; x_wconf 88' lang='lat' dir='ltr'>sed</span> <span class='ocrx_word' id='word_1_292' title='bbox 2150 2986 2323 3048; x_wconf 81' lang='lat' dir='ltr'>qua-e</span> 
     </span>
     <span class='ocr_line' id='line_1_28' title="bbox 116 3061 2323 3150; baseline 0 -26"><span class='ocrx_word' id='word_1_293' title='bbox 116 3071 423 3130; x_wconf 79' lang='lat' dir='ltr'>secuntur</span> <span class='ocrx_word' id='word_1_294' title='bbox 442 3115 459 3142; x_wconf 88' lang='lat'>‚</span> <span class='ocrx_word' id='word_1_295' title='bbox 478 3067 771 3150; x_wconf 78' lang='lat' dir='ltr'>pellicere</span> <span class='ocrx_word' id='word_1_296' title='bbox 790 3065 1027 3127; x_wconf 81' lang='lat' dir='ltr'>malunt</span> <span class='ocrx_word' id='word_1_297' title='bbox 1045 3086 1232 3149; x_wconf 82' lang='lat' dir='ltr'>quam</span> <span class='ocrx_word' id='word_1_298' title='bbox 1240 3064 1545 3148; x_wconf 80' lang='lat' dir='ltr'>perlicere</span> <span class='ocrx_word' id='word_1_299' title='bbox 1559 3110 1576 3141; x_wconf 89' lang='lat'><em>‚</em></span> <span class='ocrx_word' id='word_1_300' title='bbox 1611 3083 1690 3124; x_wconf 85' lang='lat' dir='ltr'>ea</span> <span class='ocrx_word' id='word_1_301' title='bbox 1704 3061 1878 3125; x_wconf 93' lang='lat' dir='ltr'>Velii</span> <span class='ocrx_word' id='word_1_302' title='bbox 1901 3062 2117 3146; x_wconf 84' lang='lat' dir='ltr'>Longi</span> <span class='ocrx_word' id='word_1_303' title='bbox 2141 3083 2289 3125; x_wconf 89' lang='grc'>8888</span> <span class='ocrx_word' id='word_1_304' title='bbox 2309 3111 2323 3137; x_wconf 87' lang='grc'>,</span> 
     </span>
     <span class='ocr_line' id='line_1_29' title="bbox 112 3157 2099 3247; baseline -0.001 -24"><span class='ocrx_word' id='word_1_305' title='bbox 112 3167 238 3217; x_wconf 87' lang='lat' dir='ltr'>non</span> <span class='ocrx_word' id='word_1_306' title='bbox 264 3157 537 3238; x_wconf 89' lang='lat' dir='ltr'>Lucilii,</span> <span class='ocrx_word' id='word_1_307' title='bbox 570 3162 957 3247; x_wconf 87' lang='lat' dir='ltr'>apparebit,</span> <span class='ocrx_word' id='word_1_308' title='bbox 989 3161 1045 3224; x_wconf 92' lang='lat' dir='ltr'>si</span> <span class='ocrx_word' id='word_1_309' title='bbox 1077 3181 1248 3245; x_wconf 91' lang='lat' dir='ltr'>quae</span> <span class='ocrx_word' id='word_1_310' title='bbox 1277 3166 1796 3244; x_wconf 87' lang='lat' dir='ltr'>praecesserunt</span> <span class='ocrx_word' id='word_1_311' title='bbox 1827 3159 2066 3244; x_wconf 85' lang='lat' dir='ltr'>legeris</span> <span class='ocrx_word' id='word_1_312' title='bbox 2086 3208 2099 3221; x_wconf 91' lang='lat'>.</span> 
     </span>
    </p>

    <p class='ocr_par' dir='ltr' id='par_1_11' title="bbox 106 3251 2331 4423">
     <span class='ocr_line' id='line_1_30' title="bbox 272 3251 2324 3342; baseline 0 -21"><span class='ocrx_word' id='word_1_313' title='bbox 272 3258 449 3327; x_wconf 83' lang='lat'>1005.</span> <span class='ocrx_word' id='word_1_314' title='bbox 482 3251 894 3326; x_wconf 50' lang='lat' dir='ltr'>lOl7ssvAcs</span> <span class='ocrx_word' id='word_1_315' title='bbox 939 3282 976 3322; x_wconf 76' lang='lat' dir='ltr'>r</span> <span class='ocrx_word' id='word_1_316' title='bbox 996 3282 1076 3323; x_wconf 83' lang='lat' dir='ltr'>IT</span> <span class='ocrx_word' id='word_1_317' title='bbox 1095 3307 1108 3321; x_wconf 91' lang='lat'><strong>.</strong></span> <span class='ocrx_word' id='word_1_318' title='bbox 1136 3257 1526 3338; x_wconf 85' lang='lat' dir='ltr'>Quadratus</span> <span class='ocrx_word' id='word_1_319' title='bbox 1547 3258 1772 3321; x_wconf 77' lang='lat' dir='ltr'>vacesit</span> <span class='ocrx_word' id='word_1_320' title='bbox 1792 3258 2153 3342; x_wconf 85' lang='lat' dir='ltr'>utrobique</span> <span class='ocrx_word' id='word_1_321' title='bbox 2173 3307 2186 3321; x_wconf 93' lang='lat'><strong>.</strong></span> <span class='ocrx_word' id='word_1_322' title='bbox 2219 3281 2324 3322; x_wconf 88' lang='lat' dir='ltr'>ce-</span> 
     </span>
     <span class='ocr_line' id='line_1_31' title="bbox 113 3350 2327 3443; baseline 0.001 -24"><span class='ocrx_word' id='word_1_323' title='bbox 113 3350 319 3419; x_wconf 45' lang='lat' dir='ltr'>1mrum</span> <span class='ocrx_word' id='word_1_324' title='bbox 363 3360 527 3424; x_wconf 90' lang='lat' dir='ltr'>mihi</span> <span class='ocrx_word' id='word_1_325' title='bbox 571 3359 796 3423; x_wconf 88' lang='lat' dir='ltr'>adhuc</span> <span class='ocrx_word' id='word_1_326' title='bbox 843 3357 1297 3443; x_wconf 89' lang='lat' dir='ltr'>quaerendum</span> <span class='ocrx_word' id='word_1_327' title='bbox 1342 3355 1613 3420; x_wconf 89' lang='lat' dir='ltr'>videtur</span> <span class='ocrx_word' id='word_1_328' title='bbox 1644 3354 1889 3439; x_wconf 87' lang='lat' dir='ltr'>quibus</span> <span class='ocrx_word' id='word_1_329' title='bbox 1936 3358 2327 3422; x_wconf 87' lang='lat' dir='ltr'>auctoribus</span> 
     </span>
     <span class='ocr_line' id='line_1_32' title="bbox 112 3448 2326 3540; baseline 0.001 -24"><span class='ocrx_word' id='word_1_330' title='bbox 112 3448 307 3535; x_wconf 80' lang='lat' dir='ltr'>Vulgo</span> <span class='ocrx_word' id='word_1_331' title='bbox 355 3460 424 3522; x_wconf 90' lang='lat' dir='ltr'>in</span> <span class='ocrx_word' id='word_1_332' title='bbox 470 3459 777 3523; x_wconf 87' lang='lat' dir='ltr'>oratione</span> <span class='ocrx_word' id='word_1_333' title='bbox 824 3457 1047 3520; x_wconf 87' lang='lat' dir='ltr'>soluta</span> <span class='ocrx_word' id='word_1_334' title='bbox 1091 3457 1428 3519; x_wconf 86' lang='lat' dir='ltr'>scribatur</span> <span class='ocrx_word' id='word_1_335' title='bbox 1472 3454 1900 3540; x_wconf 75' lang='lat' dir='ltr'>vacuefactus.</span> <span class='ocrx_word' id='word_1_336' title='bbox 1957 3476 2108 3518; x_wconf 84' lang='lat' dir='ltr'>nam</span> <span class='ocrx_word' id='word_1_337' title='bbox 2167 3456 2326 3519; x_wconf 89' lang='lat' dir='ltr'>mihi</span> 
     </span>
     <span class='ocr_line' id='line_1_33' title="bbox 114 3551 2326 3640; baseline -0.002 -20"><span class='ocrx_word' id='word_1_338' title='bbox 114 3555 292 3612; x_wconf 71' lang='lat' dir='ltr'>cert-0</span> <span class='ocrx_word' id='word_1_339' title='bbox 340 3563 614 3620; x_wconf 86' lang='lat' dir='ltr'>constat</span> <span class='ocrx_word' id='word_1_340' title='bbox 656 3555 789 3619; x_wconf 82' lang='lat' dir='ltr'>hoc</span> <span class='ocrx_word' id='word_1_341' title='bbox 832 3577 1044 3640; x_wconf 87' lang='lat' dir='ltr'>genus</span> <span class='ocrx_word' id='word_1_342' title='bbox 1088 3553 1460 3631; x_wconf 85' lang='lat' dir='ltr'>vocabula,</span> <span class='ocrx_word' id='word_1_343' title='bbox 1508 3551 1592 3617; x_wconf 89' lang='lat' dir='ltr'>de</span> <span class='ocrx_word' id='word_1_344' title='bbox 1626 3553 1868 3636; x_wconf 90' lang='lat' dir='ltr'>quibus</span> <span class='ocrx_word' id='word_1_345' title='bbox 1900 3553 2028 3616; x_wconf 87' lang='lat' dir='ltr'>alia</span> <span class='ocrx_word' id='word_1_346' title='bbox 2059 3551 2197 3616; x_wconf 86' lang='lat' dir='ltr'>dixi</span> <span class='ocrx_word' id='word_1_347' title='bbox 2238 3552 2326 3616; x_wconf 87' lang='lat' dir='ltr'>ad</span> 
     </span>
     <span class='ocr_line' id='line_1_34' title="bbox 112 3635 2331 3737; baseline 0.007 -40"><span class='ocrx_word' id='word_1_348' title='bbox 112 3635 344 3717; x_wconf 88' lang='lat' dir='ltr'>librum</span> <span class='ocrx_word' id='word_1_349' title='bbox 378 3678 474 3728; x_wconf 88' lang='lat'>111,</span> <span class='ocrx_word' id='word_1_350' title='bbox 493 3654 615 3717; x_wconf 87' lang='lat'>906</span> <span class='ocrx_word' id='word_1_351' title='bbox 634 3701 648 3726; x_wconf 90' lang='lat'>‚</span> <span class='ocrx_word' id='word_1_352' title='bbox 680 3674 900 3736; x_wconf 90' lang='lat' dir='ltr'>neque</span> <span class='ocrx_word' id='word_1_353' title='bbox 929 3653 1286 3737; x_wconf 86' lang='lat' dir='ltr'>trisyllaba</span> <span class='ocrx_word' id='word_1_354' title='bbox 1316 3672 1466 3714; x_wconf 90' lang='lat' dir='ltr'>esse</span> <span class='ocrx_word' id='word_1_355' title='bbox 1495 3651 1620 3713; x_wconf 91' lang='lat' dir='ltr'>nisi</span> <span class='ocrx_word' id='word_1_356' title='bbox 1652 3651 2027 3734; x_wconf 88' lang='lat' dir='ltr'>composita</span> <span class='ocrx_word' id='word_1_357' title='bbox 2057 3650 2190 3712; x_wconf 90' lang='lat' dir='ltr'>sint</span> <span class='ocrx_word' id='word_1_358' title='bbox 2209 3699 2223 3724; x_wconf 86' lang='lat'>‚</span> <span class='ocrx_word' id='word_1_359' title='bbox 2252 3659 2331 3713; x_wconf 89' lang='lat' dir='ltr'>ut</span> 
     </span>
     <span class='ocr_line' id='line_1_35' title="bbox 113 3736 2326 3838; baseline 0.008 -44"><span class='ocrx_word' id='word_1_360' title='bbox 113 3736 300 3808; x_wconf 75' lang='lat' dir='ltr'>obsole</span> <span class='ocrx_word' id='word_1_361' title='bbox 325 3754 482 3838; x_wconf 79' lang='lat' dir='ltr'>fieri</span> <span class='ocrx_word' id='word_1_362' title='bbox 501 3800 518 3830; x_wconf 87' lang='lat'><strong><em>,</em></strong></span> <span class='ocrx_word' id='word_1_363' title='bbox 564 3771 782 3833; x_wconf 89' lang='lat' dir='ltr'>neque</span> <span class='ocrx_word' id='word_1_364' title='bbox 816 3748 1283 3834; x_wconf 85' lang='lat' dir='ltr'>monosyllaba</span> <span class='ocrx_word' id='word_1_365' title='bbox 1310 3749 1443 3811; x_wconf 88' lang='lat' dir='ltr'>nisi</span> <span class='ocrx_word' id='word_1_366' title='bbox 1472 3772 1503 3811; x_wconf 90' lang='lat' dir='ltr'>e</span> <span class='ocrx_word' id='word_1_367' title='bbox 1532 3748 1759 3812; x_wconf 87' lang='lat' dir='ltr'>littera</span> <span class='ocrx_word' id='word_1_368' title='bbox 1788 3750 2052 3813; x_wconf 88' lang='lat' dir='ltr'>abiecta</span> <span class='ocrx_word' id='word_1_369' title='bbox 2072 3796 2088 3823; x_wconf 91' lang='lat'>,</span> <span class='ocrx_word' id='word_1_370' title='bbox 2132 3749 2326 3835; x_wconf 84' lang='lat' dir='ltr'>calfa-</span> 
     </span>
     <span class='ocr_line' id='line_1_36' title="bbox 111 3847 2327 3939; baseline 0.001 -31"><span class='ocrx_word' id='word_1_371' title='bbox 111 3853 241 3939; x_wconf 59' lang='lat' dir='ltr'>Gfre</span> <span class='ocrx_word' id='word_1_372' title='bbox 283 3850 549 3933; x_wconf 79' lang='lat' dir='ltr'>olfacere</span> <span class='ocrx_word' id='word_1_373' title='bbox 575 3897 586 3909; x_wconf 93' lang='lat'><strong><em>.</em></strong></span> <span class='ocrx_word' id='word_1_374' title='bbox 633 3856 906 3931; x_wconf 85' lang='lat' dir='ltr'>praeter</span> <span class='ocrx_word' id='word_1_375' title='bbox 946 3847 1115 3910; x_wconf 89' lang='lat' dir='ltr'>haec</span> <span class='ocrx_word' id='word_1_376' title='bbox 1145 3856 1370 3910; x_wconf 86' lang='lat' dir='ltr'>tamen</span> <span class='ocrx_word' id='word_1_377' title='bbox 1400 3847 1907 3911; x_wconf 82' lang='lat' dir='ltr'>concedendum</span> <span class='ocrx_word' id='word_1_378' title='bbox 1939 3856 2043 3911; x_wconf 89' lang='lat' dir='ltr'>est</span> <span class='ocrx_word' id='word_1_379' title='bbox 2073 3847 2327 3911; x_wconf 81' lang='lat' dir='ltr'>Teren-</span> 
     </span>
     <span class='ocr_line' id='line_1_37' title="bbox 108 3931 2329 4031; baseline 0 -24"><span class='ocrx_word' id='word_1_380' title='bbox 108 3931 269 3999; x_wconf 80' lang='lat' dir='ltr'>tium</span> <span class='ocrx_word' id='word_1_381' title='bbox 316 3944 582 4009; x_wconf 89' lang='lat' dir='ltr'>duabus</span> <span class='ocrx_word' id='word_1_382' title='bbox 627 3944 922 4029; x_wconf 87' lang='lat' dir='ltr'>syllabis·</span> <span class='ocrx_word' id='word_1_383' title='bbox 949 3944 1019 4006; x_wconf 90' lang='lat' dir='ltr'>in</span> <span class='ocrx_word' id='word_1_384' title='bbox 1053 3966 1252 4007; x_wconf 90' lang='lat' dir='ltr'>unam</span> <span class='ocrx_word' id='word_1_385' title='bbox 1284 3944 1592 4008; x_wconf 88' lang='lat' dir='ltr'>conflatis</span> <span class='ocrx_word' id='word_1_386' title='bbox 1623 3931 1875 4009; x_wconf 52' lang='lat' dir='ltr'>dixisse</span> <span class='ocrx_word' id='word_1_387' title='bbox 1904 3946 1972 4008; x_wconf 90' lang='lat' dir='ltr'>in</span> <span class='ocrx_word' id='word_1_388' title='bbox 2001 3944 2329 4031; x_wconf 88' lang='lat' dir='ltr'>Adelphis</span> 
     </span>
     <span class='ocr_line' id='line_1_38' title="bbox 109 4028 2328 4130; baseline -0.001 -25"><span class='ocrx_word' id='word_1_389' title='bbox 109 4044 148 4097; x_wconf 72' lang='lat'>¹2</span> <span class='ocrx_word' id='word_1_390' title='bbox 172 4028 223 4105; x_wconf 69' lang='grc' dir='ltr'>Ῑ,</span> <span class='ocrx_word' id='word_1_391' title='bbox 242 4035 323 4101; x_wconf 82' lang='grc'><strong>29</strong></span> <span class='ocrx_word' id='word_1_392' title='bbox 355 4043 436 4106; x_wconf 92' lang='grc'><strong>49</strong></span> <span class='ocrx_word' id='word_1_393' title='bbox 481 4065 576 4117; x_wconf 87' lang='lat'>111,</span> <span class='ocrx_word' id='word_1_394' title='bbox 594 4042 652 4116; x_wconf 86' lang='lat'>3,</span> <span class='ocrx_word' id='word_1_395' title='bbox 672 4040 752 4103; x_wconf 87' lang='grc'><strong>60</strong></span> <span class='ocrx_word' id='word_1_396' title='bbox 783 4064 991 4104; x_wconf 76' lang='lat' dir='ltr'>consve</span> <span class='ocrx_word' id='word_1_397' title='bbox 1002 4041 1139 4127; x_wconf 86' lang='lat' dir='ltr'>feci</span> <span class='ocrx_word' id='word_1_398' title='bbox 1154 4090 1171 4119; x_wconf 87' lang='lat'><em>‚</em></span> <span class='ocrx_word' id='word_1_399' title='bbox 1204 4041 1645 4127; x_wconf 73' lang='lat' dir='ltr'>consuefacere</span> <span class='ocrx_word' id='word_1_400' title='bbox 1661 4089 1678 4120; x_wconf 89' lang='lat'><em>‚</em></span> <span class='ocrx_word' id='word_1_401' title='bbox 1710 4066 1919 4106; x_wconf 59' lang='lat' dir='ltr'>con-sve</span> <span class='ocrx_word' id='word_1_402' title='bbox 1931 4031 2109 4130; x_wconf 82' lang='lat' dir='ltr'>facio</span> <span class='ocrx_word' id='word_1_403' title='bbox 2128 4069 2147 4105; x_wconf 91' lang='lat'>.·</span> <span class='ocrx_word' id='word_1_404' title='bbox 2179 4064 2328 4104; x_wconf 88' lang='lat' dir='ltr'>nam</span> 
     </span>
     <span class='ocr_line' id='line_1_39' title="bbox 106 4135 2330 4225; baseline 0.001 -26"><span class='ocrx_word' id='word_1_405' title='bbox 106 4135 508 4203; x_wconf 76' lang='lat' dir='ltr'>Vocabulum</span> <span class='ocrx_word' id='word_1_406' title='bbox 541 4139 946 4225; x_wconf 87' lang='lat' dir='ltr'>dactylicum</span> <span class='ocrx_word' id='word_1_407' title='bbox 976 4160 1290 4201; x_wconf 88' lang='lat' dir='ltr'>versuum</span> <span class='ocrx_word' id='word_1_408' title='bbox 1318 4139 1495 4201; x_wconf 89' lang='lat' dir='ltr'>ratio</span> <span class='ocrx_word' id='word_1_409' title='bbox 1537 4160 1673 4201; x_wconf 90' lang='lat' dir='ltr'>non</span> <span class='ocrx_word' id='word_1_410' title='bbox 1716 4141 2044 4204; x_wconf 84' lang='lat' dir='ltr'>admittit.</span> <span class='ocrx_word' id='word_1_411' title='bbox 2093 4148 2330 4202; x_wconf 80' lang='lat' dir='ltr'>contra</span> 
     </span>
     <span class='ocr_line' id='line_1_40' title="bbox 113 4222 2328 4323; baseline -0.002 -20"><span class='ocrx_word' id='word_1_412' title='bbox 113 4222 392 4303; x_wconf 67' lang='lat' dir='ltr'>Syllabis</span> <span class='ocrx_word' id='word_1_413' title='bbox 451 4237 744 4302; x_wconf 91' lang='lat' dir='ltr'>diductis</span> <span class='ocrx_word' id='word_1_414' title='bbox 790 4236 1199 4300; x_wconf 82' lang='lat' dir='ltr'>Prudentius</span> <span class='ocrx_word' id='word_1_415' title='bbox 1246 4236 1748 4300; x_wconf 86' lang='lat' dir='ltr'>cathemerinon</span> <span class='ocrx_word' id='word_1_416' title='bbox 1793 4237 2043 4323; x_wconf 89' lang='lat' dir='ltr'>hymno</span> <span class='ocrx_word' id='word_1_417' title='bbox 2089 4260 2205 4311; x_wconf 85' lang='lat' dir='ltr'>vn,</span> <span class='ocrx_word' id='word_1_418' title='bbox 2249 4238 2328 4300; x_wconf 77' lang='lat'>84</span> 
     </span>
     <span class='ocr_line' id='line_1_41' title="bbox 108 4312 2330 4423; baseline 0.008 -43"><span class='ocrx_word' id='word_1_419' title='bbox 108 4312 365 4396; x_wconf 71' lang='lat' dir='ltr'>Fulmen</span> <span class='ocrx_word' id='word_1_420' title='bbox 397 4335 637 4421; x_wconf 72' lang='lat' dir='ltr'>beniyni</span> <span class='ocrx_word' id='word_1_421' title='bbox 664 4336 1149 4423; x_wconf 75' lang='lat' dir='ltr'>mansuefactum</span> <span class='ocrx_word' id='word_1_422' title='bbox 1166 4337 1402 4420; x_wconf 75' lang='lat' dir='ltr'>patri-3.</span> <span class='ocrx_word' id='word_1_423' title='bbox 1435 4335 1630 4419; x_wconf 88' lang='lat' dir='ltr'>plura</span> <span class='ocrx_word' id='word_1_424' title='bbox 1658 4334 1901 4399; x_wconf 90' lang='lat' dir='ltr'>horum</span> <span class='ocrx_word' id='word_1_425' title='bbox 1931 4343 1996 4398; x_wconf 84' lang='lat' dir='ltr'>et</span> <span class='ocrx_word' id='word_1_426' title='bbox 2028 4336 2330 4399; x_wconf 84' lang='lat' dir='ltr'>similium</span> 
     </span>
    </p>
   </div>
  </div>
 </body>
</html>
