2840 5008
1182 405 1249 468 V
2211 412 2333 480 191

91 582 355 671 proinde
384 589 633 670 putare
663 582 947 666 aliquem
978 589 1118 644 tum
1146 581 1416 643 nomina
1445 578 1861 646 distribuisse

91 701 273 763 rebus
291 748 306 774 ,
332 706 402 762 et
429 696 593 761 inde
623 696 928 760 homines
959 693 1274 759 didicisse
1303 696 1634 759 vocabula
1661 697 1903 782 prima,

94 813 457 898 desiperest
476 863 491 876 .
514 834 668 876 nam
700 833 819 875 cur
845 811 955 874 hic
985 819 1217 895 posset
1246 818 1490 874 cuncta
1515 819 1754 875 notare

89 929 348 992 vocibus
381 935 454 992 et
483 929 709 992 varios
738 926 1001 989 sonitus
1033 925 1332 988 emittere
1361 923 1655 1010 linguae,

35 1057 67 1120 15
88 1053 372 1130 tempore
408 1042 650 1106 eodem
681 1041 787 1105 alii
814 1039 1036 1126 facere
1063 1039 1135 1104 id
1163 1061 1300 1102 non
1333 1040 1557 1123 quisse
1589 1044 1954 1127 putentur?

36 1191 39 1298 ν
89 1165 431 1245 praeterea
459 1158 519 1222 si
547 1178 686 1221 non
715 1156 822 1221 alii
852 1176 1121 1242 quoque
1152 1155 1430 1218 vocibus
1460 1156 1563 1218 usi

88 1274 244 1337 inter
273 1294 348 1336 se
378 1271 654 1336 fuerant
673 1320 689 1347 ,
709 1269 890 1334 unde
919 1270 1119 1334 insita
1146 1270 1417 1333 notities
1450 1278 1554 1334 est

90 1386 377 1452 utilitatis
411 1395 483 1451 et
511 1385 693 1450 unde
723 1383 883 1452 data
911 1393 1017 1448 est
1043 1383 1198 1446 huic
1228 1384 1440 1468 prima
1469 1393 1804 1469 potestaS,

93 1501 240 1587 quid
265 1502 479 1567 vellet
496 1503 517 1578 ,'
533 1501 756 1565 facere
783 1505 861 1563 ut
889 1499 1139 1563 scirent
1167 1500 1523 1583 animoque
1550 1500 1906 1567 viderent?

91 1638 315 1703 cogere
336 1618 508 1680 item
536 1614 748 1701 pluris
777 1635 950 1677 unus
978 1614 1330 1698 victosque
1362 1613 1635 1679 domare
1664 1618 1671 1624 ’

89 1754 213 1795 non
239 1738 517 1818 poterat
534 1779 550 1806 ,
570 1750 793 1793 rerum
820 1738 896 1794 ut
922 1728 1306 1816 perdiscere
1336 1731 1605 1793 nomina
1633 1732 1912 1798 vellent.

90 1868 202 1921 nec
229 1846 497 1911 ratione
529 1843 778 1908 docere
804 1845 939 1909 ulla
967 1843 1387 1929 suadereque
1416 1844 1669 1921 surdiS,

44 2031 47 2040 Γ
95 1959 242 2045 quid
267 1962 361 2025 sit
380 1977 566 2047 ‘opus
596 1958 778 2023 facto
800 2007 814 2033 ‚
836 1958 1134 2023 facilest:
1157 1979 1375 2043 neque
1406 1960 1579 2023 enim
1609 1972 2030 2047 paterentur,

93 2097 205 2139 nec
234 2076 497 2140 ratione
526 2074 665 2138 ulla
692 2074 817 2139 sibi
844 2073 1103 2138 ferrent
1132 2074 1410 2158 amplius
1442 2076 1620 2137 auris

95 2189 263 2253 vocis
290 2188 649 2254 inauditos»
666 2189 926 2254 sonitus
958 2187 1333 2253 obtundere
1362 2189 1647 2254 frustra.

94 2312 422 2388 postremo
457 2303 622 2390 quid
649 2304 718 2369 in
745 2303 875 2367 hac
905 2303 1199 2368 mirabile
1229 2311 1651 2389 tantoperest
1680 2328 1784 2381 re,

96 2419 144 2481 si
167 2440 373 2504 genus
403 2419 764 2483 humanum
785 2468 799 2496 ,
825 2418 930 2483 cui
959 2441 1094 2482 vox
1126 2427 1192 2481 et
1219 2418 1446 2504 lingua
1473 2421 1756 2507 vigeret,

94 2556 204 2618 pro
230 2534 433 2599 vario'
450 2556 657 2598 sensu
686 2535 869 2599 varia
898 2556 1008 2598 res
1038 2556 1205 2597 voce
1233 2536 1544 2600 notaret?
1935 2603 1962 2624 ο

97 2671 226 2712 cum
255 2649 555 2736 pecudes
586 2657 803 2714 mutae
821 2696 837 2723 ‚
863 2671 1008 2713 cum
1043 2648 1332 2735 denique
1361 2651 1586 2715 saecla
1614 2652 1904 2718 ferarum

95 2761 405 2830 dissimilis
435 2765 700 2830 soleant
730 2785 932 2828 voces
961 2764 1316 2850 variasque
1348 2767 1549 2842 ciere,

99 2900 229 2943 cum
255 2888 487 2944 metus
506 2886 622 2943 aut
653 2878 848 2944 dolor
879 2887 982 2943 est
1013 2888 1081 2942 et
1111 2901 1260 2943 cum
1287 2881 1417 2944 iam
1446 2881 1693 2966 gaudia
1720 2886 2041 2971 gliscunt.

100 2996 326 3081 quippe
359 2996 608 3060 etenim
635 2994 788 3059 licet
815 2994 887 3058 id
914 2992 1118 3058 rebus
1149 3017 1560 3080 cognoscere
1589 3002 1868 3083 apertis,

97 3108 344 3174 inritata
375 3131 617 3175 canum
648 3131 796 3172 cum
826 3110 1108 3195 primum
1136 3111 1396 3174 inmane
1425 3112 1796 3178 Molossum

99 3224 297 3288 mollia
325 3228 501 3290 ricta
529 3224 820 3289 fremunt
851 3223 1060 3288 duros
1087 3224 1411 3290 nudantia
1442 3226 1709 3302 denteS,

59 3334 273 3424 5longe
303 3342 437 3405 alio
468 3340 692 3404 sonitu
720 3340 905 3403 rabie
932 3339 1247 3403 restricta
1272 3342 1640 3418 minantur,

102 3461 157 3514 et
182 3475 323 3518 cum
352 3456 488 3519 iam
517 3456 766 3519 latrant
784 3462 864 3518 ‘et
891 3454 1170 3518 vocibus
1202 3457 1422 3520 omnia
1452 3458 1818 3544 complent:

101 3691 200 3746 aut
225 3686 334 3750 ubi
365 3707 487 3748 eos
517 3685 770 3748 iactant
798 3684 1084 3771 pedibus
1114 3692 1477 3772 morsuque
1504 3697 1814 3773 petentes

100 3801 727 3884 suspensiffteneros
759 3800 1141 3864 minitantur
1173 3799 1487 3866 dentibus
1516 3803 1831 3885 haustuS‚

65 3907 274 3998 olonge
304 3916 436 3978 alio
469 3922 672 3999 pacto
703 3915 977 3999 gannitu
1007 3915 1192 3979 vocis
1223 3915 1532 3994 adulant,

108 4145 215 4192 1048
249 4143 470 4198 Utilitas
509 4146 529 4213 ΙΙ
577 4149 706 4196 1049
744 4145 904 4197 sciret
941 4148 960 4214 Η
998 4144 1226 4199 videret.
1284 4148 1303 4214 ΙΙ
1361 4153 1490 4199 1052
1530 4148 1747 4203 surdeS.
1802 4132 1834 4220 ΙΙΦ
1884 4158 2010 4205 1053
2050 4153 2208 4206 facile
2242 4155 2287 4206 si
2327 4156 2347 4223 ΙΙ

106 4228 213 4276 1055
249 4230 425 4282 sonitu
455 4226 786 4282 subtundere
823 4230 843 4297 Η
886 4234 1014 4281 1058
1052 4230 1226 4282 varias
1250 4247 1338 4282 res
1376 4230 1567 4299 111062
1605 4233 1658 4283 in
1700 4233 1719 4301 ΙΙ
1761 4239 1889 4287 1063
1928 4252 2119 4305 magna
2156 4238 2176 4305 Η
2217 4241 2346 4287 1064

103 4314 327 4373 premunt
363 4313 382 4384 ΙΙ
427 4318 558 4365 1065
598 4311 699 4364 alia
738 4312 758 4380 ΙΙ
795 4314 979 4367 stricta
1014 4314 1266 4365 minatur.
1304 4314 1323 4381 Η
1364 4319 1494 4366 1067
1523 4316 1601 4367 At
1638 4316 1657 4383 ΙΙ
1702 4322 1830 4369 1068
1866 4317 2064 4371 lactant
2102 4321 2120 4385 ΙΙ
2158 4326 2347 4388 poten-

104 4397 200 4444 tes.
235 4396 254 4461 Η
298 4402 425 4450 1069
465 4396 736 4449 imitantur

1764 4580 1814 4594 α

37 3552 61 4107 ι
100 3575 157 3629 et
181 3571 438 3634 catulos
470 3568 714 3633 blande
745 3591 892 3633 cum
922 3569 1148 3655 lingua
1175 3570 1467 3635 lambere
1497 3580 1857 3659 temptant,
