2840 5008
413 348 506 415 88
1302 390 1311 395 -
1491 348 1587 415 111

265 537 361 583 265
407 520 530 585 sed
559 522 749 606 quasi
778 523 1024 586 multae
1053 523 1154 585 vis
1184 522 1382 585 unius
1413 523 1718 608 corporis
1751 530 2012 587 extant.

411 634 596 721 quod
625 657 836 722 genus
866 637 934 700 in
964 637 1202 720 quovis
1233 637 1634 701 animantum
1662 638 1920 701 viscere
1949 638 2150 723 volgo

412 758 517 815 est
534 750 719 814 'odor
751 759 817 815 et
847 750 1116 845 quidam
1146 753 1329 816 calor
1360 761 1427 815 et
1458 773 1663 838 sapor
1681 801 1695 827 ‚
1721 760 1789 816 et
1817 760 2039 816 tamen
2070 774 2152 816 ex
2181 753 2293 816 his

414 865 716 929 omnibus
747 873 852 930 est
879 888 1080 929 unum
1109 866 1480 951 perfectum
1512 867 1814 954 corporis
1845 888 2124 952 augmen
2143 916 2157 931 .

413 980 508 1042 sic
540 981 723 1043 calor
754 988 958 1064 atque
990 987 1103 1044 aar
1136 988 1204 1044 et
1231 982 1414 1045 venti
1445 1001 1646 1045 caeca
1673 988 1981 1066 potestas

268 1110 366 1156 270
410 1095 619 1158 mixta
648 1102 880 1158 creant
907 1116 1104 1159 unam
1133 1103 1438 1161 naturam
1458 1145 1472 1171 ‚
1499 1103 1566 1159 et
1593 1096 1851 1160 mobilis
1881 1097 1991 1160 illa

411 1209 514 1273 vis
533 1258 548 1285 ,
570 1209 805 1273 initum
831 1217 1052 1274 motus
1084 1210 1165 1274 ab
1199 1232 1272 1274 se
1303 1232 1475 1295 quae
1506 1209 1748 1274 dividit
1776 1211 1957 1285 ollis,

415 1323 697 1387 sensifer
726 1323 905 1387 unde
937 1326 1149 1389 oritur
1178 1326 1461 1412 primum
1489 1347 1611 1410 per
1637 1326 1898 1389 viscera
1924 1333 2171 1390 motus.

394 1429 566 1501 ‘nam
597 1439 864 1524 penitus
893 1461 1205 1525 prorsum
1236 1440 1402 1504 latet
1430 1440 1599 1504 haec
1630 1447 1868 1504 natura
1897 1439 2297 1523 subestque,

411 1574 535 1615 nec
565 1553 774 1638 magis
803 1552 932 1616 hac
960 1552 1132 1617 infra
1163 1556 1515 1640 quicquam
1548 1554 1694 1618 est
1665 1577 1744 1618 m
1776 1575 2060 1640 corpore
2086 1560 2326 1617 nostro
2349 1603 2363 1627 ,

272 1682 367 1727 275
415 1674 616 1751 atque
646 1667 861 1730 anima
891 1676 994 1731 est
1023 1670 1278 1732 animae
1308 1662 1642 1756 proporro
1673 1669 1878 1732 totius
1908 1654 2080 1753 ipsa.

419 1780 605 1865 quod
633 1802 844 1866 genus
871 1784 941 1845 in
970 1785 1224 1848 nostris
1255 1785 1564 1848 membris
1596 1791 1663 1847 et
1692 1804 1979 1869 corpore
2008 1790 2153 1847 toto

416 1896 622 1960 mixta
650 1897 865 1961 latens
898 1899 1093 1961 animi
1123 1899 1223 1961 vis
1256 1910 1360 1962 est
1389 1900 1777 1982 animaeque
1806 1904 2110 1981 potestas
2130 1945 2146 1971 ‚

420 2012 815 2097 corporibus
849 2013 1003 2096 quia
1032 2011 1117 2074 de
1147 2014 1371 2098 parvis
1401 2013 1765 2098 paucisque
1798 2018 2118 2075 creatast.

421 2126 514 2189 sic
542 2126 662 2190 tibi
690 2128 974 2191 nominis
1002 2126 1170 2190 haec
1202 2129 1444 2213 expers
1473 2127 1576 2191 vis
1597 2176 1612 2202 ‚
1632 2126 1811 2190 facta
1838 2126 2102 2189 minutis

277 2255 373 2302 280
419 2240 814 2326 corporibus
833 2289 847 2315 ‚
870 2242 1032 2305 latet
1062 2248 1263 2324 atque
1294 2242 1545 2305 animae
1576 2241 1766 2325 quasi
1794 2241 1999 2305 totius
2029 2240 2177 2326 ipsa

419 2364 821 2442 proporrost
850 2357 1066 2419 anima
1096 2362 1164 2418 et
1194 2354 1571 2418 dominatur
1603 2377 1888 2442 corpore
1920 2361 2100 2418 toto.

423 2471 744 2535 consimili
771 2472 1029 2536 ratione
1058 2478 1402 2535 necessest
1432 2478 1672 2535 ventus
1705 2478 1773 2535 et
1801 2475 1915 2534 aer

424 2594 493 2650 et
522 2588 705 2650 calor
733 2589 908 2651 inter
939 2609 1009 2651 se
1040 2588 1312 2673 vigeant
1342 2586 1698 2652 commixta
1726 2605 1847 2669 per
1878 2591 2061 2647 artus
2083 2633 2097 2656 ,

424 2700 644 2786 adque
675 2702 815 2765 aliis
846 2701 1023 2765 aliud
1054 2703 1270 2766 subsit
1299 2701 1505 2787 magis
1538 2701 1981 2783 emineatque‚

283 2832 379 2876 285
424 2822 500 2878 ut
531 2815 848 2900 quiddam
877 2817 1019 2879 fieri
1049 2816 1355 2880 videatur
1385 2817 1469 2880 ab
1503 2815 1805 2878 omnibus
1835 2834 2067 2887 unum,

426 2930 494 2991 ni
525 2930 707 2992 calor
738 2951 816 2992 ac
845 2938 1085 2994 ventus
1116 2951 1417 2993 seorsum
1448 2948 1883 3012 seorsumque
1911 2933 2216 3014 potestas

428 3044 598 3107 aeris
628 3044 1024 3108 interemant
1054 3066 1321 3108 sensum
1353 3043 1765 3127 diductaque
1797 3042 2094 3106 solvant.

429 3165 533 3220 est
568 3158 807 3221 etenim
837 3160 1021 3223 calor
1048 3160 1157 3223 ille
1188 3160 1401 3222 animo
1422 3206 1438 3232 ,
1462 3178 1658 3243 quem
1688 3156 1884 3220 sumit
1902 3204 1917 3230 ‚
1939 3156 2008 3219 in
2035 3156 2135 3218 ira

431 3257 921 3337 cum'fervescit
952 3281 1018 3337 et
1049 3295 1132 3336 ex
1162 3274 1370 3337 oculis
1401 3273 1600 3336 micat
1630 3271 1894 3334 acribus
1925 3269 2154 3333 ardor:

286 3403 383 3448 290
430 3393 533 3449 est
561 3408 639 3449 ea
667 3387 909 3472 frigida
937 3389 1142 3451 multa
1160 3437 1174 3462 ‚
1200 3409 1422 3452 comes
1453 3384 1823 3449 formidinis
1843 3433 1858 3459 ‚
1881 3405 2043 3447 aura
2067 3433 2081 3457 ‚

433 3522 604 3586 quae
635 3503 763 3566 ciet
790 3502 1137 3565 horrorem
1169 3502 1475 3564 membris
1507 3509 1573 3564 et
1602 3500 1895 3563 concitat
1923 3505 2136 3562 artus:

431 3622 535 3680 est
565 3618 761 3680 etiam
793 3637 1062 3700 quoque
1090 3616 1313 3700 pacati
1342 3622 1558 3679 status
1589 3615 1761 3678 aeris
1789 3614 1928 3686 ille,

429 3737 704 3813 pectore
732 3731 1088 3815 tranquillo
1124 3731 1236 3815 qui
1263 3730 1339 3793 fit
1366 3730 1689 3813 voltuque
1721 3748 1994 3792 sereno.

432 3842 555 3906 sed
583 3844 777 3908 calidi
806 3845 958 3930 plus
991 3853 1095 3909 est
1120 3845 1247 3909 illis
1280 3840 1519 3929 quibus
1550 3844 1726 3907 acria
1758 3840 1967 3907 corda

290 3975 386 4019 295
429 3957 884 4042 iracundaque
914 3980 1099 4023 mens
1131 3960 1323 4023 facile
1354 3958 1722 4022 effervescit
1748 3958 1814 4020 in
1843 3958 1971 4029 ira,

437 4243 534 4289 272
573 4236 875 4291 Sensifercr
921 4239 941 4306 ΙΙ
989 4244 1087 4289 288
1126 4240 1280 4291 etiam
1327 4239 1347 4306 ΙΙ
1394 4244 1492 4290 289
1529 4237 1792 4290 fervescet
1841 4237 1864 4304 ΙΙ
1911 4237 2083 4289 acrius
2132 4234 2151 4300 Η
2189 4238 2287 4285 290
2327 4241 2380 4286 ot
2419 4235 2576 4302 11291
2617 4237 2695 4288 in-

438 4320 670 4374 concitat
709 4322 730 4389 ΙΙ
767 4326 862 4374 293
902 4321 1130 4374 Pertore
1167 4320 1187 4389 ΙΙ
1224 4323 1281 4374 fit
1318 4323 1404 4390 qui
2589 4353 2592 4356 -
