2840 5008
1187 403 1249 471 11
2232 402 2323 470 95
2409 380 2419 392 “

112 582 223 645 cita
251 581 441 643 tarda
463 627 482 658 ,
506 600 731 663 mayna
747 600 998 662 parva5
1025 599 1178 662 quas
1205 588 1405 640 tamen
1433 578 1591 639 inter
1619 598 1821 641 omnes
1849 588 1935 640 est
1956 598 2065 639 suo
2095 595 2331 671 quoque

109 682 169 742 in
188 702 413 763 yenere
434 677 757 740 mediocris
775 723 788 736 .
810 674 1035 739 Varro
1059 696 1284 738 rerum
1304 674 1710 738 rusticarum
1723 697 1775 746 -1,
1791 673 1890 749 22,
1908 674 1947 737 6
1968 676 2327 738 instrumen-

110 788 227 839 tum
265 785 321 838 et
357 775 790 859 supellectilem
825 774 1115 836 rusticam
1155 783 1380 857 oportet
1417 772 1640 836 habere
1678 773 1968 857 scriptam
2007 774 2073 835 in
2099 773 2249 836 urbe
2279 783 2336 835 et

110 883 249 936 rure
286 873 608 936 dominum
640 917 659 949 ,
697 871 941 934 vilicum
984 882 1193 934 contra
1237 894 1311 934 ea
1350 873 1490 933 ruri
1529 872 1735 934 omnia
1776 882 1931 934 certo
1958 893 2066 934 suo
2094 893 2331 956 quoque

112 971 233 1034 loco
275 970 365 1034 ad
402 970 619 1032 villam
658 970 916 1053 seposita
959 968 1149 1053 (libri
1178 992 1301 1032 esse
1317 969 1557 1053 posita)
1593 1017 1606 1031 .
1653 968 2008 1032 Vitruvius
2037 969 2107 1031 in
2135 992 2206 1044 11,
2218 969 2329 1044 9‚·4

113 1091 179 1130 ea
206 1069 366 1132 enim
398 1090 544 1130 cum
569 1090 676 1130 suo
706 1088 942 1152 quoque
969 1078 1232 1150 tempore
1261 1067 1347 1130 ad
1370 1068 1561 1130 imum
1588 1065 1915 1152 perforata
1954 1077 2297 1131 castrantur
2316 1115 2329 1128 .

112 1164 346 1229 Festus
376 1186 447 1249 p.
466 1164 612 1239 344,
630 1162 703 1226 21
743 1163 868 1227 Sex
910 1163 1117 1227 Vestae
1157 1164 1493 1228 sacerdotes
1538 1165 1881 1229 constitutae
1921 1176 2090 1246 sunt,
2120 1177 2188 1228 ut
2211 1189 2330 1250 po-

107 1264 282 1347 pulus
310 1286 442 1347 pro
469 1286 587 1325 sua
616 1283 857 1347 quaque
871 1271 1056 1344 parte
1084 1260 1331 1324 haberet
1351 1263 1692 1325 ministram
1719 1285 2037 1327 sacrorum
2060 1312 2073 1325 .
2105 1262 2331 1327 Varro

117 1360 196 1424 de
235 1360 472 1445 lingua
514 1359 758 1422 Latina
802 1380 874 1420 1x
893 1379 960 1440 p.
977 1357 1099 1421 474
1137 1369 1204 1443 ut
1241 1382 1314 1422 ex
1353 1359 1547 1422 turdis
1574 1361 1681 1445 qui
1696 1374 2105 1446 procreantur
2131 1363 2331 1441 turdi,

115 1460 195 1520 sic
220 1481 295 1522 ex
321 1459 585 1543 reliquis
611 1458 716 1519 sui
737 1457 895 1540 (suis
922 1455 1136 1538 Flor.)
1168 1458 1454 1542 cuiusque
1476 1460 1715 1541 generis
1734 1507 1747 1519 .
1772 1482 1836 1543 p.
1857 1458 1978 1523 533
2010 1483 2147 1524 cum
2176 1485 2330 1525 ana-

118 1556 302 1640 loyiae
327 1557 429 1619 sui
458 1557 748 1641 cuiusque
774 1554 1056 1638 temporis
1082 1555 1265 1617 verba
1294 1554 1547 1619 debeant
1585 1557 2007 1644 discriminare
2044 1608 2057 1622 .
2099 1560 2333 1623 Vitru-

119 1654 255 1716 vius
287 1676 328 1727 1,
347 1654 405 1728 3,
425 1652 466 1715 2
500 1664 558 1716 et
597 1653 682 1715 ad
719 1653 989 1736 reyiones
1029 1653 1126 1714 sui
1168 1654 1455 1739 cuiusque
1492 1656 1733 1738 yeneris
1763 1668 1909 1741 apta
1938 1668 1994 1721 et
2021 1660 2335 1723 commoda
2369 1697 2388 1712 -

121 1752 415 1836 dispositio
438 1798 453 1812 .
484 1746 740 1813 Gellius
769 1750 836 1813 in
865 1773 926 1824 X,
944 1748 983 1812 9
1012 1773 1343 1837 earumque
1370 1774 1579 1815 rerum
1607 1755 1673 1816 in
1699 1756 1830 1819 acie
1857 1757 2212 1820 instruenda
2237 1759 2335 1820 sui

124 1852 400 1935 cuiusque
439 1848 721 1912 vocabuli
760 1849 1055 1932 imagines
1095 1850 1481 1913 ostendantur
1512 1899 1525 1914 .
1557 1846 1896 1917 'simillimo
1926 1855 2131 1919 modo
2163 1855 2337 1919 dixit

122 1948 180 2010 in
203 1970 308 2011 suo
335 1958 603 2032 utroque
625 1969 844 2031 yenere
873 1945 1098 2011 Varro
1145 1945 1230 2010 de
1258 1947 1489 2033 lingua
1517 1948 1761 2014 Latina
1787 1951 1961 2017 libro
1992 1976 2065 2016 ix
2092 1975 2158 2038 p.
2177 1954 2297 2017 475
2316 2003 2332 2029 ,

123 2068 233 2109 non
269 2045 493 2110 borum
532 2046 621 2108 ita
656 2046 813 2107 inter
846 2069 908 2107 se
949 2046 1152 2108 omnia
1188 2047 1417 2109 similia
1455 2048 1728 2110 membra
1745 2094 1763 2126 ,
1794 2060 1863 2112 ut
1899 2053 2229 2134 separatim
2268 2055 2337 2116 in

125 2165 222 2207 suo
247 2155 510 2230 utroque
530 2165 751 2227 qenere
777 2143 1168 2206 similitudine
1196 2144 1318 2206 sint
1344 2167 1415 2207 ea
1445 2143 1763 2228 (Florent.
1791 2147 2212 2213 similitudines
2239 2152 2332 2214 in-

125 2243 232 2326 tra)
246 2244 443 2327 paria
460 2240 495 2304 52
2017 2308 2025 2315 .

274 2340 414 2404 376.
446 2361 686 2402 PAvu'
716 2360 1039 2412 AEQUOR
1069 2359 1463 2402 HARENAM
1486 2386 1502 2403 .
1533 2338 1924 2419 Quadratus
1949 2350 2016 2407 et
2039 2343 2336 2411 schedae

127 2437 413 2502 buranam
429 2488 443 2511 .
472 2436 742 2502 Nonius
759 2458 822 2522 p.
841 2435 979 2517 503,
998 2436 1075 2499 27
1097 2437 1284 2500 Lavit
1293 2461 1414 2524 pro
1436 2440 1602 2503 lavat
1801 2440 2126 2508 Lucretius
2145 2445 2243 2508 lib.
2268 2468 2336 2510 II

129 2535 342 2600 Litoris
382 2538 631 2601 incurvi
671 2536 937 2599 bibulam
979 2536 1126 2599 lavit
1165 2559 1395 2622 aequor
1437 2537 1735 2601 harenam
1768 2587 1781 2600 .
1829 2538 1963 2603 hoc
2004 2541 2335 2608 Marullus

127 2635 552 2720 praeoptavit>
579 2682 595 2709 ‚
620 2634 780 2697 item
812 2631 1130 2696 Heinsius
1162 2632 1252 2697 ad
1277 2631 1505 2699 Ovidii
1531 2638 2096 2724 metamorphosis
2113 2690 2130 2717 ,
2159 2642 2333 2708 libro

127 2731 400 2807 v11‚267:
427 2754 561 2818 ego
583 2738 898 2795 neutrum
929 2731 1123 2795 alteri
1151 2740 1504 2818 praestare
1528 2734 1758 2817 viudico
1777 2782 1793 2799 .

279 2831 418 2896 381.
467 2830 946 2894 PERFAOILE
990 2852 1137 2894 Esr
1180 2851 1422 2895 ANIMI
1452 2824 1812 2897 ΒἌΤῙΟΝΕ
1854 2860 2334 2904 EXSOLVERE

130 2950 167 2989 N
184 2951 307 2992 0131
326 2953 358 2994 s
382 2979 396 2994 .
419 2931 642 2995 Animi
667 2929 964 2993 rationem
991 2929 1348 2994 Lucretius
1376 2938 1519 2995 tum
1552 2931 1715 2996 dicit
1735 2981 1750 3008 ‚
1783 2955 1934 3000 cum
1963 2937 2026 3000 ei
2054 2940 2341 3023 opponit

130 3048 348 3108 sensus,
372 3052 414 3104 1,
431 3027 562 3092 425
592 3026 714 3093 448
745 3049 832 3102 1v,
850 3026 973 3092 384
1003 3074 1017 3089 .
1048 3027 1239 3111 quod
1268 3050 1416 3092 cum
1445 3029 1579 3094 hoc
1607 3030 1760 3095 loco
1785 3055 1930 3102 non
1954 3032 2163 3100 faciat
2182 3084 2198 3112 ,
2227 3059 2337 3101 ac-

134 3123 296 3188 cedit
320 3125 534 3211 ‘quod
575 3110 869 3209 ea⁸quae
897 3146 1075 3188 nunc
1105 3132 1380 3191 acturus
1412 3135 1517 3192 est
1546 3150 1696 3193 cum
1727 3133 2189 3216 superioribus
2222 3136 2338 3200 ali-

136 3241 255 3303 quo
282 3222 557 3289 vinculo
590 3224 915 3287 orationis
947 3225 1320 3310 constringi
1349 3226 1731 3293 debuerunt
1753 3279 1766 3292 .
1796 3229 1930 3294 hoc
1961 3253 2111 3297 cum
2139 3233 2339 3299 Lam-

131 3315 314 3383 binus
352 3320 803 3386 intellexisset
839 3369 853 3395 ,
897 3320 1111 3385 edidit
1150 3322 1459 3407 Perfacile
1498 3336 1584 3389 est
1612 3328 1740 3390 iam
1780 3376 1793 3390 .
1842 3329 1968 3393 sed
2004 3331 2229 3416 aptius
2272 3341 2342 3397 et

135 3414 483 3500 simplicius
529 3426 632 3483 est
672 3419 983 3505 Perfacile
1027 3431 1110 3484 est
1150 3442 1299 3485 'rAL
1314 3444 1338 3484 1
1383 3425 1618 3488 ratione
1659 3429 1956 3492 exsolvere
1996 3431 2165 3496 nobis
2195 3481 2209 3494 .
2242 3434 2340 3497 sic

134 3514 320 3592 paulo
350 3524 511 3580 ante
528 3518 731 3601 parili
756 3519 990 3581 ratione
1019 3538 1099 3579 ac
1126 3520 1314 3582 simili
1340 3522 1577 3585 ratione
1594 3570 1609 3585 .

285 3613 423 3679 382.
451 3613 738 3693 QUARE
770 3637 1224 3680 Fumvum-:us
1256 3640 1523 3682 LONGE
1548 3644 2115 3690 PENETRALIOR
2143 3651 2337 3692 IGNE

141 3702 345 3782 QUAM
368 3734 690 3776 nosrnn
718 3733 972 3776 FLUAT
1003 3736 1041 3776 Ε
1078 3735 1378 3780 ‘rAEms
1409 3739 2014 3788 ‘snam-:strumus
2049 3714 2337 3792 curus.

141 3798 475 3895 Oblongus
506 3812 795 3894 penetral
820 3836 844 3893 ,·
879 3812 961 3876 iis
1018 3812 1280 3879 omissis
1333 3838 1507 3901 quae
1550 3816 1804 3883 habent
1849 3821 2223 3905 quadratus
2270 3834 2340 3891 et

141 3899 415 3971 schedae
435 3956 451 3984 ,
475 3910 571 3972 ior
591 3910 729 3993 iyne
750 3958 763 3972 .
786 3910 940 3975 Itali
963 3920 1031 3976 et,
1052 3911 1362 3999 impressi
1392 3937 1415 3978 1
1432 3937 1474 3978 G
1489 3939 1570 3979 m
1586 3939 1618 3980 s
1638 3965 1652 3980 .
1677 3918 1801 3982 sed
1827 3919 2032 3985 iidem
2049 3936 2337 4007 penetra-

142 3996 245 4061 lius
261 4003 367 4067 vel
381 4007 820 4091 penetrabilius
838 4034 857 4070 .-
878 4008 1223 4074 Bentleius
1244 4012 1455 4075 multo
1487 4014 1721 4079 melius
1739 4062 1756 4090 ,
1781 4019 1938 4103 quia
1964 4020 2139 4107 ignis
2170 4045 2339 4108 quo-

140 4098 326 4164 modo
338 4103 541 4190 fluere
573 4104 840 4171 dicatur
856 4107 1153 4195 intellegi
1174 4131 1311 4173 non
1340 4102 1572 4195 potest
1593 4161 1609 4189 ,
1649 4115 1847 4194 Quam
1871 4130 2070 4183 noster
2091 4143 2128 4183 F
2146 4143 2246 4184 uA
2262 4146 2303 4185 'r
2323 4171 2337 4185 .

142 4186 424 4267 Isidorus
455 4203 785 4290 originum
813 4228 957 4280 xm,
975 4205 1014 4269 9
1044 4207 1190 4271 Ideo
1220 4218 1418 4272 autem
1428 4209 1721 4294 fulminis
1746 4216 1946 4299 iynem
1972 4219 2093 4280 vim
2120 4218 2340 4284 habere
2445 4201 2458 4217 ⁰

143 4295 415 4363 maiorem
456 4304 542 4368 ad
556 4305 1003 4388 penetrandum
1035 4353 1053 4383 ,
1090 4307 1236 4392 quia
1274 4308 1679 4375 subtilioribus
1706 4314 2005 4378 elementis
2014 4315 2226 4401 factus
2256 4328 2343 4379 est

144 4406 313 4468 quam
337 4412 566 4479 noster,
601 4402 670 4464 id
696 4413 780 4464 est
806 4403 914 4487 qui
936 4403 1106 4466 nobis
1129 4404 1195 4467 in
1222 4428 1338 4467 usu
1367 4417 1485 4469 est.
1516 4406 1694 4471 idem
1727 4409 1812 4473 de
1842 4418 2084 4474 natura
2112 4433 2335 4478 rerum
