2840 5008
1205 424 1263 491 11
2057 489 2076 500 ,
2166 463 2173 471 -
2253 427 2342 518 99

106 625 408 689 corpora
458 609 531 665 et
573 600 851 663 laedunt
894 615 1131 662 sensus
1173 647 1189 672 ‚
1232 620 1522 686 venenum
1572 600 1837 662 sensibus
1882 601 2023 662 sive
2066 622 2346 662 sensuum

104 724 252 769 esse
283 701 620 765 dicuntur
640 747 653 761 .
678 697 773 761 sic
802 697 867 759 in
897 695 1070 761 libro
1102 718 1190 769 νι,
1208 696 1331 758 974
1362 697 1644 782 ,Denique
1675 698 2100 760 amaracinum
2111 696 2349 782 fuqitat

103 824 201 863 sus
247 811 307 863 et
352 801 534 862 timet
572 820 744 860 omne
788 796 1122 879 Unyentum
1156 821 1177 856 .·
1219 818 1366 857 nam
1408 796 1721 879 eaetiyeris
1762 796 1943 858 subus
1987 819 2128 859 acre
2172 821 2344 861 vene-
2437 823 2442 828 ·

106 909 306 962 num-st
327 946 341 960 .
372 896 607 966 Varro
638 915 861 957 rerum
882 892 1287 956 rusticarum
1312 892 1483 957 libro
1510 917 1551 967 1,
1570 893 1628 968 2,
1655 894 1728 956 19
1759 894 1886 955 eius
1908 895 2065 956 enim
2087 896 2346 959 salivam

109 1019 227 1059 esse
258 996 551 1082 fructuis
591 1015 882 1058 venenum
923 1039 934 1053 .
983 990 1084 1068 45,
1102 990 1141 1053 2
1170 1014 1460 1081 venenum
1488 993 1645 1054 enim
1670 992 1874 1075 yolum
1911 993 2219 1055 radicibus
2262 1004 2343 1057 te-

110 1095 282 1157 nellis
323 1093 443 1155 sub
485 1103 654 1155 terra
675 1138 692 1168 ‚
722 1101 778 1153 et
811 1112 1008 1173 supra
1045 1090 1320 1174 vir-quui&
1362 1135 1375 1151 .
1420 1088 1572 1168 51,1
1619 1090 1822 1173 itaque
1864 1112 2120 1153 amurca
2159 1092 2349 1154 solent

108 1191 491 1278 perfundere
526 1214 547 1251 .·
587 1211 661 1251 ea
700 1188 860 1250 enim
900 1186 1228 1249 herbarum
1261 1197 1318 1248 et
1340 1186 1766 1272 formicarum
1801 1198 1856 1249 et
1897 1188 2207 1272 talparum
2247 1213 2340 1253 ve-

113 1292 334 1351 n’enum
353 1337 366 1349 .

273 1384 426 1448 465.
460 1403 761 1446 mmmm
794 1403 1190 1445 nmmum:
1222 1403 1481 1444 namn·
1505 1429 1518 1443 .
1550 1384 1687 1444 Aut
1713 1382 1915 1465 periit
1941 1382 2054 1446 hie
2077 1403 2348 1460 versus⁹

118 1483 298 1547 velut
327 1483 388 1546 si
418 1481 608 1545 hunc
637 1480 961 1564 fingamus
994 1501 1079 1543 ex
1106 1479 1279 1543 libro
1310 1501 1371 1553 v,
1390 1477 1511 1541 487
1547 1526 1562 1551 ,
1606 1479 1757 1543 Esse
1787 1528 1804 1558 ‚
1845 1482 2012 1567 quod
2037 1503 2349 1566 expressus

120 1583 303 1644 terrai
333 1603 601 1664 corpore
620 1580 949 1663 primumst
980 1603 1000 1640 .·
1043 1584 1192 1652 aut,
1217 1576 1403 1660 quod
1428 1576 1653 1640 verius
1683 1585 1851 1663 puto
1870 1625 1886 1654 ‚
1917 1579 2348 1644 scribendum

123 1686 221 1742 est
245 1679 539 1741 mirabile
570 1699 614 1739 11
629 1699 726 1739 AB
744 1698 781 1738 E
796 1699 836 1737 13
857 1699 879 1738 1
896 1698 960 1739 s.
988 1696 1181 1759 quem
1207 1673 1572 1738 admodum
1594 1673 1705 1739 hic
1727 1677 1928 1751 debet,
1951 1677 2046 1740 ita
2074 1677 2143 1740 in
2172 1678 2349 1750 1‚758

124 1776 291 1839 habes
320 1775 658 1859 scriptum
691 1781 794 1837 est
823 1794 950 1857 pro
980 1773 1223 1836 habebi-s
1261 1821 1273 1834 .
1318 1773 1533 1836 minus
1562 1774 1736 1838 bene
1764 1774 2092 1839 Marullus
2125 1786 2211 1838 est
2233 1778 2348 1839 mi-

124 1875 272 1937 nime
299 1872 593 1935 mirabile
621 1870 961 1934 habendum
979 1910 1002 1933 .-

280 1970 429 2034 466.
459 1969 651 2033 ΝΛΜ
683 1991 892 2043 ouon
926 1990 1332 2032 FLuvas
1371 1991 1516 2031 Esr
1552 2016 1567 2042 ‚
1610 1992 1648 2031 Ε
1692 1992 2038 2034 Lx-:vmus
2082 1994 2350 2047 Arous

130 2090 540 2132 nux-umus
571 2067 736 2131 Esr
770 2114 785 2141 ‚
828 2089 864 2128 Ε
909 2074 1257 2129 st‘mus
1288 2087 1546 2140 Arous
1578 2088 1941 2129 num-omn
1972 2088 2350 2134 AnnuxrA

131 2187 272 2230 noL
289 2189 328 2231 o
345 2189 388 2230 n
406 2190 428 2230 1
445 2190 482 2230 s
514 2164 564 2229 C
583 2188 727 2228 onP
746 2187 785 2228 o
804 2186 901 2227 uA
927 2212 941 2227 .
967 2162 1141 2226 Olim
1172 2163 1480 2249 impressi
1511 2171 1580 2227 et
1607 2162 1935 2227 Marullus
1969 2165 2350 2256 undefluvi-

133 2265 265 2336 dum
294 2276 379 2328 est
405 2263 824 2347 sumpserint
850 2263 1090 2348 ignoro
1117 2311 1130 2324 .
1152 2261 1372 2324 Ennio
1406 2259 1675 2344 quidem
1706 2281 2100 2326 concessum
2129 2263 2255 2328 fuit
2277 2274 2352 2328 ut

134 2359 375 2426 diceret
419 2364 603 2426 Dum
640 2362 881 2447 quidem
922 2382 1080 2423 unas·
1121 2359 1295 2424 homo
1338 2406 1352 2432 ‚
1399 2360 1703 2422 Romanu’
1744 2371 1879 2444 toya
1909 2409 1923 2432 ‚
1951 2383 2136 2444 super
2178 2364 2349 2426 escit.

134 2459 239 2522 ubi
269 2459 782 2528 Lindemannus
825 2457 914 2523 ad
942 2457 1218 2523 Festum
1263 2478 1326 2542 p.
1357 2456 1479 2521 673
1515 2450 1619 2520 ‘In
1660 2458 1899 2544 quidem
1940 2457 2174 2523 ultima
2215 2482 2350 2525 non

138 2556 405 2623 eliditur'
435 2558 699 2643 inquit,
724 2551 830 2620 ‘ut
876 2577 1080 2641 saepe
1125 2556 1311 2640 apud
1339 2555 1691 2619 Ennium.'
1721 2556 1817 2616 ita
1842 2554 2089 2619 'divites
2111 2557 2352 2625 locun-

138 2663 238 2719 tur
257 2705 274 2736 ,
304 2659 418 2741 qui
447 2657 816 2722 thesauros
847 2677 1008 2720 suos
1038 2657 1279 2719 nolunt
1307 2653 1657 2718 recludere
1682 2700 1696 2714 .
1726 2651 1887 2716 mihi
1917 2674 2091 2718 unus
2123 2676 2206 2719 ex
2238 2678 2351 2721 eo·

141 2751 278 2816 ‹lem
318 2776 576 2841 genere
603 2776 841 2818 versus
869 2753 1068 2819 Ennii
1114 2753 1408 2817 innotuit
1439 2797 1455 2824 ,
1499 2751 1797 2835 Insiyoetita
1824 2750 1970 2836 fere
2012 2764 2136 2817 tam
2175 2756 2352 2821 milia

139 2852 381 2915 militum
409 2864 584 2919 octo:
607 2852 812 2916 ceteri
840 2852 1085 2936 poetae
1116 2850 1282 2914 nihil
1314 2848 1455 2911 eius
1485 2847 1669 2911 modi
1698 2847 2115 2913 admiserunt
2136 2898 2152 2925 ‚
2186 2853 2350 2937 quid

143 2950 314 3031 quod
353 2974 439 3016 ne
494 2972 580 3014 ex
609 2950 821 3013 altero
855 2948 1123 3033 quidem
1154 2948 1379 3009 hiatus
1408 2966 1656 3030 genere
1683 2945 1859 3009 ullus
1888 2945 2089 3012 Ennii
2115 2970 2352 3020 versus

145 3054 317 3112 extat
350 3073 366 3125 ς
412 3048 530 3114 cui
572 3046 876 3132 plerique
904 3043 1230 3110 Lucilium
1269 3043 1336 3105 in
1367 3043 1599 3126 primis
1631 3043 1972 3110 studuisse
2002 3068 2139 3109 non
2167 3043 2355 3112 recte

146 3146 544 3228 opinantur:
597 3166 745 3208 nam
789 3143 989 3206 huius
1029 3141 1073 3203 ii
1108 3162 1347 3203 versus
1391 3160 1564 3223 quos
1606 3140 1815 3205 habet
1842 3141 2227 3229 Porphyrio
2266 3147 2354 3209 ad

147 3239 391 3310 Horatii
424 3264 813 3311 sermonum
843 3265 884 3317 1,
904 3244 961 3315 3,
986 3240 1101 3303 124
1131 3238 1432 3324 intellegi
1458 3259 1596 3302 non
1636 3247 1923 3322 possunt
1951 3289 1968 3320 ,
2013 3242 2143 3305 nisi
2179 3243 2355 3308 inter

149 3341 311 3404 etia'm
337 3343 495 3408 haec
521 3341 898 3406 infulcimus
929 3341 1036 3425 qui
1076 3360 1454 3423 pronomen
1487 3360 1504 3413 ς
1540 3361 1661 3402 non
1691 3339 1836 3401 devm
1865 3342 2046 3404 etiam
2074 3344 2181 3427 qui
2207 3342 2358 3412 Izaec

148 3441 335 3502 omnia
374 3441 616 3506 habebit
652 3487 667 3514 ‚
708 3438 1033 3502 Formosus
1078 3437 1238 3500 dives
1279 3437 1431 3499 liber
1471 3459 1583 3499 rex
1624 3438 1770 3500 solu’
1797 3450 2036 3502 vocetur
2067 3439 2098 3502 ’.ἲ
2136 3461 2357 3524 neque

151 3534 317 3615 apud
343 3536 635 3624 Nonium
662 3556 725 3619 p.
751 3534 885 3608 161,
910 3534 984 3598 17
1009 3534 1212 3598 scribi
1236 3533 1444 3598 debet
1464 3533 1776 3619 Infama'm
1802 3535 2208 3614 inhonestam,
2234 3540 2355 3602 sed

156 3628 445 3714 Infmnam
475 3645 788 3718 eye-§tatem
815 3644 1166 3718 turpemque
1196 3632 1388 3695 odisse
1405 3632 1706 3715 popinam
1726 3679 1743 3710 ,
1774 3632 1890 3696 ubi
1917 3632 2071 3697 libri
2100 3632 2359 3699 habent

155 3724 443 3810 Infamam
473 3731 780 3796 honestam
796 3756 819 3812 ,-
852 3752 1068 3816 neque
1104 3729 1354 3795 ibidem
1384 3751 1450 3812 p.
1478 3728 1619 3803 398,
1637 3728 1718 3792 33
1750 3728 2033 3792 Samiam
2059 3731 2146 3794 ibi
2175 3780 2192 3811 ,
2233 3733 2358 3798 sed

155 3816 274 3886 hoc
300 3829 502 3894 modo
527 3875 542 3904 ‚
574 3828 757 3892 Hanc
798 3829 900 3891 ubi
937 3829 1063 3891 vult
1094 3828 1255 3890 male
1283 3826 1507 3891 habere
1526 3873 1542 3903 ‚
1572 3827 1783 3890 ulcisci
1799 3829 2168 3911 pra-scelere
2196 3832 2357 3912 eius,

166 3916 378 3987 'sestam
418 3927 603 3990 smnit
642 3926 817 3991 homo
859 3925 1138 3990 Samiam
1181 3925 1298 3987 sibi
1326 3973 1343 4004 ,
1381 3919 1724 4011 ‘anapheld’
1767 3926 2005 4010 inquit,
2053 3928 2364 3993 Praecidit

161 4018 373 4082 cautem
404 4070 420 4101 ,
470 4023 743 4108 testisque
770 4044 896 4086 una
925 4033 1199 4108 amputat
1225 4023 1400 4086 ambo
1432 4070 1448 4101 ,
1493 4044 1642 4087 cum
1670 4023 1741 4086 in
1769 4022 1956 4087 libris
1987 4025 2076 4090 sit
2101 4028 2361 4090 Samiam

161 4108 234 4171 ibi
273 4121 586 4185 ammoteto
626 4121 825 4205 inquit
850 4168 863 4182 .
893 4119 1027 4183 hoe
1072 4126 1299 4185 tamen
1343 4119 1558 4185 altero
1604 4141 1849 4206 genere
1896 4121 2232 4188 Tibullum
2280 4145 2360 4187 ac

162 4200 570 4293 Propertium
597 4238 759 4280 usos
791 4238 939 4280 esse
968 4238 1107 4294 non
1135 4238 1309 4302 nego
1341 4240 1354 4278 :
1396 4239 1618 4301 neque
1659 4218 1730 4281 id
1761 4239 1800 4280 a
1830 4218 2141 4283 Martiale
2172 4222 2357 4285 abiu-

165 4297 497 4376 dicandum
532 4321 638 4377 est
661 4362 675 4388 ,
707 4316 820 4397 qui
851 4315 1123 4398 scripsit
1151 4316 1219 4379 in
1243 4338 1338 4389 111,
1359 4317 1397 4378 3
1420 4319 1550 4378 Aut
1578 4318 1753 4400 aperi
1764 4315 2002 4401 faeiem
2023 4366 2037 4392 ‚
2069 4329 2175 4380 aut
2199 4309 2361 4379 ami-

164 4410 286 4462 cata
325 4407 460 4471 lava
498 4436 517 4473 .·
579 4410 701 4473 sed
754 4411 936 4494 apud
987 4410 1320 4475 Catullum
1365 4413 1463 4487 97,
1484 4411 1522 4474 2
1568 4412 1721 4476 Itali
1773 4420 1956 4476 recte
2002 4438 2077 4476 ne
2124 4411 2359 4479 addito

1889 4530 1908 4569 l
1939 4513 1960 4535 .
