2840 5008
473 357 608 428 122
1202 351 1207 356 ·
1250 307 1255 312 ’
1527 345 1668 430 ΗΠ

465 533 943 617 multiplexque
971 532 1101 597 loci
1131 534 1412 618 spatium
1443 541 1903 600 transcurrere
1935 533 2171 599 eodem

463 626 765 735 tempore
798 669 931 732 quo
964 648 1123 713 solis
1151 649 1554 734 pervolgant
1581 649 1828 713 lumina
1857 649 2156 714 caelum?

463 764 595 828 hoc
626 763 820 827 etiam
846 764 916 828 in
944 763 1171 850 primis
1201 763 1537 847 specimen
1567 785 1798 829 verum
1828 786 1975 828 esse
2004 764 2299 841 videtur,

318 897 414 942 210
461 900 658 964 quam
689 879 886 942 celeri
913 887 1099 944 motu
1127 899 1347 942 rerum
1378 878 1727 943 simulacra
1753 879 2053 944 ferantur
2068 928 2084 955 ‚

459 993 646 1079 quod
673 993 864 1056 simul
893 1016 972 1060 ac
1001 994 1278 1079 primum
1311 994 1436 1057 sub
1468 993 1583 1058 diu
1611 993 1933 1079 splendor
1963 996 2160 1079 aquai

459 1110 728 1197 ponitur
745 1157 760 1182 ‚
786 1108 1116 1193 extemplo
1148 1109 1332 1173 caelo
1364 1109 1671 1173 stellante
1702 1129 1941 1174 serena

462 1224 685 1289 sidera
711 1223 1127 1309 respondent
1154 1224 1232 1287 ina
1251 1243 1427 1308 aqua
1455 1222 1787 1288 radiantia
1812 1223 2063 1288 mundo
2080 1273 2093 1288 .

463 1341 678 1405 iamne
707 1340 899 1404 vides
928 1340 1129 1425 igitur
1158 1360 1355 1424 quam
1385 1327 1638 1425 puncto
1667 1347 1971 1425 tempore
1998 1340 2213 1425 imago

316 1473 412 1517 215
458 1455 748 1519 aetheris
780 1477 865 1519 ex
894 1456 1029 1519 oris
1056 1455 1125 1518 in
1157 1463 1484 1518 terrarum
1512 1452 1772 1518 accidat
1802 1454 2002 1518 oras?
2083 1503 2090 1513 .

458 1569 666 1656 q'uare
697 1572 1130 1654 etiamatque
1162 1570 1355 1634 etiam
1384 1570 1551 1634 mitti
1579 1568 1832 1633 fateare
1860 1578 2207 1633 necessest

458 1707 749 1773 corpora
778 1706 947 1770 quae
976 1683 1220 1748 feriant
1247 1685 1479 1748 oculos
1507 1684 1852 1769 visumque
1880 1684 2243 1748 lacessant:

416 1837 424 1845 ·
453 1808 922 1886 perpetuoque
949 1798 1163 1863 fluunt
1193 1800 1393 1863 certis
1424 1800 1508 1863 ab
1537 1799 1739 1863 rebus
1771 1797 2049 1875 odores3

453 1916 665 2002 frigus
693 1923 771 1978 ut
799 1936 840 1978 a
866 1914 1080 1978 fluviis
1099 1963 1115 1989 ‚
1139 1914 1320 1978 calor
1349 1915 1436 1978 ab
1466 1914 1607 1978 sole
1626 1962 1642 1989 ,
1666 1920 1894 1978 aestus
1924 1914 2009 1977 ab
2040 1912 2236 1978 undis

309 2047 406 2095 220
426 2030 762 2115 'aequoris
781 2081 796 2107 ‚
823 2052 1063 2094 exesor
1093 2050 1473 2093 moerorum
1490 2078 1506 2104 ‚
1533 2029 1732 2092 litora
1761 2028 2037 2091 circum:

449 2167 575 2211 nec
603 2146 827 2209 variae
858 2152 1126 2209 cessant
1154 2166 1356 2208 voces
1386 2145 1665 2210 volitare
1693 2164 1815 2228 per
1844 2164 2074 2206 auras:

453 2262 741 2347 denique
767 2261 837 2325 in
867 2282 943 2324 os
972 2260 1129 2324 salsi
1158 2260 1341 2324 venit
1367 2281 1560 2324 umor
1589 2274 1791 2346 saepe
1821 2258 2115 2344 saporiS‚

451 2400 600 2442 cum
627 2398 808 2439 mare
837 2395 1180 2439 versamur
1206 2381 1488 2460 propter
1506 2423 1521 2449 ‚
1546 2373 1890 2459 dilutaque
1920 2381 2155 2438 contra

450 2515 599 2558 cum
628 2493 873 2558 tuimur
901 2489 1164 2556 misceri
1190 2489 1523 2557 absinthia
1540 2539 1556 2566 ‚
1579 2490 1796 2575 tangit
1822 2511 2110 2554 amaror.

305 2625 400 2669 225
446 2629 661 2693 usque
692 2608 862 2673 adeo
893 2608 1198 2673 omnibus
1228 2607 1312 2670 ab
1343 2606 1546 2693 rebus
1573 2626 1682 2668 res
1713 2627 2020 2691 quaeque
2048 2603 2328 2668 fluenter

446 2722 663 2787 fertur
694 2731 760 2787 et
786 2725 854 2787 in
884 2730 1157 2791 cunctas
1190 2721 1541 2786 dimittitur
1570 2719 1866 2805 undique
1894 2720 2106 2805 partis
2121 2768 2136 2794 ‚
2334 2720 2340 2726 ’

447 2859 574 2902 nec
604 2859 790 2901 mora
817 2859 942 2900 nec
972 2839 1236 2922 requies
1266 2837 1443 2900 inter
1474 2834 1674 2900 datur
1703 2836 1838 2899 ulla
1865 2833 2142 2909 fluendi,

446 2959 775 3039 perpetuo
807 2952 1118 3036 quoniam
1147 2951 1466 3049 sentimus
1498 2932 1568 3013 et
1599 2950 1818 3013 omnia
1846 2970 2108 3036 semper
2128 2998 2141 3011 .

304 3085 403 3132 230
531 3067 888 3131 Praeterea
917 3066 1231 3151 quoniam
1257 3065 1561 3128 manibus
1590 3072 1877 3128 tractata
1904 3064 2116 3150 figura

445 3184 513 3246 in
540 3182 835 3247 tenebris
866 3180 1193 3266 quaedam
1222 3178 1653 3265 cognoscitur
1680 3201 1831 3243 esse
1862 3178 2093 3244 eadem
2123 3200 2292 3264 quae
2364 3204 2408 3239 ο

448 3298 741 3363 cernitur
767 3297 836 3360 in
862 3297 1009 3361 luce
1040 3304 1109 3360 et
1138 3296 1319 3360 claro
1351 3293 1647 3361 candore
1666 3345 1681 3372 ‚
1703 3303 2045 3359 necessest

446 3412 768 3477 consimili
799 3433 999 3475 causa
1026 3419 1279 3476 tactum
1306 3411 1656 3496 visumque
1687 3411 1971 3475 moveri.

443 3549 621 3591 nunc
647 3526 847 3613 igitur
878 3527 932 3590 si
965 3524 1362 3611 quadratum
1392 3534 1793 3611 temptamus
1825 3533 1894 3590 et
1919 3524 1992 3589 id
2020 3547 2145 3588 nos

299 3661 396 3706 235
444 3650 817 3708 commovet
843 3642 913 3705 in
940 3641 1234 3707 tenebris
1254 3689 1269 3716 ‚
1289 3641 1356 3703 in
1386 3640 1517 3705 luci
1550 3663 1720 3726 quae
1750 3641 2003 3726 poterit
2030 3661 2138 3703 res

439 3758 746 3823 accidere
776 3757 864 3821 ad
893 3757 1183 3843 speciem
1213 3756 1578 3842 quadrata,
1602 3757 1728 3824 nisi
1760 3757 1898 3819 eius
1929 3756 2144 3840 imago
2167 3754 2198 3816 P

443 3895 594 3937 esse
621 3875 691 3937 in
717 3874 1108 3960 imaginibus
1138 3894 1273 3957 qua
1303 3872 1579 3960 propter
1609 3894 1811 3935 causa
1839 3869 2104 3935 videtur

448 4080 713 4087 ψ
726 4081 851 4086 >——‚--

447 4197 546 4242 210
582 4197 781 4242 motum
835 4188 855 4257 Η
911 4195 1006 4240 213
1045 4186 1251 4240 mundi.
1304 4186 1324 4256 ΙΙ
1385 4193 1485 4238 216
1521 4163 1650 4239 mira
1706 4186 1724 4255 ΙΙ
1780 4193 1878 4239 218
1916 4185 2081 4239 fluant
2135 4187 2153 4254 ΙΙ
2211 4193 2309 4238 220
2347 4203 2645 4239 mem-orum
2678 4189 2697 4257 11

446 4279 542 4325 222
570 4305 626 4312 --
653 4278 751 4324 228
787 4274 890 4326 bis.
964 4271 982 4339 ΙΙ
1055 4277 1153 4322 229
1202 4270 1438 4323 Cernere
1474 4269 1687 4323 odorari
1736 4270 1860 4323 licet
1897 4279 1949 4323 et
1986 4271 2184 4323 sentire
2222 4286 2437 4323 sonare.
2512 4271 2531 4336 ΙΙ
2606 4278 2698 4322 235

447 4356 766 4409 Commovet
802 4356 941 4409 etin
996 4355 1016 4421 Η
1071 4360 1167 4407 237
1208 4355 1328 4424 quia
