2840 5008
474 341 609 408 196
1565 338 1634 404 V

361 544 368 550 ·
464 514 691 579 nubila
708 562 723 590 ,
748 512 884 590 sol,
907 513 1151 576 imbres
1170 558 1185 586 ,
1216 512 1330 574 nix
1349 560 1364 588 ,
1387 511 1602 588 venti,
1626 511 1897 576 fulmina
1915 561 1930 587 ‚
1948 513 2209 597 grando
2226 563 2241 589 ‚
2322 554 2327 566 ·

468 637 534 693 et
561 628 778 715 rapidi
806 628 1109 692 fremitus
1129 677 1143 704 ,
1168 635 1235 691 et
1262 648 1600 690 murmura
1628 647 1868 712 magna
1895 626 2253 691 minarum.

551 743 609 807 O
642 765 851 829 genus
881 742 1109 806 infelix
1135 742 1498 806 humanum
1519 791 1535 817 ‚
1556 742 1712 806 talia
1744 740 1914 805 divis

303 874 431 921 1195
463 880 610 921 cum
640 859 870 923 tribuit
896 857 1075 921 facta
1105 865 1307 942 atque
1335 858 1470 920 iras
1501 855 1802 920 adiunxit
1831 856 2142 919 acerbas!

466 980 760 1059 quantos
783 981 921 1037 tum
952 973 1235 1059 gemitus
1265 972 1392 1058 ipsi
1423 972 1581 1047 sibi,
1607 978 1993 1057 quantaque
2020 971 2216 1034 nobis

358 1105 364 1111 ·
459 1089 736 1152 volnera
754 1137 768 1163 ‚
794 1109 961 1172 quas
990 1087 1294 1151 lacrimas
1322 1107 1649 1173 peperere
1677 1085 2023 1149 minoribu’
2053 1086 2337 1150 nostris!

458 1224 583 1267 nec
613 1203 828 1290 pietas
856 1203 1060 1266 ullast
1087 1202 1378 1266 velatum
1409 1221 1611 1285 saepe
1639 1198 1856 1263 videri

459 1318 708 1381 vertier
739 1316 825 1380 ad
854 1316 1142 1402 lapidem
1175 1302 1379 1401 atque
1412 1316 1623 1379 omnis
1656 1313 1980 1379 accedere
2012 1313 2102 1377 ad
2132 1337 2317 1392 arae,

301 1449 429 1497 1200
459 1455 585 1496 nec
613 1432 1057 1519 procumbere
1084 1420 1266 1495 humi
1295 1438 1709 1517 prostratum
1740 1439 1809 1493 et
1835 1428 2133 1514 pandere
2162 1431 2424 1515 palmas

460 1556 615 1613 ante
647 1546 842 1611 deum
874 1545 1182 1622 delubra,
1205 1566 1329 1608 nec
1360 1567 1512 1610 aras
1542 1545 1860 1631 sanguine
1890 1545 2095 1609 multo

459 1684 775 1750 spargere
806 1659 1316 1747 quadrupedum
1336 1710 1350 1737 ‚
1372 1683 1498 1724 nec
1528 1661 1703 1724 votis
1733 1668 2001 1724 nectere
2032 1668 2221 1741 vota,

459 1778 583 1842 sed
610 1799 800 1863 mage
828 1783 1071 1863 pacata
1098 1798 1299 1861 posse
1329 1778 1549 1840 omnia
1575 1783 1795 1839 mente
1825 1775 2028 1839 tueri.

457 1915 609 1956 nam
641 1915 787 1956 cum
817 1892 1209 1979 suspicimus
1241 1892 1462 1977 magni
1492 1891 1806 1954 caelestia
1833 1888 2062 1953 mundi

295 2025 423 2072 1205
453 2008 702 2094 templa
719 2057 734 2083 ‚
758 2028 960 2092 super
990 2006 1335 2090 stellisque
1363 2007 1759 2071 micantibus
1790 2005 2065 2069 aethera
2092 2005 2327 2079 fixum,

458 2130 525 2187 et
552 2122 737 2188 venit
764 2122 832 2185 in
859 2130 1145 2186 mentem
1174 2122 1332 2185 solis
1362 2122 1692 2206 lunaeque
1721 2122 2002 2198 viarum,
2083 2134 2092 2137 “

451 2247 613 2301 tunc
644 2238 786 2300 aliis
817 2258 1144 2322 oppressa
1172 2236 1359 2299 malis
1389 2237 1456 2300 in
1485 2244 1766 2320 pectora
1796 2257 1955 2301 cura

449 2353 562 2416 illa
593 2372 862 2438 quoque
894 2351 1436 2438 expergefactum
1467 2359 1667 2436 caput
1698 2353 1950 2437 erigere
1979 2351 2151 2426 infit,

451 2489 536 2532 ne
569 2487 740 2554 quae
769 2465 944 2531 forte
976 2465 1171 2530 deum
1200 2466 1396 2530 nobis
1425 2467 1724 2531 inmensa
1753 2475 2057 2555 potestas

291 2599 422 2647 1210
455 2583 541 2647 sit
560 2631 574 2658 ‚
601 2583 788 2647 vario
818 2591 1005 2648 motu
1036 2603 1206 2668 quae
1237 2580 1526 2645 candida
1555 2582 1776 2649 sidera
1805 2591 2058 2647 verset:

450 2705 738 2784 temptat
768 2700 937 2762 enim
969 2696 1236 2761 dubiam
1265 2704 1553 2761 mentem
1582 2698 1857 2762 rationis
1890 2706 2152 2784 egestas
2171 2747 2187 2772 ‚

454 2835 705 2898 ecquae
733 2836 886 2877 nam
914 2813 1116 2877 fuerit
1143 2811 1374 2876 mundi
1401 2813 1704 2898 genitalis
1735 2813 1920 2899 origo
1937 2861 1951 2888 ,

451 2935 519 2992 et
548 2927 738 2991 simul
770 2949 1020 3013 ecquae
1051 2928 1136 2991 sit
1165 2927 1313 2991 finis
1334 2977 1348 3004 ‚
1377 2950 1510 3012 quo
1542 2925 1631 2989 ad
1660 2929 1921 2991 moenia
1947 2926 2175 2992 mundi

450 3043 710 3106 solliciti
739 3051 958 3107 motus
986 3042 1166 3106 hunc
1196 3042 1463 3127 possint
1489 3042 1665 3106 ferre
1694 3042 2021 3114 laborem,
2075 3019 2081 3026 Ι

288 3173 415 3220 1215
448 3180 534 3222 an
565 3156 879 3222 divinitus
910 3165 1186 3221 aeterna
1215 3156 1467 3221 donata
1495 3157 1706 3221 salute

282 3270 290 3283 “
365 3262 381 3270 ’
444 3280 774 3357 perpetuo
806 3273 1070 3359 possint
1099 3273 1246 3337 aevi
1274 3273 1567 3337 labentia
1586 3253 1818 3337 tractu

444 3388 723 3452 inmensi
751 3386 1011 3452 validas
1042 3388 1187 3451 aevi
1219 3396 1645 3451 contemnere
1674 3388 1862 3451 viris.
1925 3437 1926 3440 η

443 3511 794 3589 praeterea
823 3502 930 3566 cui
958 3524 1096 3565 non
1127 3503 1380 3566 animus
1408 3502 1761 3566 formidine
1793 3500 2017 3565 divum

446 3618 865 3682 contrahitur
885 3666 899 3693 ‚
924 3617 1029 3680 cui
1057 3637 1194 3681 non
1225 3624 1590 3702 correpunt
1616 3618 1910 3681 membra
1937 3636 2222 3702 pavore,

282 3748 411 3810 1220
439 3731 726 3796 fulminis
754 3732 1056 3806 horribili
1088 3754 1234 3796 cum
1264 3733 1465 3819 plaga
1493 3732 1752 3798 torrida
1778 3733 1975 3798 tellus

444 3848 797 3911 contremit
827 3855 894 3912 et
920 3869 1230 3934 magnum
1259 3855 1666 3933 percurrunt
1691 3869 2025 3910 murmura
2056 3846 2356 3911 caelum?

440 3984 579 4026 non
607 3963 838 4049 populi
866 3971 1236 4049 gentesque
1265 3970 1559 4028 tremunt
1577 4012 1592 4040 ,
1614 3983 1942 4049 regesque
1973 3963 2243 4048 superbi

446 4248 573 4294 1192
612 4243 827 4296 flumina
880 4243 900 4310 ΙΙ
961 4249 1089 4295 1198
1124 4244 1232 4296 ulla
1266 4245 1550 4298 velatumst
1602 4243 1622 4314 ΙΙ
1666 4250 1791 4297 1203
1828 4244 2035 4314 placata
2071 4243 2091 4314 ΙΙ
2135 4247 2262 4295 1208
2300 4242 2475 4311 eriger-
2516 4244 2538 4312 ΙΙ
2586 4253 2712 4298 1214

439 4326 511 4379 Et
543 4328 689 4379 taciti
728 4326 747 4394 ΙΙ
793 4332 921 4379 1220
961 4325 1185 4380 Fulmini
1225 4329 1244 4396 ΙΙ
1290 4335 1411 4380 1221
1454 4345 1719 4382 murmure
