2840 5008
1193 451 1223 517 I

88 628 164 689 sic
191 626 349 691 alias
381 625 536 689 aliis
569 626 777 687 rebus
805 623 1115 686 mutarier
1145 623 1401 686 omnis?

141 735 241 804 ‘At
267 738 640 802 manifesta
668 737 886 824 palam
917 758 1025 800 res
1053 735 1316 799 indicat'
1346 737 1566 821 inquis
1592 732 1674 801 ‘in
1706 759 1902 803 auras

83 855 226 919 ael-is
255 876 290 916 e
319 861 516 917 terra
545 873 661 915 res
694 851 905 914 omnis
937 872 1240 915 crescere
1271 851 1521 936 alique:

33 982 51 1029 5
85 976 139 1031 et
159 968 273 1030 nisi
302 973 690 1052 tempestas
717 963 1017 1050 indulget
1044 974 1344 1050 tempore
1373 964 1597 1028 fausto

33 1098 51 1144 7
83 1082 287 1165 solque
319 1104 448 1145 sua
479 1102 611 1166 pro
643 1087 836 1165 parte
865 1079 1055 1143 fovet
1081 1079 1448 1164 tribuitque
1481 1079 1769 1143 calorem
1789 1130 1804 1155 ‚

33 1211 52 1258 8
83 1196 374 1260 imbribus
408 1202 479 1258 et
511 1196 674 1259 tabe
704 1193 1070 1255 nimborum
1102 1194 1407 1257 ambusta
1434 1193 1777 1269 vacillent,

33 1324 53 1371 Β
85 1330 356 1372 crescere
385 1331 536 1372 non
566 1307 837 1393 possint
862 1305 1089 1391 fruges
1118 1308 1396 1371 arbusta
1427 1307 1824 1371 animantis?

89 1423 309 1486 scilicet
324 1472 341 1502 ,
369 1434 442 1486 et
471 1422 608 1486 nisi
636 1444 766 1485 nos
797 1421 980 1485 cibus
1011 1421 1237 1485 aridus
1269 1428 1336 1485 et
1363 1429 1558 1484 tener
1585 1443 1777 1485 umor

34 1552 56 1599 ο
89 1518 360 1611 adiuvet,
386 1537 645 1599 amisso
676 1535 802 1599 iam
835 1556 1118 1622 corpore
1147 1536 1286 1599 vita
1316 1556 1586 1619 quoque
1616 1536 1829 1598 omnis

93 1652 365 1714 omnibus
399 1671 437 1712 e
470 1650 702 1714 nervis
733 1657 933 1734 atque
966 1650 1229 1713 ossibus
1262 1649 1678 1713 exsoluatur:

91 1761 437 1827 adiutamur
472 1764 651 1827 enim
682 1762 885 1826 dubio
915 1763 1151 1849 procul
1180 1769 1382 1846 atque
1412 1763 1644 1826 alimur
1673 1786 1800 1828 nos

93 1878 270 1958 certis⁸
291 1879 375 1942 ab
408 1878 658 1953 rebus,
683 1876 895 1940 certis
911 1876 1074 1939 aliae
1105 1883 1309 1961 atque
1339 1877 1503 1943 aliae
1530 1899 1643 1941 res
1660 1928 1673 1941 .

91 1990 146 2052 ni
171 1992 395 2055 mirum
417 2040 434 2067 ‚
465 1991 628 2075 quia
653 1990 862 2054 multa
887 1988 1104 2054 modis
1135 1991 1504 2054 communia
1531 1992 1754 2055 multis

35 2118 55 2161 5
88 2105 416 2170 multarum
445 2126 680 2170 rerum
706 2104 1004 2168 inrebus
1032 2105 1400 2190 primordia
1426 2105 1635 2170 mixta

92 2228 255 2295 sunt,
275 2220 433 2283 ideo
466 2218 672 2282 variis
700 2218 925 2281 variae
952 2241 1063 2282 res
1093 2219 1296 2282 rebus
1327 2220 1622 2282 aluntur.

92 2338 268 2416 atque
297 2333 538 2397 eadem
568 2333 789 2416 magni
816 2332 1021 2396 refert
1051 2332 1413 2416 primordia
1442 2354 1644 2418 saepe

96 2466 219 2509 cum
247 2449 495 2533 quibus
528 2453 596 2511 et
625 2446 805 2531 quali
833 2431 1139 2532 positura
1167 2448 1633 2512 contineantur

97 2567 150 2622 et
175 2582 334 2645 quos
354 2563 547 2625 «inter
579 2582 651 2623 se
682 2559 844 2624 dent
870 2569 1093 2625 motus
1124 2562 1619 2647 accipiantque:

33 2683 65 2730 ιο
99 2693 359 2759 namque
392 2674 633 2739 eadem
664 2674 917 2739 caelum
943 2697 1122 2740 mare
1151 2685 1369 2740 terras
1398 2676 1665 2740 flumina
1695 2678 1902 2741 solem

100 2790 526 2868 constituunt,
552 2787 782 2880 eadem
810 2788 1037 2875 fruges
1068 2792 1346 2854 arbusta
1376 2790 1756 2871 animantis,

102 2920 306 2965 verum
335 2904 485 2968 aliis
516 2904 781 2988 alioque
809 2902 1012 2967 modo
1045 2905 1401 2968 commixta
1428 2914 1806 2969 moventur.

99 3014 231 3095 quin
260 3018 456 3081 etiam
486 3018 735 3103 passim
763 3018 1013 3081 nostris
1041 3019 1109 3080 in
1139 3019 1445 3084 versibus
1474 3018 1639 3103 ipsis

101 3128 282 3192 multa
310 3132 641 3195 elementa
666 3129 858 3194 vides
886 3132 1109 3196 multis
1140 3133 1512 3196 communia
1537 3135 1761 3198 verbis
1780 3184 1794 3210 ‚

33 3247 67 3294 25
103 3259 226 3303 cum
249 3251 477 3308 tamen
502 3245 679 3308 inter
709 3266 781 3308 se
810 3267 1050 3310 versus
1081 3269 1159 3311 ac
1188 3248 1399 3311 verba
1424 3256 1771 3313 necessest

104 3356 437 3422 confiteare
471 3365 539 3422 et
569 3380 643 3430 re
675 3366 742 3422 et
771 3361 993 3423 sonitu
1024 3359 1272 3424 distare
1303 3362 1574 3425 sonanti
1589 3411 1610 3424 ,Α

99 3472 329 3535 tantum
361 3473 689 3536 elementa
717 3481 971 3557 queunt
1001 3483 1377 3558 permutato
1410 3475 1645 3539 ordine
1677 3477 1854 3540 solo:

104 3587 395 3648 atterum
426 3607 613 3670 quae,
631 3593 789 3650 sunt
815 3587 1179 3672 primordia
1196 3637 1211 3665 ,
1232 3591 1427 3675 plura
1455 3590 1775 3654 adhibere

108 3705 367 3775 possunt
392 3699 574 3762 unde
607 3709 856 3784 queant
883 3703 1106 3784 variae
1135 3726 1244 3768 res
1277 3726 1581 3790 quaeque
1612 3706 1849 3768 creari.

33 3814 70 3862 ³0
171 3808 357 3875 Nunc
386 3820 463 3875 ut
489 3814 932 3899 Anaxagorae
965 3824 1332 3881 scrutemur
1361 3818 1901 3883 homoeomerian

109 3939 279 4001 quam
312 3924 476 3988 Grai
503 3936 875 3992 memorant
899 3952 1025 3995 nec
1052 3940 1286 3996 nostra
1315 3931 1537 3996 dicere
1566 3933 1791 4018 lingua

109 4037 394 4101 concedit
420 4041 617 4130 nobis
648 4043 846 4125 patrii
875 4046 1197 4109 sermonis
1230 4053 1522 4132 egestaS,

109 4146 212 4210 sed
236 4158 455 4216 tamen
481 4155 699 4239 ipsam
725 4178 867 4220 rem
894 4157 1154 4223 facilest
1183 4182 1523 4247 exponere
1552 4162 1775 4226 verbis
1793 4209 1808 4236 ,

114 4392 196 4441 806
230 4395 437 4450 arbusta
471 4400 491 4468 ΙΙ
529 4406 628 4452 814
666 4401 990 4457 multimodis
1029 4406 1048 4474 ΙΙ
1085 4412 1182 4459 824
1218 4405 1398 4459 bellis.
1437 4408 1455 4474 ΙΙ
1495 4412 1593 4460 830
1633 4414 1685 4458 et

2246 454 2335 521 29
