2840 5008
527 404 664 472 394
1579 401 1676 468 VI

519 584 624 642 est
647 600 832 663 praes
864 583 931 640 et
950 578 1254 661 praedia.
1302 582 1584 659 propter
1614 575 1768 640 Chr.
1791 576 2093 641 Iahnium
2120 627 2135 651 ‚
2180 578 2297 662 qui
2327 579 2611 643 Heinsio
2649 581 2723 644 ad

519 675 744 740 Ovidii
773 682 985 738 artem
1018 698 1058 748 1,
1085 674 1187 737 161
1238 680 1424 736 recte
1464 676 1906 760 praecipienti
1943 697 2083 739 non
2127 676 2428 741 credidit
2450 725 2467 752 ‚
2516 680 2724 744 obser-

515 775 691 839 vabo
720 772 893 837 haec
923 773 1143 837 omnia
1172 772 1468 863 a-verbis
1498 774 1750 857 primae
1782 774 2250 839 declinationis
2282 775 2593 840 deducta
2623 799 2721 840 na-

517 883 675 938 tura
703 873 906 957 longa
936 892 1084 936 esse
1109 920 1124 945 ‚
1167 872 1406 935 labrum
1437 878 1506 934 et
1535 874 1818 936 labellum
1846 895 1973 957 pro
2003 895 2165 937 vase
2188 920 2205 946 ,
2230 874 2462 962 flabra
2482 923 2501 953 ,
2530 875 2719 964 flabel-

513 974 673 1051 lum5
702 972 1009 1035 velabrum
1027 1018 1044 1049 ‚
1066 971 1463 1035 ventilabrum
1479 1018 1496 1049 ,
1519 973 1930 1052 volutabrum,
1955 973 2396 1036 candelabrum
2412 1022 2432 1051 ‚
2459 975 2721 1051 dolabra,

514 1071 839 1134 Dolabella
855 1118 873 1148 ,
904 1069 1078 1132 omia
1107 1068 1394 1147 calabra,
1427 1069 1735 1132 ane-labris
1754 1092 1964 1134 mensa
1980 1118 1993 1132 .
2027 1070 2112 1133 de
2136 1070 2388 1134 ceteris
2411 1071 2722 1155 interpre-

510 1175 615 1232 tes
636 1188 722 1231 ne
742 1167 814 1232 id
838 1166 1102 1252 quidem
1126 1165 1602 1230 intellexerunt
1619 1214 1634 1240 ‚
1656 1167 1841 1251 quod
1863 1176 2088 1233 tamen
2109 1176 2268 1232 ante
2286 1170 2526 1232 omnia
2547 1180 2723 1254 quae·

442 1314 447 1319 -
509 1266 791 1331 rendum
821 1265 979 1339 fuit,
1011 1265 1346 1351 apodosin
1372 1265 1671 1349 incipere
1702 1266 1826 1342 ibi,
1856 1268 2004 1331 solio
2024 1269 2091 1330 in
2111 1268 2311 1330 medio
2336 1262 2537 1352 quam
2549 1268 2724 1353 facile

490 1366 575 1454 fit
591 1413 605 1429 .
633 1366 703 1428 in
725 1365 981 1451 protasi
1008 1371 1076 1427 et
1095 1364 1367 1453 efflueris
1390 1372 1697 1428 monstro
1721 1366 1930 1430 simile
1955 1373 2061 1430 est
2077 1414 2092 1440 ‚
2122 1387 2349 1450 neque
2380 1368 2438 1428 si
2470 1379 2724 1430 cunctere

510 1484 633 1547 per
663 1484 735 1526 se
766 1462 931 1525 satis
963 1470 1303 1545 apertum:
1348 1483 1487 1525 non
1532 1463 1706 1525 enim
1737 1465 2036 1528 cunctari
2066 1474 2186 1527 aut
2212 1465 2478 1527 morari
2506 1465 2579 1526 in
2604 1464 2724 1529 bal-

507 1582 636 1624 neo
667 1560 1112 1645 periculosum
1145 1568 1249 1623 est
1270 1562 1471 1644 pleno
1495 1568 1732 1624 ventre
1751 1563 1918 1645 ‚sed
1947 1563 2189 1625 lavari.
2215 1561 2552 1625 Lucretio
2584 1562 2726 1624 nihil

508 1661 821 1723 convenit
864 1658 992 1721 nisi
1036 1658 1588 1741 simplicissimum
1619 1669 1702 1722 ‘et
1744 1661 2196 1743 aptissimum:
2241 1659 2317 1721 id
2364 1667 2480 1723 est
2523 1670 2723 1724 autem

508 1757 789 1842 Denique
828 1758 884 1818 si
926 1756 1140 1819 calidis
1167 1758 1348 1819 etiam
1392 1779 1428 1819 c
1445 1779 1487 1820 υ
1507 1781 1549 1820 N
1571 1780 1606 1821 c
1628 1780 1832 1821 TARE
1877 1760 2145 1823 lavabris
2174 1759 2439 1822 Plenior
2470 1782 2509 1821 Ε
2527 1782 2567 1820 Τ
2597 1782 2720 1821 LA·

507 1874 783 1916 veuls.

666 1950 1335 2014 793.CoNc1n1-:nn
1382 1976 1479 2015 ET
1522 1976 1785 2018 Pumos
1841 1976 1976 2028 Qul
2032 1975 2310 2018 molino
2370 1976 2716 2017 MITTERE

504 2073 537 2113 s
558 2071 798 2112 uEvrr
824 2099 836 2111 .
882 2050 957 2112 In
1000 2049 1135 2113 hoc
1163 2071 1368 2113 versu
1400 2053 1966 2136 comparationem
1996 2052 2211 2115 morbi
2243 2052 2608 2135 comitialis
2634 2053 2715 2114 in-

504 2168 652 2211 esse
683 2147 1107 2211 manifestum
1138 2156 1274 2211 est.
1320 2170 1494 2233 quae
1525 2150 1682 2233 quia
1709 2171 1928 2232 neque
1954 2149 2024 2211 in
2057 2169 2135 2210 eo
2170 2149 2282 2237 qui
2313 2148 2593 2213 luminis
2622 2172 2716 2213 ex-

502 2247 696 2310 tincti
738 2246 949 2310 odore
995 2248 1384 2333 consopitus
1416 2256 1521 2311 est
1551 2265 1768 2331 neque
1797 2248 1863 2309 in
1896 2247 2136 2310 ceteris
2170 2247 2284 2331 qui
2315 2247 2431 2310 hic
2465 2268 2715 2310 enume-

500 2353 738 2409 rantur
757 2346 977 2409 locum
1001 2345 1210 2408 habet
1226 2392 1240 2418 ‚
1264 2345 1394 2408 nisi
1415 2347 1486 2408 in
1509 2367 1589 2408 eo
1616 2346 1818 2429 quiin
1841 2345 2010 2408 solio
2036 2344 2272 2408 caldae
2297 2345 2636 2419 concidit,
2658 2346 2711 2407 in

502 2466 636 2529 qua
667 2444 829 2508 sede
859 2444 969 2508 hic
998 2465 1236 2509 versus
1266 2443 1700 2529 reponendus
1732 2444 1822 2507 sit
1851 2442 2147 2507 dubitari
2173 2463 2313 2506 non
2344 2450 2615 2527 potest.
2654 2441 2713 2504 id

498 2544 940 2628 interpretum
968 2542 1190 2606 nullus
1219 2564 1304 2604 ne
1335 2544 1719 2627 suspicatus
1763 2542 2031 2625 quidem
2073 2549 2174 2605 est
2199 2589 2215 2615 ‚
2254 2564 2490 2626 neque
2527 2543 2708 2607 iidem

501 2641 919 2705 emendando
946 2643 1300 2726 quicquam
1319 2650 1803 2726 promoverunt
1821 2688 1836 2715 ,
1860 2649 2131 2724 praeter
2151 2640 2285 2702 hoc
2306 2646 2520 2704 unum
2543 2638 2707 2725 quod

498 2739 860 2810 Lambinus
903 2740 1304 2803 Memmiano
1364 2738 1583 2802 codici
1638 2739 2016 2801 recentiore
2066 2758 2267 2801 manu
2307 2761 2565 2821 spumas
2607 2736 2707 2799 ad-

499 2837 824 2921 scriptum
853 2837 1024 2900 vidit
1049 2888 1061 2900 .
1109 2837 1358 2921 excipit
1389 2836 1660 2921 quidem
1687 2836 2052 2900 Lambinus
2075 2884 2090 2911 ,
2135 2837 2239 2920 aqi
2264 2858 2519 2919 spumas
2539 2884 2559 2913 ‚
2588 2855 2710 2896 non

406 2939 413 2946 '
498 2936 652 2998 mitti
668 2961 688 2996 .·
719 2934 840 2998 sed
872 2956 1142 3018 spumas
1162 2982 1177 3008 ‚
1209 2957 1357 2999 cum
1384 2934 1795 3009 funduntur,
1828 2956 1947 2998 cur
1975 2936 2129 2997 mitti
2157 2953 2295 2996 non
2327 2932 2582 2997 dixerit
2612 2932 2709 3017 qui

497 3041 565 3096 et
577 3034 831 3120 fumum
857 3034 1013 3096 mitti
1043 3040 1111 3095 et
1137 3035 1490 3118 sanquinem
1541 3045 1609 3097 et
1648 3034 1962 3118 sanquinis
2002 3034 2239 3117 siquam
2269 3038 2340 3096 et
2368 3032 2625 3094 imbrem
2653 3042 2712 3093 et

497 3134 692 3196 laticis
714 3144 914 3217 yattas
942 3133 1094 3194 mitti
1125 3130 1342 3194 dixit?
1384 3131 1615 3215 itaque
1647 3131 1756 3193 hic
1784 3152 2023 3194 versus
2051 3132 2148 3192 ita
2176 3129 2558 3192 rectissime
2587 3128 2710 3191 for-

497 3231 788 3294 mabitur
812 3278 826 3302 ‚
865 3231 1192 3295 Concidere
1222 3240 1278 3292 et
1316 3251 1646 3292 SPUMAM
1691 3251 1786 3291 UT
1831 3231 1937 3314 qui
1976 3228 2183 3292 morbo
2224 3228 2460 3294 mittere
2501 3230 2705 3291 suevit.

492 3333 677 3389 recte
701 3329 872 3389 enim
893 3350 1174 3412 spumam
1195 3328 1515 3413 singulari
1536 3349 1812 3391 numero
1832 3374 1847 3400 ‚
1870 3335 1947 3390 ut
1971 3326 2255 3400 Ovidius
2280 3337 2551 3391 metam.
2576 3351 2707 3398 vm,

490 3423 1123 3508 417⁶Slridentemque
1149 3447 1300 3487 novo
1328 3448 1607 3508 spumam
1648 3448 1787 3490 cum
1826 3426 2119 3510 sanquine
2145 3425 2401 3511 fundit.
2446 3427 2626 3490 idem
2651 3428 2708 3488 in

493 3523 731 3587 eodem
760 3521 883 3585 288
914 3521 1181 3585 Fervida
1211 3544 1347 3584 cum
1374 3545 1568 3585 rauco
1598 3524 1749 3587 latos
1788 3524 2046 3587 Stridore
2074 3547 2197 3607 per
2240 3547 2450 3587 armos
2483 3525 2706 3609 Spuma

473 3622 626 3711 fluit
652 3671 664 3684 .
711 3621 1073 3685 Columella
1100 3621 1170 3683 in
1201 3644 1316 3699 vn,
1336 3620 1394 3695 5,
1420 3620 1492 3682 19
1534 3632 1589 3683 et
1628 3609 1910 3706 spumam
1939 3623 2247 3707 quandam
2276 3633 2513 3686 tenuem
2541 3624 2709 3687 taetri

493 3723 695 3787 odoris
724 3723 1028 3807 experyit.
1062 3727 1145 3784 ‘et
1176 3722 1470 3784 observa
1498 3721 1604 3805 qui
1631 3722 1820 3784 suevit
1846 3721 2167 3804 scriptum
2197 3742 2349 3783 esse
2380 3769 2394 3796 ‚
2447 3743 2577 3784 non
2607 3722 2709 3806 qni

488 3831 757 3897 suerunt,
777 3842 861 3882 ne
880 3818 1058 3882 forte
1077 3819 1277 3883 alium
1294 3818 1451 3881 huic
1470 3818 1694 3881 versui
1714 3826 1782 3881 et
1800 3819 2125 3903 aptiorem
2145 3819 2371 3881 locum
2392 3839 2669 3904 quaeras
2691 3867 2703 3879 .

614 3955 627 3966 -
655 3916 1058 3995 803.Q1JAM
1089 3940 1381 3981 FAclLE
1415 3940 1499 3979 IN
1533 3940 1989 3991 CELEBRUM,
2021 3940 2195 3980 NISI
2229 3939 2446 4008 {QUA
2479 3939 2704 3979 PRAE-

490 4035 784 4076 cssmmu
805 4035 837 4076 s
866 4034 1109 4078 ANTE.
1148 4015 1503 4079 Caelebrum
1534 4014 1942 4099 quadratus,
1971 4014 2123 4077 Itali
2156 4038 2613 4086 CEREBRUM,
2642 4022 2702 4076 et

490 4112 686 4175 iidem
718 4134 760 4174 A
780 4134 1020 4187 QUAM.
1055 4114 1386 4199 oblongus
1418 4114 1632 4197 prima
1662 4135 1859 4176 manu
1877 4115 2291 4199 precipimus.

652 4211 792 4273 804.
839 4212 949 4272 AT
1009 4233 1162 4273 CUM
1218 4234 1546 4275 MEMBRA
1607 4235 1931 4275 DOMNus
1977 4234 2230 4274 PERCE
2252 4235 2385 4274 ΡΙΤ
2429 4234 2701 4274 ῈΕΒνι-

494 4331 593 4369 DA
614 4330 900 4372 smzws
925 4357 940 4383 ‚
965 4308 1141 4372 Tum
1172 4333 1306 4372 Fu*
1338 4323 1557 4374 onoR
1600 4331 1783 4374 v1N1
1830 4319 2152 4373 PLAGAE
2197 4330 2697 4373 MAcrAmms

490 4426 511 4464 1
527 4428 571 4464 N
589 4428 620 4466 s
639 4429 677 4467 Τ
692 4428 735 4467 A
752 4430 821 4468 R.
856 4406 1247 4485 Quadratus
1260 4407 1731 4493 fervidafervis:
1761 4408 1901 4470 Ioh.
1926 4407 2120 4491 Bapt.
2143 4407 2307 4472 Pius
2331 4402 2537 4471 ‘Haec
2570 4406 2696 4469 duo
