<?xml version="1.0" encoding="UTF-8"?>
<!DOCTYPE html PUBLIC "-//W3C//DTD XHTML 1.0 Transitional//EN"
    "http://www.w3.org/TR/xhtml1/DTD/xhtml1-transitional.dtd">
<html xmlns="http://www.w3.org/1999/xhtml" xml:lang="en" lang="en">
 <head>
  <title>
</title>
<meta http-equiv="Content-Type" content="text/html;charset=utf-8" />
  <meta name='ocr-system' content='tesseract 3.04.00' />
  <meta name='ocr-capabilities' content='ocr_page ocr_carea ocr_par ocr_line ocrx_word'/>
</head>
<body>
  <div class='ocr_page' id='page_1' title='image "./tlucreticarider02lachgoog_0583.png"; bbox 0 0 2840 5008; ppageno 0'>
   <div class='ocr_carea' id='block_1_1' title="bbox 1198 413 2335 482">
    <p class='ocr_par' dir='ltr' id='par_1_1' title="bbox 1198 401 2335 491">
     <span class='ocr_line' id='line_1_1' title="bbox 1198 413 2335 482; baseline -0.001 0"><span class='ocrx_word' id='word_1_1' title='bbox 1198 416 1266 482; x_wconf 91' lang='lat' dir='ltr'>V</span> <span class='ocrx_word' id='word_1_2' title='bbox 1424 453 1427 456; x_wconf 17' lang='grc' dir='ltr'><strong><em>Δ</em></strong></span> <span class='ocrx_word' id='word_1_3' title='bbox 2203 413 2335 482; x_wconf 85' lang='lat'>321</span> 
     </span>
    </p>
   </div>
   <div class='ocr_carea' id='block_1_2' title="bbox 63 583 2383 4417">
    <p class='ocr_par' dir='ltr' id='par_1_2' title="bbox 63 583 2344 2942">
     <span class='ocr_line' id='line_1_2' title="bbox 81 583 2342 678; baseline -0.004 -13"><span class='ocrx_word' id='word_1_4' title='bbox 81 621 268 665; x_wconf 86' lang='lat' dir='ltr'>eum</span> <span class='ocrx_word' id='word_1_5' title='bbox 297 599 540 663; x_wconf 74' lang='lat' dir='ltr'>clarum</span> <span class='ocrx_word' id='word_1_6' title='bbox 571 615 720 658; x_wconf 88' lang='lat' dir='ltr'>esse</span> <span class='ocrx_word' id='word_1_7' title='bbox 750 592 899 658; x_wconf 88' lang='lat' dir='ltr'>vult</span> <span class='ocrx_word' id='word_1_8' title='bbox 922 586 1238 678; x_wconf 48' lang='lat' dir='ltr'>&amp;mdique</span> <span class='ocrx_word' id='word_1_9' title='bbox 1269 613 1304 656; x_wconf 90' lang='lat' dir='ltr'>e</span> <span class='ocrx_word' id='word_1_10' title='bbox 1335 591 1706 678; x_wconf 89' lang='lat' dir='ltr'>longinquo</span> <span class='ocrx_word' id='word_1_11' title='bbox 1730 583 2133 665; x_wconf 78' lang='lat' dir='ltr'>audiendwm&#39;,</span> <span class='ocrx_word' id='word_1_12' title='bbox 2161 591 2342 671; x_wconf 82' lang='lat' dir='ltr'>feras</span> 
     </span>
     <span class='ocr_line' id='line_1_3' title="bbox 81 688 2342 777; baseline -0.004 -14"><span class='ocrx_word' id='word_1_13' title='bbox 81 698 481 762; x_wconf 81' lang='lat' dir='ltr'>decursum</span> <span class='ocrx_word' id='word_1_14' title='bbox 505 710 723 777; x_wconf 88' lang='lat' dir='ltr'>aquae</span> <span class='ocrx_word' id='word_1_15' title='bbox 741 739 757 765; x_wconf 92' lang='lat'>‚</span> <span class='ocrx_word' id='word_1_16' title='bbox 789 690 900 775; x_wconf 87' lang='lat' dir='ltr'>qui</span> <span class='ocrx_word' id='word_1_17' title='bbox 931 690 1048 753; x_wconf 87' lang='lat' dir='ltr'>vix</span> <span class='ocrx_word' id='word_1_18' title='bbox 1072 688 1291 753; x_wconf 89' lang='lat' dir='ltr'>audiri</span> <span class='ocrx_word' id='word_1_19' title='bbox 1320 695 1585 772; x_wconf 89' lang='lat' dir='ltr'>potest,</span> <span class='ocrx_word' id='word_1_20' title='bbox 1615 688 1873 754; x_wconf 82' lang='lat' dir='ltr'>frustra</span> <span class='ocrx_word' id='word_1_21' title='bbox 1896 689 2075 753; x_wconf 84' lang='lat' dir='ltr'>clare</span> <span class='ocrx_word' id='word_1_22' title='bbox 2107 690 2342 755; x_wconf 89' lang='lat' dir='ltr'>audire</span> 
     </span>
     <span class='ocr_line' id='line_1_4' title="bbox 73 786 2344 878; baseline -0.002 -20"><span class='ocrx_word' id='word_1_23' title='bbox 73 796 335 861; x_wconf 85' lang='lat' dir='ltr'>iubet.</span> <span class='ocrx_word' id='word_1_24' title='bbox 368 791 577 856; x_wconf 87' lang='lat' dir='ltr'>nihilo</span> <span class='ocrx_word' id='word_1_25' title='bbox 610 790 825 878; x_wconf 76' lang='lat' dir='ltr'>minus</span> <span class='ocrx_word' id='word_1_26' title='bbox 855 789 967 853; x_wconf 89' lang='lat' dir='ltr'>hie</span> <span class='ocrx_word' id='word_1_27' title='bbox 996 787 1246 851; x_wconf 82' lang='lat' dir='ltr'>factum</span> <span class='ocrx_word' id='word_1_28' title='bbox 1281 796 1384 851; x_wconf 88' lang='lat' dir='ltr'>est</span> <span class='ocrx_word' id='word_1_29' title='bbox 1410 786 1484 851; x_wconf 90' lang='lat' dir='ltr'>id</span> <span class='ocrx_word' id='word_1_30' title='bbox 1517 786 1715 871; x_wconf 83' lang='lat' dir='ltr'>quod·</span> <span class='ocrx_word' id='word_1_31' title='bbox 1728 786 2007 869; x_wconf 82' lang='lat' dir='ltr'>dieitur,</span> <span class='ocrx_word' id='word_1_32' title='bbox 2038 797 2344 853; x_wconf 90' lang='lat' dir='ltr'>mutuum</span> 
     </span>
     <span class='ocr_line' id='line_1_5' title="bbox 75 879 2340 972; baseline -0.002 -16"><span class='ocrx_word' id='word_1_33' title='bbox 75 891 306 956; x_wconf 89' lang='lat' dir='ltr'>muli:</span> <span class='ocrx_word' id='word_1_34' title='bbox 339 911 496 953; x_wconf 89' lang='lat' dir='ltr'>nam</span> <span class='ocrx_word' id='word_1_35' title='bbox 521 887 812 968; x_wconf 86' lang='lat' dir='ltr'>Orellius</span> <span class='ocrx_word' id='word_1_36' title='bbox 841 885 1138 949; x_wconf 83' lang='lat' dir='ltr'>editione</span> <span class='ocrx_word' id='word_1_37' title='bbox 1170 886 1386 950; x_wconf 89' lang='lat' dir='ltr'>altera</span> <span class='ocrx_word' id='word_1_38' title='bbox 1409 879 1676 950; x_wconf 78' lang='lat' dir='ltr'>‘bonam</span> <span class='ocrx_word' id='word_1_39' title='bbox 1700 886 1902 951; x_wconf 85' lang='lat' dir='ltr'>Forb.</span> <span class='ocrx_word' id='word_1_40' title='bbox 1927 886 2114 951; x_wconf 62' lang='lat' dir='ltr'>coni?</span> <span class='ocrx_word' id='word_1_41' title='bbox 2138 907 2340 972; x_wconf 88' lang='lat' dir='ltr'>quam</span> 
     </span>
     <span class='ocr_line' id='line_1_6' title="bbox 79 984 2338 1073; baseline -0.002 -19"><span class='ocrx_word' id='word_1_42' title='bbox 79 990 280 1055; x_wconf 80' lang='lat' dir='ltr'>dicit</span> <span class='ocrx_word' id='word_1_43' title='bbox 303 985 617 1073; x_wconf 73' lang='lat' dir='ltr'>‘recepit&#39;.</span> <span class='ocrx_word' id='word_1_44' title='bbox 648 1008 776 1050; x_wconf 91' lang='lat' dir='ltr'>nos</span> <span class='ocrx_word' id='word_1_45' title='bbox 808 994 1028 1049; x_wconf 88' lang='lat' dir='ltr'>autem</span> <span class='ocrx_word' id='word_1_46' title='bbox 1052 985 1404 1049; x_wconf 90' lang='lat' dir='ltr'>videamus</span> <span class='ocrx_word' id='word_1_47' title='bbox 1434 984 1668 1069; x_wconf 90' lang='lat' dir='ltr'>potius</span> <span class='ocrx_word' id='word_1_48' title='bbox 1700 984 1786 1049; x_wconf 92' lang='lat' dir='ltr'>de</span> <span class='ocrx_word' id='word_1_49' title='bbox 1816 985 2157 1070; x_wconf 86' lang='lat' dir='ltr'>analogia.</span> <span class='ocrx_word' id='word_1_50' title='bbox 2188 1007 2338 1049; x_wconf 84' lang='lat' dir='ltr'>ver-</span> 
     </span>
     <span class='ocr_line' id='line_1_7' title="bbox 74 1078 2338 1171; baseline -0.002 -17"><span class='ocrx_word' id='word_1_51' title='bbox 74 1092 271 1154; x_wconf 88' lang='lat' dir='ltr'>bum</span> <span class='ocrx_word' id='word_1_52' title='bbox 304 1094 413 1152; x_wconf 90' lang='lat' dir='ltr'>est</span> <span class='ocrx_word' id='word_1_53' title='bbox 443 1085 699 1171; x_wconf 78' lang='lat' dir='ltr'>antiqui</span> <span class='ocrx_word' id='word_1_54' title='bbox 725 1084 891 1148; x_wconf 85' lang='lat' dir='ltr'>iuris</span> <span class='ocrx_word' id='word_1_55' title='bbox 922 1078 1515 1168; x_wconf 65' lang='lat' dir='ltr'>publiei&#39;clariyare</span> <span class='ocrx_word' id='word_1_56' title='bbox 1534 1109 1555 1145; x_wconf 90' lang='lat'>.·</span> <span class='ocrx_word' id='word_1_57' title='bbox 1580 1082 1666 1147; x_wconf 51' lang='lat' dir='ltr'>¹id</span> <span class='ocrx_word' id='word_1_58' title='bbox 1695 1084 1819 1168; x_wconf 87' lang='lat' dir='ltr'>qui</span> <span class='ocrx_word' id='word_1_59' title='bbox 1841 1084 2111 1169; x_wconf 88' lang='lat' dir='ltr'>saepius</span> <span class='ocrx_word' id='word_1_60' title='bbox 2140 1083 2338 1160; x_wconf 82' lang='lat' dir='ltr'>facit,</span> 
     </span>
     <span class='ocr_line' id='line_1_8' title="bbox 78 1181 2339 1269; baseline -0.002 -18"><span class='ocrx_word' id='word_1_61' title='bbox 78 1187 660 1252; x_wconf 77' lang='lat' dir='ltr'>CLARIGITAT:</span> <span class='ocrx_word' id='word_1_62' title='bbox 705 1203 861 1252; x_wconf 88' lang='lat' dir='ltr'>nam</span> <span class='ocrx_word' id='word_1_63' title='bbox 893 1181 1079 1267; x_wconf 91' lang='lat' dir='ltr'>quod</span> <span class='ocrx_word' id='word_1_64' title='bbox 1121 1182 1270 1246; x_wconf 85' lang='lat' dir='ltr'>libri</span> <span class='ocrx_word' id='word_1_65' title='bbox 1317 1182 1537 1245; x_wconf 83' lang='lat' dir='ltr'>nostri</span> <span class='ocrx_word' id='word_1_66' title='bbox 1577 1204 1610 1246; x_wconf 82' lang='lat' dir='ltr'><strong><em>c</em></strong></span> <span class='ocrx_word' id='word_1_67' title='bbox 1651 1182 1944 1247; x_wconf 75' lang='lat' dir='ltr'>litteram</span> <span class='ocrx_word' id='word_1_68' title='bbox 1986 1205 2114 1268; x_wconf 90' lang='lat' dir='ltr'>pro</span> <span class='ocrx_word' id='word_1_69' title='bbox 2150 1207 2196 1269; x_wconf 78' lang='lat'><em>9</em></span> <span class='ocrx_word' id='word_1_70' title='bbox 2225 1204 2339 1248; x_wconf 88' lang='lat' dir='ltr'>ex-</span> 
     </span>
     <span class='ocr_line' id='line_1_9' title="bbox 75 1277 2342 1357; baseline -0.002 -6"><span class='ocrx_word' id='word_1_71' title='bbox 75 1286 359 1351; x_wconf 81' lang='lat' dir='ltr'>hibent</span> <span class='ocrx_word' id='word_1_72' title='bbox 380 1333 397 1357; x_wconf 90' lang='lat'>,</span> <span class='ocrx_word' id='word_1_73' title='bbox 450 1277 752 1347; x_wconf 77' lang='lat' dir='ltr'>attentos</span> <span class='ocrx_word' id='word_1_74' title='bbox 794 1282 1038 1345; x_wconf 87' lang='lat' dir='ltr'>horum</span> <span class='ocrx_word' id='word_1_75' title='bbox 1084 1281 1714 1344; x_wconf 84' lang='lat' dir='ltr'>commentariorum</span> <span class='ocrx_word' id='word_1_76' title='bbox 1759 1281 2050 1346; x_wconf 86' lang='lat' dir='ltr'>lectores</span> <span class='ocrx_word' id='word_1_77' title='bbox 2091 1284 2342 1347; x_wconf 92' lang='lat' dir='ltr'>morari</span> 
     </span>
     <span class='ocr_line' id='line_1_10' title="bbox 74 1380 2342 1466; baseline -0.001 -17"><span class='ocrx_word' id='word_1_78' title='bbox 74 1406 249 1448; x_wconf 87' lang='lat' dir='ltr'>non</span> <span class='ocrx_word' id='word_1_79' title='bbox 279 1383 492 1447; x_wconf 89' lang='lat' dir='ltr'>debet</span> <span class='ocrx_word' id='word_1_80' title='bbox 509 1429 523 1445; x_wconf 93' lang='lat'><strong>.</strong></span> <span class='ocrx_word' id='word_1_81' title='bbox 565 1382 794 1466; x_wconf 89' lang='lat' dir='ltr'>itaque</span> <span class='ocrx_word' id='word_1_82' title='bbox 826 1382 1131 1465; x_wconf 59' lang='lat' dir='ltr'>claviqare</span> <span class='ocrx_word' id='word_1_83' title='bbox 1160 1387 1228 1443; x_wconf 89' lang='lat' dir='ltr'>et</span> <span class='ocrx_word' id='word_1_84' title='bbox 1257 1380 1610 1465; x_wconf 71' lang='lat' dir='ltr'>clariyitare</span> <span class='ocrx_word' id='word_1_85' title='bbox 1639 1387 1777 1443; x_wconf 88' lang='lat' dir='ltr'>tam</span> <span class='ocrx_word' id='word_1_86' title='bbox 1807 1387 1993 1444; x_wconf 86' lang='lat' dir='ltr'>reete</span> <span class='ocrx_word' id='word_1_87' title='bbox 2022 1380 2342 1447; x_wconf 83' lang='lat' dir='ltr'>dicuntur</span> 
     </span>
     <span class='ocr_line' id='line_1_11' title="bbox 80 1478 2339 1569; baseline 0 -22"><span class='ocrx_word' id='word_1_88' title='bbox 80 1503 316 1569; x_wconf 87' lang='lat' dir='ltr'>quam</span> <span class='ocrx_word' id='word_1_89' title='bbox 336 1481 986 1567; x_wconf 74' lang='lat' dir='ltr'>ynariqarepuriqare</span> <span class='ocrx_word' id='word_1_90' title='bbox 1008 1479 1131 1562; x_wconf 86' lang='lat' dir='ltr'>(sie</span> <span class='ocrx_word' id='word_1_91' title='bbox 1146 1479 1371 1544; x_wconf 90' lang='lat' dir='ltr'>Varro</span> <span class='ocrx_word' id='word_1_92' title='bbox 1395 1500 1619 1543; x_wconf 90' lang='lat' dir='ltr'>rerum</span> <span class='ocrx_word' id='word_1_93' title='bbox 1642 1478 2047 1560; x_wconf 85' lang='lat' dir='ltr'>rusticarum</span> <span class='ocrx_word' id='word_1_94' title='bbox 2067 1504 2138 1556; x_wconf 89' lang='lat'>11,</span> <span class='ocrx_word' id='word_1_95' title='bbox 2153 1482 2212 1557; x_wconf 89' lang='grc'>4,</span> <span class='ocrx_word' id='word_1_96' title='bbox 2235 1483 2339 1563; x_wconf 91' lang='grc'>14)</span> 
     </span>
     <span class='ocr_line' id='line_1_12' title="bbox 63 1578 2338 1668; baseline 0.001 -24"><span class='ocrx_word' id='word_1_97' title='bbox 63 1582 430 1668; x_wconf 69' lang='lat' dir='ltr'>puryitare</span> <span class='ocrx_word' id='word_1_98' title='bbox 441 1578 763 1665; x_wconf 76' lang='lat' dir='ltr'>fumiyare</span> <span class='ocrx_word' id='word_1_99' title='bbox 784 1580 1090 1663; x_wconf 73' lang='lat' dir='ltr'>remiqare</span> <span class='ocrx_word' id='word_1_100' title='bbox 1110 1580 1396 1664; x_wconf 72' lang='lat' dir='ltr'>mitiyare</span> <span class='ocrx_word' id='word_1_101' title='bbox 1418 1578 1682 1663; x_wconf 73' lang='lat' dir='ltr'>leviqare</span> <span class='ocrx_word' id='word_1_102' title='bbox 1703 1580 1944 1664; x_wconf 72' lang='lat' dir='ltr'>litiyare</span> <span class='ocrx_word' id='word_1_103' title='bbox 1964 1581 2216 1664; x_wconf 71' lang='lat' dir='ltr'>iuryare</span> <span class='ocrx_word' id='word_1_104' title='bbox 2238 1582 2338 1646; x_wconf 85' lang='lat' dir='ltr'>ob-</span> 
     </span>
     <span class='ocr_line' id='line_1_13' title="bbox 78 1670 2340 1765; baseline 0 -22"><span class='ocrx_word' id='word_1_105' title='bbox 78 1682 413 1765; x_wconf 74' lang='lat' dir='ltr'>iuryitare</span> <span class='ocrx_word' id='word_1_106' title='bbox 454 1680 748 1763; x_wconf 75' lang='lat' dir='ltr'>naviqare</span> <span class='ocrx_word' id='word_1_107' title='bbox 772 1726 785 1740; x_wconf 90' lang='lat'><strong>.</strong></span> <span class='ocrx_word' id='word_1_108' title='bbox 831 1678 1293 1763; x_wconf 74' lang='lat' dir='ltr'>clariqationem</span> <span class='ocrx_word' id='word_1_109' title='bbox 1339 1685 1562 1741; x_wconf 84' lang='lat' dir='ltr'>autem</span> <span class='ocrx_word' id='word_1_110' title='bbox 1606 1670 1831 1741; x_wconf 69' lang='lat' dir='ltr'>rerum&#39;</span> <span class='ocrx_word' id='word_1_111' title='bbox 1871 1670 2340 1763; x_wconf 84' lang='lat' dir='ltr'>repetitionem</span> 
     </span>
     <span class='ocr_line' id='line_1_14' title="bbox 82 1776 2341 1863; baseline 0.001 -22"><span class='ocrx_word' id='word_1_112' title='bbox 82 1799 261 1842; x_wconf 88' lang='lat' dir='ltr'>esse</span> <span class='ocrx_word' id='word_1_113' title='bbox 293 1777 462 1841; x_wconf 90' lang='lat' dir='ltr'>satis</span> <span class='ocrx_word' id='word_1_114' title='bbox 488 1784 758 1841; x_wconf 82' lang='lat' dir='ltr'>constat</span> <span class='ocrx_word' id='word_1_115' title='bbox 775 1823 791 1841; x_wconf 89' lang='lat'><strong>.</strong></span> <span class='ocrx_word' id='word_1_116' title='bbox 819 1777 1051 1860; x_wconf 90' lang='lat' dir='ltr'>itaque</span> <span class='ocrx_word' id='word_1_117' title='bbox 1081 1776 1346 1861; x_wconf 84' lang='lat' dir='ltr'>legatus</span> <span class='ocrx_word' id='word_1_118' title='bbox 1370 1797 1523 1841; x_wconf 86' lang='lat' dir='ltr'>eum</span> <span class='ocrx_word' id='word_1_119' title='bbox 1553 1776 1949 1861; x_wconf 79' lang='lat' dir='ltr'>clarigatum</span> <span class='ocrx_word' id='word_1_120' title='bbox 1972 1778 2197 1863; x_wconf 86' lang='lat' dir='ltr'>eapite</span> <span class='ocrx_word' id='word_1_121' title='bbox 2226 1801 2341 1843; x_wconf 88' lang='lat' dir='ltr'>ve-</span> 
     </span>
     <span class='ocr_line' id='line_1_15' title="bbox 83 1872 2343 1963; baseline 0.001 -23"><span class='ocrx_word' id='word_1_122' title='bbox 83 1877 249 1940; x_wconf 77' lang='lat' dir='ltr'>lato</span> <span class='ocrx_word' id='word_1_123' title='bbox 272 1873 391 1937; x_wconf 90' lang='lat' dir='ltr'>filo</span> <span class='ocrx_word' id='word_1_124' title='bbox 415 1874 838 1952; x_wconf 83' lang='lat' dir='ltr'>mittebatur,</span> <span class='ocrx_word' id='word_1_125' title='bbox 867 1873 1019 1937; x_wconf 88' lang='lat' dir='ltr'>illos</span> <span class='ocrx_word' id='word_1_126' title='bbox 1047 1873 1356 1937; x_wconf 86' lang='lat' dir='ltr'>homines</span> <span class='ocrx_word' id='word_1_127' title='bbox 1383 1872 1673 1958; x_wconf 87' lang='lat' dir='ltr'>illasque</span> <span class='ocrx_word' id='word_1_128' title='bbox 1703 1894 1813 1937; x_wconf 89' lang='lat' dir='ltr'>res</span> <span class='ocrx_word' id='word_1_129' title='bbox 1838 1873 2074 1939; x_wconf 81' lang='lat' dir='ltr'>dedier</span> <span class='ocrx_word' id='word_1_130' title='bbox 2098 1897 2343 1963; x_wconf 83' lang='lat' dir='ltr'>expos-</span> 
     </span>
     <span class='ocr_line' id='line_1_16' title="bbox 85 1972 2340 2061; baseline 0.002 -24"><span class='ocrx_word' id='word_1_131' title='bbox 85 1974 314 2039; x_wconf 81' lang='lat' dir='ltr'>cebat</span> <span class='ocrx_word' id='word_1_132' title='bbox 333 2020 349 2035; x_wconf 89' lang='lat'><strong>.</strong></span> <span class='ocrx_word' id='word_1_133' title='bbox 377 1972 536 2036; x_wconf 87' lang='lat' dir='ltr'>item</span> <span class='ocrx_word' id='word_1_134' title='bbox 555 2019 571 2046; x_wconf 91' lang='lat'>,</span> <span class='ocrx_word' id='word_1_135' title='bbox 603 1972 790 2056; x_wconf 90' lang='lat' dir='ltr'>quod</span> <span class='ocrx_word' id='word_1_136' title='bbox 819 1978 927 2035; x_wconf 90' lang='lat' dir='ltr'>est</span> <span class='ocrx_word' id='word_1_137' title='bbox 956 1973 1138 2058; x_wconf 81' lang='lat' dir='ltr'>ap&#39;ud</span> <span class='ocrx_word' id='word_1_138' title='bbox 1166 1973 1431 2037; x_wconf 88' lang='lat' dir='ltr'>Livium</span> <span class='ocrx_word' id='word_1_139' title='bbox 1461 1973 1529 2036; x_wconf 91' lang='lat' dir='ltr'>in</span> <span class='ocrx_word' id='word_1_140' title='bbox 1560 1996 1704 2047; x_wconf 87' lang='lat' dir='ltr'>vm,</span> <span class='ocrx_word' id='word_1_141' title='bbox 1730 1973 1822 2048; x_wconf 87' lang='lat'>14,</span> <span class='ocrx_word' id='word_1_142' title='bbox 1842 1972 2173 2039; x_wconf 85' lang='lat' dir='ltr'>Veliterni</span> <span class='ocrx_word' id='word_1_143' title='bbox 2204 1998 2340 2061; x_wconf 88' lang='lat' dir='ltr'>quo</span> 
     </span>
     <span class='ocr_line' id='line_1_17' title="bbox 85 2070 2340 2157; baseline 0.001 -20"><span class='ocrx_word' id='word_1_144' title='bbox 85 2083 424 2157; x_wconf 90' lang='lat' dir='ltr'>tempore</span> <span class='ocrx_word' id='word_1_145' title='bbox 453 2071 616 2134; x_wconf 87' lang='lat' dir='ltr'>iussi</span> <span class='ocrx_word' id='word_1_146' title='bbox 646 2080 841 2134; x_wconf 89' lang='lat' dir='ltr'>erant</span> <span class='ocrx_word' id='word_1_147' title='bbox 870 2078 1061 2135; x_wconf 88' lang='lat' dir='ltr'>trans</span> <span class='ocrx_word' id='word_1_148' title='bbox 1079 2071 1380 2136; x_wconf 88' lang='lat' dir='ltr'>Tiberim</span> <span class='ocrx_word' id='word_1_149' title='bbox 1410 2070 1724 2134; x_wconf 86' lang='lat' dir='ltr'>habitare</span> <span class='ocrx_word' id='word_1_150' title='bbox 1744 2119 1759 2147; x_wconf 89' lang='lat'>,</span> <span class='ocrx_word' id='word_1_151' title='bbox 1790 2073 1932 2136; x_wconf 89' lang='lat' dir='ltr'>eius</span> <span class='ocrx_word' id='word_1_152' title='bbox 1965 2073 2078 2157; x_wconf 92' lang='lat' dir='ltr'>qui</span> <span class='ocrx_word' id='word_1_153' title='bbox 2110 2074 2206 2137; x_wconf 89' lang='lat' dir='ltr'>eis</span> <span class='ocrx_word' id='word_1_154' title='bbox 2225 2073 2340 2139; x_wconf 85' lang='lat' dir='ltr'>Ti-</span> 
     </span>
     <span class='ocr_line' id='line_1_18' title="bbox 83 2168 2338 2257; baseline 0.001 -21"><span class='ocrx_word' id='word_1_155' title='bbox 83 2171 329 2236; x_wconf 86' lang='lat' dir='ltr'>berim</span> <span class='ocrx_word' id='word_1_156' title='bbox 375 2168 842 2254; x_wconf 87' lang='lat' dir='ltr'>deprehensus</span> <span class='ocrx_word' id='word_1_157' title='bbox 882 2177 949 2233; x_wconf 87' lang='lat' dir='ltr'>et</span> <span class='ocrx_word' id='word_1_158' title='bbox 993 2175 1234 2254; x_wconf 86' lang='lat' dir='ltr'>eaptus</span> <span class='ocrx_word' id='word_1_159' title='bbox 1280 2178 1463 2233; x_wconf 90' lang='lat' dir='ltr'>esset</span> <span class='ocrx_word' id='word_1_160' title='bbox 1505 2190 1719 2254; x_wconf 88' lang='lat' dir='ltr'>usque</span> <span class='ocrx_word' id='word_1_161' title='bbox 1765 2169 1854 2233; x_wconf 88' lang='lat' dir='ltr'>ad</span> <span class='ocrx_word' id='word_1_162' title='bbox 1896 2171 2075 2235; x_wconf 91' lang='lat' dir='ltr'>mille</span> <span class='ocrx_word' id='word_1_163' title='bbox 2104 2173 2338 2257; x_wconf 93' lang='lat' dir='ltr'>pondo</span> 
     </span>
     <span class='ocr_line' id='line_1_19' title="bbox 86 2267 2338 2354; baseline 0.001 -20"><span class='ocrx_word' id='word_1_164' title='bbox 86 2289 347 2334; x_wconf 87' lang='lat' dir='ltr'>assum</span> <span class='ocrx_word' id='word_1_165' title='bbox 378 2273 524 2331; x_wconf 88' lang='lat' dir='ltr'>erat</span> <span class='ocrx_word' id='word_1_166' title='bbox 555 2267 907 2354; x_wconf 81' lang='lat' dir='ltr'>clarigatio</span> <span class='ocrx_word' id='word_1_167' title='bbox 929 2315 946 2340; x_wconf 93' lang='lat'>,</span> <span class='ocrx_word' id='word_1_168' title='bbox 973 2267 1047 2332; x_wconf 93' lang='lat' dir='ltr'>id</span> <span class='ocrx_word' id='word_1_169' title='bbox 1077 2273 1183 2332; x_wconf 88' lang='lat' dir='ltr'>est</span> <span class='ocrx_word' id='word_1_170' title='bbox 1210 2268 1528 2352; x_wconf 88' lang='lat' dir='ltr'>repetitio</span> <span class='ocrx_word' id='word_1_171' title='bbox 1553 2291 1569 2344; x_wconf 77' lang='grc' dir='ltr'><strong>ς</strong></span> <span class='ocrx_word' id='word_1_172' title='bbox 1602 2268 1789 2352; x_wconf 91' lang='lat' dir='ltr'>quod</span> <span class='ocrx_word' id='word_1_173' title='bbox 1820 2290 1936 2333; x_wconf 89' lang='lat' dir='ltr'>aes</span> <span class='ocrx_word' id='word_1_174' title='bbox 1966 2270 2222 2335; x_wconf 85' lang='lat' dir='ltr'>seilicet</span> <span class='ocrx_word' id='word_1_175' title='bbox 2252 2273 2338 2337; x_wconf 88' lang='lat' dir='ltr'>ab</span> 
     </span>
     <span class='ocr_line' id='line_1_20' title="bbox 87 2364 2340 2453; baseline 0.001 -21"><span class='ocrx_word' id='word_1_176' title='bbox 87 2371 266 2453; x_wconf 85' lang='lat' dir='ltr'>ipso</span> <span class='ocrx_word' id='word_1_177' title='bbox 290 2364 404 2429; x_wconf 90' lang='lat' dir='ltr'>vel</span> <span class='ocrx_word' id='word_1_178' title='bbox 427 2386 468 2428; x_wconf 89' lang='lat' dir='ltr'>a</span> <span class='ocrx_word' id='word_1_179' title='bbox 489 2387 563 2444; x_wconf 87' lang='lat' dir='ltr'>re</span> <span class='ocrx_word' id='word_1_180' title='bbox 585 2367 859 2452; x_wconf 88' lang='lat' dir='ltr'>publiea</span> <span class='ocrx_word' id='word_1_181' title='bbox 875 2365 1376 2431; x_wconf 85' lang='lat' dir='ltr'>Veliternorum</span> <span class='ocrx_word' id='word_1_182' title='bbox 1401 2366 1780 2430; x_wconf 83' lang='lat' dir='ltr'>solveretur</span> <span class='ocrx_word' id='word_1_183' title='bbox 1799 2416 1812 2430; x_wconf 90' lang='lat'><strong>.</strong></span> <span class='ocrx_word' id='word_1_184' title='bbox 1846 2367 1933 2446; x_wconf 83' lang='lat' dir='ltr'>ad</span> <span class='ocrx_word' id='word_1_185' title='bbox 1961 2368 2096 2432; x_wconf 86' lang='lat' dir='ltr'>hoe</span> <span class='ocrx_word' id='word_1_186' title='bbox 2119 2390 2340 2434; x_wconf 88' lang='lat' dir='ltr'>exem-</span> 
     </span>
     <span class='ocr_line' id='line_1_21' title="bbox 87 2463 2339 2556; baseline 0.003 -25"><span class='ocrx_word' id='word_1_187' title='bbox 87 2467 300 2553; x_wconf 89' lang='lat' dir='ltr'>plum</span> <span class='ocrx_word' id='word_1_188' title='bbox 331 2463 510 2548; x_wconf 89' lang='lat' dir='ltr'>(nam</span> <span class='ocrx_word' id='word_1_189' title='bbox 531 2464 829 2551; x_wconf 73' lang='lat' dir='ltr'>clariyari</span> <span class='ocrx_word' id='word_1_190' title='bbox 850 2464 1075 2553; x_wconf 76' lang='lat' dir='ltr'>aliquis</span> <span class='ocrx_word' id='word_1_191' title='bbox 1099 2470 1335 2551; x_wconf 89' lang='lat' dir='ltr'>potest</span> <span class='ocrx_word' id='word_1_192' title='bbox 1352 2513 1366 2540; x_wconf 90' lang='lat'>‚</span> <span class='ocrx_word' id='word_1_193' title='bbox 1400 2465 1713 2550; x_wconf 89' lang='lat' dir='ltr'>quoniam</span> <span class='ocrx_word' id='word_1_194' title='bbox 1736 2467 1996 2532; x_wconf 68' lang='lat' dir='ltr'>alicuius</span> <span class='ocrx_word' id='word_1_195' title='bbox 2018 2469 2339 2556; x_wconf 74' lang='lat' dir='ltr'>clariyatio</span> 
     </span>
     <span class='ocr_line' id='line_1_22' title="bbox 90 2562 2339 2656; baseline 0.001 -25"><span class='ocrx_word' id='word_1_196' title='bbox 90 2566 242 2648; x_wconf 84' lang='lat' dir='ltr'>est)</span> <span class='ocrx_word' id='word_1_197' title='bbox 287 2568 498 2648; x_wconf 70' lang='lat' dir='ltr'>poeta</span> <span class='ocrx_word' id='word_1_198' title='bbox 545 2563 710 2627; x_wconf 86' lang='lat' dir='ltr'>dicit</span> <span class='ocrx_word' id='word_1_199' title='bbox 738 2562 984 2627; x_wconf 87' lang='lat' dir='ltr'>flumen</span> <span class='ocrx_word' id='word_1_200' title='bbox 1026 2563 1207 2627; x_wconf 87' lang='lat' dir='ltr'>feras</span> <span class='ocrx_word' id='word_1_201' title='bbox 1238 2585 1275 2627; x_wconf 93' lang='lat' dir='ltr'>e</span> <span class='ocrx_word' id='word_1_202' title='bbox 1305 2564 1684 2639; x_wconf 77' lang='lat' dir='ltr'>montibuS‚</span> <span class='ocrx_word' id='word_1_203' title='bbox 1728 2564 1796 2627; x_wconf 84' lang='lat' dir='ltr'>in</span> <span class='ocrx_word' id='word_1_204' title='bbox 1826 2566 2069 2650; x_wconf 88' lang='lat' dir='ltr'>quibus</span> <span class='ocrx_word' id='word_1_205' title='bbox 2101 2568 2189 2632; x_wconf 89' lang='lat' dir='ltr'>ad</span> <span class='ocrx_word' id='word_1_206' title='bbox 2219 2591 2339 2656; x_wconf 93' lang='lat' dir='ltr'>pa-</span> 
     </span>
     <span class='ocr_line' id='line_1_23' title="bbox 87 2661 2339 2754; baseline 0.001 -24"><span class='ocrx_word' id='word_1_207' title='bbox 87 2663 274 2730; x_wconf 89' lang='lat' dir='ltr'>bula</span> <span class='ocrx_word' id='word_1_208' title='bbox 302 2661 696 2746; x_wconf 89' lang='lat' dir='ltr'>quaerenda</span> <span class='ocrx_word' id='word_1_209' title='bbox 720 2669 1127 2748; x_wconf 83' lang='lat' dir='ltr'>evagantur,</span> <span class='ocrx_word' id='word_1_210' title='bbox 1161 2662 1355 2747; x_wconf 88' lang='lat' dir='ltr'>quasi</span> <span class='ocrx_word' id='word_1_211' title='bbox 1377 2664 1764 2748; x_wconf 69' lang='lat' dir='ltr'>clariyitare‚</span> <span class='ocrx_word' id='word_1_212' title='bbox 1785 2661 1922 2727; x_wconf 89' lang='lat' dir='ltr'>hoe</span> <span class='ocrx_word' id='word_1_213' title='bbox 1946 2671 2051 2728; x_wconf 84' lang='lat' dir='ltr'>est</span> <span class='ocrx_word' id='word_1_214' title='bbox 2073 2688 2339 2754; x_wconf 88' lang='lat' dir='ltr'>semper</span> 
     </span>
     <span class='ocr_line' id='line_1_24' title="bbox 86 2758 2338 2897; baseline 0.001 -69"><span class='ocrx_word' id='word_1_215' title='bbox 86 2767 426 2846; x_wconf 86' lang='lat' dir='ltr'>repetere</span> <span class='ocrx_word' id='word_1_216' title='bbox 458 2766 527 2823; x_wconf 90' lang='lat' dir='ltr'>et</span> <span class='ocrx_word' id='word_1_217' title='bbox 554 2758 982 2846; x_wconf 86' lang='lat' dir='ltr'>recolligere,</span> <span class='ocrx_word' id='word_1_218' title='bbox 1013 2759 1330 2844; x_wconf 88' lang='lat' dir='ltr'>quoniam</span> <span class='ocrx_word' id='word_1_219' title='bbox 1358 2768 1647 2848; x_wconf 88' lang='lat' dir='ltr'>propter</span> <span class='ocrx_word' id='word_1_220' title='bbox 1669 2760 1846 2825; x_wconf 90' lang='lat' dir='ltr'>sitim</span> <span class='ocrx_word' id='word_1_221' title='bbox 1878 2783 1951 2826; x_wconf 91' lang='lat' dir='ltr'>se</span> <span class='ocrx_word' id='word_1_222' title='bbox 1984 2763 2071 2827; x_wconf 91' lang='lat' dir='ltr'>ad</span> <span class='ocrx_word' id='word_1_223' title='bbox 2095 2786 2338 2897; x_wconf 85' lang='lat' dir='ltr'>aquam</span> 
     </span>
     <span class='ocr_line' id='line_1_25' title="bbox 86 2859 2274 2942; baseline -0.002 -16"><span class='ocrx_word' id='word_1_224' title='bbox 86 2859 421 2942; x_wconf 80' lang='lat' dir='ltr'>recipere</span> <span class='ocrx_word' id='word_1_225' title='bbox 452 2864 817 2942; x_wconf 86' lang='lat' dir='ltr'>eoguntur.</span> <span class='ocrx_word' id='word_1_226' title='bbox 2271 2886 2274 2891; x_wconf 88' lang='lat'><strong>·</strong></span> 
     </span>
    </p>

    <p class='ocr_par' dir='ltr' id='par_1_3' title="bbox 85 2955 2339 3533">
     <span class='ocr_line' id='line_1_26' title="bbox 277 2955 2338 3032; baseline 0.004 -13"><span class='ocrx_word' id='word_1_227' title='bbox 277 2955 421 3019; x_wconf 84' lang='lat'><strong>948.</strong></span> <span class='ocrx_word' id='word_1_228' title='bbox 466 2955 881 3031; x_wconf 66' lang='lat' dir='ltr'>meoun,</span> <span class='ocrx_word' id='word_1_229' title='bbox 927 2977 1136 3019; x_wconf 69' lang='lat' dir='ltr'>no‘rA</span> <span class='ocrx_word' id='word_1_230' title='bbox 1181 2978 1979 3032; x_wconf 71' lang='lat' dir='ltr'>VAG1S‚S11‚vns·rR1A</span> <span class='ocrx_word' id='word_1_231' title='bbox 2019 2984 2338 3027; x_wconf 83' lang='lat' dir='ltr'><strong>TEMPLA</strong></span> 
     </span>
     <span class='ocr_line' id='line_1_27' title="bbox 87 3053 2336 3141; baseline 0.001 -19"><span class='ocrx_word' id='word_1_232' title='bbox 87 3082 131 3122; x_wconf 71' lang='lat' dir='ltr'>‘r</span> <span class='ocrx_word' id='word_1_233' title='bbox 150 3080 200 3121; x_wconf 81' lang='lat' dir='ltr'>E</span> <span class='ocrx_word' id='word_1_234' title='bbox 220 3078 268 3118; x_wconf 72' lang='lat' dir='ltr'>N</span> <span class='ocrx_word' id='word_1_235' title='bbox 284 3077 326 3117; x_wconf 82' lang='lat' dir='ltr'><strong>E</strong></span> <span class='ocrx_word' id='word_1_236' title='bbox 343 3074 551 3116; x_wconf 78' lang='lat' dir='ltr'><strong>BANT</strong></span> <span class='ocrx_word' id='word_1_237' title='bbox 585 3053 647 3117; x_wconf 91' lang='lat' dir='ltr'>N</span> <span class='ocrx_word' id='word_1_238' title='bbox 665 3076 703 3116; x_wconf 81' lang='lat' dir='ltr'>Y</span> <span class='ocrx_word' id='word_1_239' title='bbox 720 3077 768 3116; x_wconf 80' lang='grc' dir='ltr'><strong>Μ</strong></span> <span class='ocrx_word' id='word_1_240' title='bbox 784 3076 821 3116; x_wconf 83' lang='lat' dir='ltr'>P</span> <span class='ocrx_word' id='word_1_241' title='bbox 836 3078 882 3117; x_wconf 83' lang='lat' dir='ltr'>n</span> <span class='ocrx_word' id='word_1_242' title='bbox 896 3076 939 3117; x_wconf 83' lang='lat' dir='ltr'>A</span> <span class='ocrx_word' id='word_1_243' title='bbox 955 3077 997 3117; x_wconf 81' lang='lat' dir='ltr'>R</span> <span class='ocrx_word' id='word_1_244' title='bbox 1013 3077 1116 3118; x_wconf 76' lang='lat' dir='ltr'>mu</span> <span class='ocrx_word' id='word_1_245' title='bbox 1135 3104 1150 3118; x_wconf 92' lang='lat'><strong>.</strong></span> <span class='ocrx_word' id='word_1_246' title='bbox 1196 3056 1614 3119; x_wconf 84' lang='lat' dir='ltr'>Sententiam</span> <span class='ocrx_word' id='word_1_247' title='bbox 1645 3059 1980 3141; x_wconf 83' lang='lat' dir='ltr'>pervertit</span> <span class='ocrx_word' id='word_1_248' title='bbox 2008 3059 2336 3125; x_wconf 86' lang='lat' dir='ltr'>Marullus</span> 
     </span>
     <span class='ocr_line' id='line_1_28' title="bbox 88 3151 2336 3237; baseline 0.001 -18"><span class='ocrx_word' id='word_1_249' title='bbox 88 3151 479 3220; x_wconf 84' lang='lat' dir='ltr'>scribendo</span> <span class='ocrx_word' id='word_1_250' title='bbox 507 3153 810 3237; x_wconf 73' lang='lat' dir='ltr'>noctivayi</span> <span class='ocrx_word' id='word_1_251' title='bbox 836 3177 858 3214; x_wconf 89' lang='lat'>.·</span> <span class='ocrx_word' id='word_1_252' title='bbox 898 3151 1033 3216; x_wconf 87' lang='lat' dir='ltr'>hoe</span> <span class='ocrx_word' id='word_1_253' title='bbox 1062 3152 1426 3216; x_wconf 74' lang='lat' dir='ltr'>tamenille</span> <span class='ocrx_word' id='word_1_254' title='bbox 1447 3152 1870 3218; x_wconf 88' lang='lat' dir='ltr'>Wakefieldo</span> <span class='ocrx_word' id='word_1_255' title='bbox 1903 3158 2154 3222; x_wconf 87' lang='lat' dir='ltr'>rectius</span> <span class='ocrx_word' id='word_1_256' title='bbox 2186 3181 2336 3237; x_wconf 89' lang='lat' dir='ltr'>sen-</span> 
     </span>
     <span class='ocr_line' id='line_1_29' title="bbox 88 3249 2339 3337; baseline 0.003 -21"><span class='ocrx_word' id='word_1_257' title='bbox 88 3256 195 3320; x_wconf 82' lang='lat' dir='ltr'>sit</span> <span class='ocrx_word' id='word_1_258' title='bbox 216 3299 232 3326; x_wconf 91' lang='lat'><strong>‚</strong></span> <span class='ocrx_word' id='word_1_259' title='bbox 265 3249 716 3336; x_wconf 84' lang='lat' dir='ltr'>nympharum</span> <span class='ocrx_word' id='word_1_260' title='bbox 743 3251 982 3314; x_wconf 86' lang='lat' dir='ltr'>domos</span> <span class='ocrx_word' id='word_1_261' title='bbox 1004 3251 1233 3335; x_wconf 91' lang='lat' dir='ltr'>inepte</span> <span class='ocrx_word' id='word_1_262' title='bbox 1257 3261 1327 3315; x_wconf 87' lang='lat' dir='ltr'>et</span> <span class='ocrx_word' id='word_1_263' title='bbox 1345 3259 1619 3337; x_wconf 89' lang='lat' dir='ltr'>praeter</span> <span class='ocrx_word' id='word_1_264' title='bbox 1642 3274 1782 3316; x_wconf 89' lang='lat' dir='ltr'>rem</span> <span class='ocrx_word' id='word_1_265' title='bbox 1807 3253 1941 3319; x_wconf 90' lang='lat' dir='ltr'>diei</span> <span class='ocrx_word' id='word_1_266' title='bbox 1963 3263 2163 3320; x_wconf 90' lang='lat' dir='ltr'>notas</span> <span class='ocrx_word' id='word_1_267' title='bbox 2188 3279 2339 3323; x_wconf 90' lang='lat' dir='ltr'>esse</span> 
     </span>
     <span class='ocr_line' id='line_1_30' title="bbox 92 3348 2339 3436; baseline 0.003 -21"><span class='ocrx_word' id='word_1_268' title='bbox 92 3350 341 3418; x_wconf 86' lang='lat' dir='ltr'>solere</span> <span class='ocrx_word' id='word_1_269' title='bbox 369 3348 753 3414; x_wconf 89' lang='lat' dir='ltr'>hominibus</span> <span class='ocrx_word' id='word_1_270' title='bbox 786 3349 1033 3413; x_wconf 88' lang='lat' dir='ltr'>eireum</span> <span class='ocrx_word' id='word_1_271' title='bbox 1063 3350 1469 3436; x_wconf 85' lang='lat' dir='ltr'>vagantibus</span> <span class='ocrx_word' id='word_1_272' title='bbox 1494 3399 1508 3414; x_wconf 90' lang='lat'><strong>.</strong></span> <span class='ocrx_word' id='word_1_273' title='bbox 1554 3351 1677 3416; x_wconf 87' lang='lat' dir='ltr'>sed</span> <span class='ocrx_word' id='word_1_274' title='bbox 1709 3352 1875 3416; x_wconf 89' lang='lat' dir='ltr'>satis</span> <span class='ocrx_word' id='word_1_275' title='bbox 1906 3362 2011 3418; x_wconf 91' lang='lat' dir='ltr'>est</span> <span class='ocrx_word' id='word_1_276' title='bbox 2040 3356 2339 3421; x_wconf 89' lang='lat' dir='ltr'>seribere</span> 
     </span>
     <span class='ocr_line' id='line_1_31' title="bbox 85 3442 1753 3533; baseline -0.001 -18"><span class='ocrx_word' id='word_1_277' title='bbox 85 3476 137 3515; x_wconf 86' lang='lat' dir='ltr'><strong>v</strong></span> <span class='ocrx_word' id='word_1_278' title='bbox 155 3472 212 3515; x_wconf 77' lang='lat' dir='ltr'>A</span> <span class='ocrx_word' id='word_1_279' title='bbox 228 3470 309 3513; x_wconf 73' lang='grc' dir='ltr'>αι</span> <span class='ocrx_word' id='word_1_280' title='bbox 330 3495 346 3522; x_wconf 88' lang='grc'>,</span> <span class='ocrx_word' id='word_1_281' title='bbox 375 3454 454 3509; x_wconf 88' lang='lat' dir='ltr'>ut</span> <span class='ocrx_word' id='word_1_282' title='bbox 479 3447 608 3533; x_wconf 88' lang='lat' dir='ltr'>ipsi</span> <span class='ocrx_word' id='word_1_283' title='bbox 636 3447 732 3511; x_wconf 91' lang='lat' dir='ltr'>illi</span> <span class='ocrx_word' id='word_1_284' title='bbox 759 3442 966 3532; x_wconf 71' lang='lat' dir='ltr'>primi¹</span> <span class='ocrx_word' id='word_1_285' title='bbox 983 3449 1306 3513; x_wconf 83' lang='lat' dir='ltr'>mortales</span> <span class='ocrx_word' id='word_1_286' title='bbox 1333 3448 1720 3514; x_wconf 82' lang='lat' dir='ltr'>indicentur</span> <span class='ocrx_word' id='word_1_287' title='bbox 1737 3499 1753 3515; x_wconf 89' lang='lat'><strong>.</strong></span> 
     </span>
    </p>

    <p class='ocr_par' dir='ltr' id='par_1_4' title="bbox 85 3544 2383 4417">
     <span class='ocr_line' id='line_1_32' title="bbox 279 3544 2337 3620; baseline 0.003 -13"><span class='ocrx_word' id='word_1_288' title='bbox 279 3544 423 3608; x_wconf 85' lang='lat'><strong>949.</strong></span> <span class='ocrx_word' id='word_1_289' title='bbox 456 3567 757 3620; x_wconf 72' lang='lat' dir='ltr'>munus</span> <span class='ocrx_word' id='word_1_290' title='bbox 798 3569 836 3609; x_wconf 80' lang='lat' dir='ltr'>E</span> <span class='ocrx_word' id='word_1_291' title='bbox 868 3568 1220 3611; x_wconf 74' lang='lat' dir='ltr'>scxssANr</span> <span class='ocrx_word' id='word_1_292' title='bbox 1263 3570 1529 3611; x_wconf 82' lang='lat' dir='ltr'>UMORE</span> <span class='ocrx_word' id='word_1_293' title='bbox 1575 3572 1939 3613; x_wconf 78' lang='lat' dir='ltr'>FLUENTA</span> <span class='ocrx_word' id='word_1_294' title='bbox 1970 3551 2337 3614; x_wconf 75' lang='lat' dir='ltr'>LUBRICA</span> 
     </span>
     <span class='ocr_line' id='line_1_33' title="bbox 90 3646 2336 3712; baseline -0 0"><span class='ocrx_word' id='word_1_295' title='bbox 90 3665 587 3712; x_wconf 80' lang='lat' dir='ltr'>PROLUVIAE</span> <span class='ocrx_word' id='word_1_296' title='bbox 652 3666 924 3708; x_wconf 79' lang='lat' dir='ltr'>LARGA</span> <span class='ocrx_word' id='word_1_297' title='bbox 985 3669 1024 3708; x_wconf 84' lang='lat' dir='ltr'>L</span> <span class='ocrx_word' id='word_1_298' title='bbox 1043 3668 1289 3709; x_wconf 71' lang='lat' dir='ltr'>AvnRE</span> <span class='ocrx_word' id='word_1_299' title='bbox 1356 3661 1615 3710; x_wconf 76' lang='lat' dir='ltr'>UmDA</span> <span class='ocrx_word' id='word_1_300' title='bbox 1676 3669 1882 3710; x_wconf 76' lang='lat' dir='ltr'>sAXA</span> <span class='ocrx_word' id='word_1_301' title='bbox 1908 3695 1921 3708; x_wconf 87' lang='lat'><strong>.</strong></span> <span class='ocrx_word' id='word_1_302' title='bbox 1986 3646 2093 3708; x_wconf 88' lang='lat' dir='ltr'>Ita</span> <span class='ocrx_word' id='word_1_303' title='bbox 2136 3670 2336 3711; x_wconf 89' lang='lat' dir='ltr'>mem-</span> 
     </span>
     <span class='ocr_line' id='line_1_34' title="bbox 86 3743 2336 3828; baseline -0.001 -16"><span class='ocrx_word' id='word_1_304' title='bbox 86 3750 367 3812; x_wconf 86' lang='lat' dir='ltr'>branae</span> <span class='ocrx_word' id='word_1_305' title='bbox 390 3790 405 3817; x_wconf 92' lang='lat'>,</span> <span class='ocrx_word' id='word_1_306' title='bbox 445 3743 660 3827; x_wconf 70' lang='lat' dir='ltr'>quibus</span> <span class='ocrx_word' id='word_1_307' title='bbox 688 3743 1003 3826; x_wconf 74' lang='lat' dir='ltr'>escibant5</span> <span class='ocrx_word' id='word_1_308' title='bbox 1049 3743 1233 3828; x_wconf 88' lang='lat' dir='ltr'>quod</span> <span class='ocrx_word' id='word_1_309' title='bbox 1265 3765 1408 3807; x_wconf 87' lang='lat' dir='ltr'>eum</span> <span class='ocrx_word' id='word_1_310' title='bbox 1442 3744 1952 3827; x_wconf 86' lang='lat' dir='ltr'>Havercampus</span> <span class='ocrx_word' id='word_1_311' title='bbox 1981 3750 2170 3807; x_wconf 87' lang='lat' dir='ltr'>reete</span> <span class='ocrx_word' id='word_1_312' title='bbox 2197 3754 2336 3809; x_wconf 86' lang='lat' dir='ltr'>ret-</span> 
     </span>
     <span class='ocr_line' id='line_1_35' title="bbox 85 3840 2335 3915; baseline -0 -5"><span class='ocrx_word' id='word_1_313' title='bbox 85 3843 414 3915; x_wconf 85' lang='lat' dir='ltr'>tulisset,</span> <span class='ocrx_word' id='word_1_314' title='bbox 444 3846 671 3904; x_wconf 88' lang='lat' dir='ltr'>tamen</span> <span class='ocrx_word' id='word_1_315' title='bbox 701 3862 895 3904; x_wconf 90' lang='lat' dir='ltr'>nemo</span> <span class='ocrx_word' id='word_1_316' title='bbox 918 3842 1088 3905; x_wconf 88' lang='lat' dir='ltr'>vidit</span> <span class='ocrx_word' id='word_1_317' title='bbox 1117 3841 1359 3904; x_wconf 87' lang='lat' dir='ltr'>litteris</span> <span class='ocrx_word' id='word_1_318' title='bbox 1386 3840 1699 3905; x_wconf 86' lang='lat' dir='ltr'>diiunctis</span> <span class='ocrx_word' id='word_1_319' title='bbox 1726 3840 2163 3915; x_wconf 87' lang='lat' dir='ltr'>scribendum</span> <span class='ocrx_word' id='word_1_320' title='bbox 2186 3865 2335 3908; x_wconf 91' lang='lat' dir='ltr'>esse</span> 
     </span>
     <span class='ocr_line' id='line_1_36' title="bbox 89 3938 2337 4032; baseline 0 -27"><span class='ocrx_word' id='word_1_321' title='bbox 89 3941 328 4032; x_wconf 76' lang='lat' dir='ltr'>quibus</span> <span class='ocrx_word' id='word_1_322' title='bbox 357 3962 389 4002; x_wconf 85' lang='lat' dir='ltr'>e</span> <span class='ocrx_word' id='word_1_323' title='bbox 415 3939 649 4003; x_wconf 77' lang='lat' dir='ltr'>scibant</span> <span class='ocrx_word' id='word_1_324' title='bbox 664 3988 677 4001; x_wconf 90' lang='lat'><strong>.</strong></span> <span class='ocrx_word' id='word_1_325' title='bbox 714 3939 870 4002; x_wconf 92' lang='lat' dir='ltr'>olim</span> <span class='ocrx_word' id='word_1_326' title='bbox 897 3940 1205 4024; x_wconf 89' lang='lat' dir='ltr'>impressi</span> <span class='ocrx_word' id='word_1_327' title='bbox 1236 3940 1559 4022; x_wconf 65' lang='grc' dir='ltr'><em>αρειὶὂαηί,</em></span> <span class='ocrx_word' id='word_1_328' title='bbox 1599 3938 1751 4002; x_wconf 86' lang='lat' dir='ltr'>Itali</span> <span class='ocrx_word' id='word_1_329' title='bbox 1778 3939 2052 4019; x_wconf 77' lang='lat' dir='ltr'>exibant,</span> <span class='ocrx_word' id='word_1_330' title='bbox 2083 3940 2337 4007; x_wconf 88' lang='lat' dir='ltr'>Wake-</span> 
     </span>
     <span class='ocr_line' id='line_1_37' title="bbox 87 4037 2336 4127; baseline -0.002 -20"><span class='ocrx_word' id='word_1_331' title='bbox 87 4039 352 4107; x_wconf 87' lang='lat' dir='ltr'>fieldus</span> <span class='ocrx_word' id='word_1_332' title='bbox 396 4037 675 4101; x_wconf 73' lang='lat' dir='ltr'>excibant</span> <span class='ocrx_word' id='word_1_333' title='bbox 702 4087 716 4100; x_wconf 90' lang='lat'><strong>.</strong></span> <span class='ocrx_word' id='word_1_334' title='bbox 776 4037 900 4101; x_wconf 89' lang='lat' dir='ltr'>sed</span> <span class='ocrx_word' id='word_1_335' title='bbox 935 4038 1177 4127; x_wconf 79' lang='lat' dir='ltr'>fluenta</span> <span class='ocrx_word' id='word_1_336' title='bbox 1230 4037 1471 4122; x_wconf 88' lang='lat' dir='ltr'>putide</span> <span class='ocrx_word' id='word_1_337' title='bbox 1517 4058 1597 4101; x_wconf 87' lang='lat' dir='ltr'>ae</span> <span class='ocrx_word' id='word_1_338' title='bbox 1650 4058 1973 4122; x_wconf 86' lang='lat' dir='ltr'>perverse</span> <span class='ocrx_word' id='word_1_339' title='bbox 2019 4038 2336 4104; x_wconf 86' lang='lat' dir='ltr'>dicuntur</span> 
     </span>
     <span class='ocr_line' id='line_1_38' title="bbox 89 4134 2334 4219; baseline -0.002 -15"><span class='ocrx_word' id='word_1_340' title='bbox 89 4160 319 4204; x_wconf 79' lang='lat' dir='ltr'>umore</span> <span class='ocrx_word' id='word_1_341' title='bbox 362 4135 602 4203; x_wconf 55' lang='lat' dir='ltr'>lubrica</span> <span class='ocrx_word' id='word_1_342' title='bbox 620 4161 639 4198; x_wconf 89' lang='grc'>.·</span> <span class='ocrx_word' id='word_1_343' title='bbox 681 4135 909 4219; x_wconf 87' lang='lat' dir='ltr'>itaque</span> <span class='ocrx_word' id='word_1_344' title='bbox 933 4134 1398 4199; x_wconf 85' lang='lat' dir='ltr'>Wakefieldus</span> <span class='ocrx_word' id='word_1_345' title='bbox 1444 4157 1483 4198; x_wconf 92' lang='lat' dir='ltr'>a</span> <span class='ocrx_word' id='word_1_346' title='bbox 1526 4134 1832 4199; x_wconf 92' lang='lat' dir='ltr'>Bentleio</span> <span class='ocrx_word' id='word_1_347' title='bbox 1881 4136 2116 4200; x_wconf 85' lang='lat' dir='ltr'>debuit</span> <span class='ocrx_word' id='word_1_348' title='bbox 2161 4139 2334 4201; x_wconf 85' lang='lat' dir='ltr'>aoei-</span> 
     </span>
     <span class='ocr_line' id='line_1_39' title="bbox 89 4232 2383 4325; baseline -0.001 -25"><span class='ocrx_word' id='word_1_349' title='bbox 89 4255 272 4325; x_wconf 89' lang='lat' dir='ltr'>pere</span> <span class='ocrx_word' id='word_1_350' title='bbox 303 4255 464 4297; x_wconf 75' lang='lat' dir='ltr'>nmo</span> <span class='ocrx_word' id='word_1_351' title='bbox 483 4233 577 4296; x_wconf 81' lang='lat' dir='ltr'>Rl&#39;</span> <span class='ocrx_word' id='word_1_352' title='bbox 589 4233 864 4322; x_wconf 81' lang='lat' dir='ltr'>fluenta,</span> <span class='ocrx_word' id='word_1_353' title='bbox 897 4254 1030 4317; x_wconf 90' lang='lat' dir='ltr'>quo</span> <span class='ocrx_word' id='word_1_354' title='bbox 1062 4256 1136 4297; x_wconf 92' lang='lat' dir='ltr'>se</span> <span class='ocrx_word' id='word_1_355' title='bbox 1163 4232 1366 4296; x_wconf 90' lang='lat' dir='ltr'>homo</span> <span class='ocrx_word' id='word_1_356' title='bbox 1393 4235 1601 4297; x_wconf 91' lang='lat' dir='ltr'>mirus</span> <span class='ocrx_word' id='word_1_357' title='bbox 1630 4233 1795 4297; x_wconf 89' lang='lat' dir='ltr'>nihil</span> <span class='ocrx_word' id='word_1_358' title='bbox 1822 4255 2131 4319; x_wconf 89' lang='lat' dir='ltr'>umquam</span> <span class='ocrx_word' id='word_1_359' title='bbox 2163 4234 2331 4298; x_wconf 88' lang='lat' dir='ltr'>infe·</span> <span class='ocrx_word' id='word_1_360' title='bbox 2378 4272 2383 4275; x_wconf 88' lang='lat'>-</span> 
     </span>
     <span class='ocr_line' id='line_1_40' title="bbox 87 4328 2340 4417; baseline -0.002 -18"><span class='ocrx_word' id='word_1_361' title='bbox 87 4335 298 4399; x_wconf 79' lang='lat' dir='ltr'>licius</span> <span class='ocrx_word' id='word_1_362' title='bbox 329 4328 586 4394; x_wconf 82' lang='lat' dir='ltr'>vidisse</span> <span class='ocrx_word' id='word_1_363' title='bbox 629 4337 894 4395; x_wconf 86' lang='lat' dir='ltr'>narrat.</span> <span class='ocrx_word' id='word_1_364' title='bbox 928 4330 1248 4417; x_wconf 82' lang='lat' dir='ltr'>deinceps</span> <span class='ocrx_word' id='word_1_365' title='bbox 1280 4331 1465 4415; x_wconf 90' lang='lat' dir='ltr'>apud</span> <span class='ocrx_word' id='word_1_366' title='bbox 1495 4331 1784 4396; x_wconf 90' lang='lat' dir='ltr'>Nonium</span> <span class='ocrx_word' id='word_1_367' title='bbox 1814 4356 1878 4417; x_wconf 92' lang='lat' dir='ltr'>p.</span> <span class='ocrx_word' id='word_1_368' title='bbox 1899 4333 2037 4405; x_wconf 83' lang='lat'>504,</span> <span class='ocrx_word' id='word_1_369' title='bbox 2056 4332 2097 4395; x_wconf 87' lang='grc'>8</span> <span class='ocrx_word' id='word_1_370' title='bbox 2125 4334 2340 4416; x_wconf 86' lang='lat' dir='ltr'>paulo&#39;</span> 
     </span>
    </p>
   </div>
   <div class='ocr_carea' id='block_1_3' title="bbox 90 4429 1926 4590">
    <p class='ocr_par' dir='ltr' id='par_1_5' title="bbox 90 4429 1926 4590">
     <span class='ocr_line' id='line_1_41' title="bbox 90 4429 1271 4512; baseline -0.005 -15"><span class='ocrx_word' id='word_1_371' title='bbox 90 4430 363 4497; x_wconf 82' lang='lat' dir='ltr'>rectius</span> <span class='ocrx_word' id='word_1_372' title='bbox 395 4429 721 4512; x_wconf 85' lang='lat' dir='ltr'>scriptum</span> <span class='ocrx_word' id='word_1_373' title='bbox 753 4435 942 4497; x_wconf 85' lang='lat' dir='ltr'>extat</span> <span class='ocrx_word' id='word_1_374' title='bbox 961 4429 1271 4512; x_wconf 80' lang='lat' dir='ltr'>proluvie.</span> 
     </span>
     <span class='ocr_line' id='line_1_42' title="bbox 1822 4526 1926 4590; baseline 0 0"><span class='ocrx_word' id='word_1_375' title='bbox 1822 4526 1926 4590; x_wconf 86' lang='lat'>-21</span> 
     </span>
    </p>
   </div>
  </div>
 </body>
</html>
