2840 5008
1202 332 1297 401 III
2282 332 2376 400 87

54 558 55 565 1
88 533 226 575 rara
254 509 454 595 quod
487 507 654 573 eius
688 506 855 570 enim
886 513 1154 570 constat
1179 514 1454 580 natura,
1477 514 1821 571 necessest

92 627 249 690 aeris
278 625 469 689 inter
504 645 675 687 eum
709 620 1070 706 primordia
1097 621 1303 684 multa
1328 621 1614 684 moveri.

91 742 205 803 iam
237 738 497 822 triplex
530 737 749 802 animi
777 744 876 800 est
902 736 1102 821 igitur
1129 742 1369 798 natura
1395 743 1698 821 reperta:
1831 819 1837 825 .

94 877 206 918 nec
232 861 474 917 tamen
506 852 696 915 haec
727 859 832 914 sat
859 859 1015 914 sunt
1044 849 1133 913 ad
1163 871 1432 913 sensum
1462 857 1705 915 cuncta
1734 848 2126 925 creandum3

93 969 176 1032 nil
200 968 457 1031 horum
492 964 824 1051 quoniam
850 965 1089 1049 recipit
1118 985 1313 1049 quem
1342 986 1548 1049 posse
1578 985 1835 1039 creare,
1924 963 1930 968 ’

53 1108 58 1141 ι
94 1081 455 1146 sensiferos
488 1072 731 1143 niotus
763 1078 1086 1163 quaedam
1114 1079 1216 1143 vis
1244 1080 1467 1143 menti'
1494 1080 1783 1143 volutat.

99 1202 663 1281 quartaquoque
692 1192 796 1256 his
824 1193 1024 1278 igitur
1054 1193 1382 1278 quaedam
1410 1200 1656 1257 natura
1679 1200 2025 1257 necessest

99 1309 574 1373 adtribuatur:
601 1315 750 1371 east
779 1307 1043 1371 omnino
1071 1308 1355 1371 nominis
1387 1329 1663 1392 expers3

102 1448 222 1511 qua
247 1445 488 1510 neque
524 1422 838 1486 mobilius
871 1423 1222 1507 quicquam
1251 1443 1471 1506 neque
1499 1422 1763 1486 tenvius
1796 1429 2046 1497 exstat,

100 1561 211 1602 nec
238 1539 464 1623 magis
503 1544 578 1600 et
607 1535 834 1621 parvis
866 1542 933 1598 et
960 1535 1216 1600 levibus
1249 1559 1332 1600 ex
1362 1537 1737 1612 elementis3

53 1672 64 1714 ·›
99 1653 462 1717 sensiferos
495 1657 728 1715 motus
759 1671 928 1735 quae
958 1649 1130 1713 didit
1157 1650 1370 1737 prima
1397 1672 1521 1736 per
1551 1659 1763 1714 artus,

100 1768 299 1852 prima
329 1768 564 1832 cietur
596 1765 766 1827 enim
785 1813 800 1840 ,
822 1765 1046 1850 parvis
1075 1764 1376 1848 perfecta
1402 1764 1659 1849 figuris:

102 1881 247 1945 inde
278 1882 479 1946 calor
511 1886 737 1943 motus
769 1886 836 1943 et
862 1879 1044 1942 venti
1075 1900 1274 1942 caeca
1301 1887 1609 1964 potestas

106 1997 339 2082 accipit
359 2043 375 2070 ,
400 1993 574 2058 inde
605 1999 752 2058 aer:
777 1991 934 2056 inde
965 1995 1184 2057 omnia
1209 1994 1691 2067 mobilitantur,

108 2111 491 2173 concutitur
524 2107 795 2192 sanguis
815 2156 831 2182 ,
852 2115 991 2172 tum
1020 2108 1277 2171 viscera
1306 2108 1806 2194 persentiscunt

53 2240 73 2284 o
114 2224 354 2298 omnia,
379 2221 748 2308 postremis
782 2221 978 2286 datur
1009 2222 1272 2286 ossibus
1304 2230 1508 2307 atque
1536 2221 1839 2286 medullis

109 2338 235 2401 sive
265 2338 597 2421 voluptas
632 2343 736 2399 est
764 2337 902 2400 sive
934 2343 1038 2399 e‘st
1067 2337 1443 2400 contrarius
1474 2335 1711 2400 ardor.

110 2473 223 2515 nec
248 2460 511 2516 temere
541 2450 686 2528 hucv
712 2449 903 2514 dolor
931 2472 1148 2535 usque
1174 2458 1399 2535 potest
1428 2461 1782 2537 penetrare
1811 2473 2029 2535 neque
2060 2473 2214 2515 acre

113 2561 504 2650 permanere
533 2565 775 2627 malum
794 2613 808 2639 ‚
833 2566 993 2649 quin
1023 2566 1240 2629 omnia
1268 2568 1749 2651 perturbentur

113 2702 315 2765 usque
348 2680 526 2744 adeo
557 2686 636 2742 ut
662 2669 836 2742 vitae
868 2678 1043 2743 desit
1070 2680 1258 2743 locus
1288 2687 1493 2764 atque
1522 2681 1756 2744 animm

58 2811 78 2853 5
117 2794 464 2881 diffugiant
491 2800 723 2880 partes
754 2815 873 2879 per
904 2794 1129 2857 caulas
1160 2795 1466 2879 corporis
1499 2795 1738 2858 omnis,

119 2909 230 2972 sed
257 2911 660 2996 plerumque
688 2908 764 2972 fit
789 2907 857 2970 in
889 2930 1142 2973 summo
1168 2909 1369 2993 *quasi
1398 2930 1684 2994 corpore
1712 2909 1862 2973 finis

120 3024 404 3088 motibus
425 3047 439 3086 z
459 3022 640 3084 hanc
672 3023 756 3085 ob
787 3044 926 3085 rem
956 3024 1158 3087 vitam
1185 3023 1527 3086 retinemu’
1557 3025 1885 3088 valentes.

192 3134 393 3199 Nunc
426 3158 505 3200 ea
535 3159 668 3221 quo
698 3144 897 3221 pacto
926 3138 1103 3201 inter
1133 3158 1281 3201 sese
1309 3138 1517 3202 mixta
1547 3139 1922 3223 quibusque

128 3258 386 3336 compta
414 3248 631 3318 modis
662 3250 928 3334 vigeant
954 3252 1280 3316 rationem
1308 3251 1595 3315 reddere
1623 3259 1930 3316 aventem

53 3377 91 3421 30
126 3363 447 3428 abstrahit
472 3364 750 3428 invitum
777 3364 976 3450 patrii
1008 3366 1330 3429 sermonis
1362 3373 1656 3451 egestas:

131 3476 239 3538 sed
264 3486 491 3540 tamen
514 3527 529 3553 ,
552 3484 630 3541 ut
656 3479 896 3563 potero
920 3479 1296 3543 'summatim
1326 3481 1653 3565 attingere
1672 3529 1687 3556 ,
1711 3488 1978 3565 tangam
1996 3531 2012 3544 .

128 3590 287 3654 inter
319 3592 488 3654 enim
522 3599 796 3657 cursant
822 3592 1189 3678 primordia
1215 3594 1691 3680 principiorum

132 3705 411 3768 motibus
438 3705 615 3769 inter
645 3728 717 3770 se
737 3756 751 3782 ‚
774 3707 866 3770 nil
893 3715 969 3771 ut
999 3708 1332 3772 secernier
1361 3731 1564 3772 unum

133 3820 338 3900 possit
363 3841 485 3882 nec
516 3820 732 3905 spatio
761 3821 903 3885 fieri
935 3820 1147 3885 divisa
1175 3829 1510 3907 potestaS‚

146 4132 234 4179 236
269 4131 403 4182 inter
440 4147 555 4183 eum
593 4132 691 4185 bie.
730 4133 749 4200 ΙΙ
786 4110 1014 4201 inqueri.
1049 4133 1072 4202 ΙΙ
1121 4139 1217 4184 239
1254 4133 1457 4203 recepit
1492 4149 1641 4184 mens
1678 4132 1698 4199 ΙΙ
1738 4137 1836 4183 240
1874 4149 1977 4200 que
2012 4140 2188 4185 mente
2221 4133 2241 4200 ΙΙ
2282 4137 2377 4182 243

147 4211 308 4263 tenuis
342 4212 362 4280 ΙΙ
397 4219 492 4265 244
530 4231 560 4264 e
592 4215 771 4283 parvis
809 4215 829 4282 Η
868 4220 964 4265 249
1002 4221 1113 4265 tum
1149 4217 1362 4284 sanguis
1412 4216 1433 4283 ΙΙ
1481 4214 1885 4285 persentisiunt.
1931 4214 1952 4281 ΙΙ
1997 4221 2094 4265 254
2132 4220 2191 4265 ut
2226 4219 2379 4266 omis-

147 4308 275 4344 sum.
311 4293 332 4359 u
365 4299 459 4346 255
497 4294 693 4348 culvias
731 4294 752 4362 ΙΙ
790 4302 887 4347 257
927 4296 1179 4348 valemus.
