2840 5008
509 354 601 423 60
1144 428 1160 446 l
1298 460 1301 461 f
1597 359 1660 424 11

504 549 708 612 quare
738 550 977 615 magna
1009 529 1203 593 deum
1234 536 1443 594 mater
1472 538 1819 616 materque
1849 532 2138 595 ferarum

503 650 572 706 et
597 645 810 707 nostri
840 645 1143 730 genetrix
1169 645 1338 708 haec
1371 644 1552 708 dicta
1583 653 1686 709 est
1716 646 2019 729 corporis
2049 667 2208 708 una.

357 771 455 817 600
581 758 776 821 Hanc
805 766 1065 823 veteres
1097 759 1364 822 Graium
1396 758 1581 822 docti
1612 741 1912 823 cecinere
1945 766 2181 844 poetae

497 990 767 1056 sedibus
794 989 861 1051 in
893 1009 1090 1051 curru
1116 987 1377 1072 biiugos
1408 987 1660 1071 agitare
1688 987 1943 1063 leoneS‚

496 1105 666 1169 aeris
694 1104 762 1169 in
792 1103 1009 1188 spatio
1040 1122 1343 1185 magnam
1373 1100 1671 1186 pendere
1704 1102 2026 1166 docentes

493 1219 829 1291 tellurem,
852 1238 1070 1301 neque
1096 1237 1300 1301 posse
1329 1215 1397 1277 in
1429 1223 1609 1280 terra
1638 1216 1875 1280 sistere
1906 1224 2177 1279 terram.

493 1333 858 1398 adiunxere
885 1331 1063 1395 feras
1083 1379 1097 1406 ‚
1122 1331 1277 1413 quia
1308 1331 1607 1413 quamvis
1640 1330 1840 1393 effera
1868 1331 2094 1415 proles

349 1465 448 1512 605
496 1447 728 1510 officiis
760 1445 964 1509 debet
990 1442 1227 1507 molliri
1255 1445 1434 1508 victa
1458 1452 1841 1529 parentum.

490 1561 857 1644 muralique
888 1566 1089 1644 caput
1118 1579 1438 1620 summum
1469 1559 1736 1622 cinxere
1768 1580 2047 1633 corona,

491 1676 743 1738 eximiis
770 1675 1021 1737 munita
1046 1672 1210 1736 locis
1241 1673 1397 1757 quia
1427 1673 1713 1736 sustinet
1738 1660 1972 1750 urbes3

491 1811 628 1874 quo
654 1810 833 1852 nunc
861 1789 1103 1873 insigni
1131 1809 1251 1873 per
1281 1808 1554 1872 magnas
1582 1773 1889 1872 praedita
1917 1796 2133 1851 terras

487 1903 798 1967 horrifice
826 1903 1038 1967 fertur
1068 1902 1330 1965 divinae
1359 1903 1590 1965 matris
1619 1902 1833 1986 imago
1853 1948 1866 1962 .

343 2035 439 2081 610
483 2017 659 2109 hanc
687 2017 912 2081 variae
941 2027 1176 2102 gentes
1207 2016 1484 2100 antiquo
1516 2038 1699 2079 more
1730 2018 2070 2079 sacrorum

483 2131 752 2195 Idaeam
780 2131 1081 2195 vocitant
1107 2139 1383 2194 matrem
1403 2179 1418 2205 ‚
1440 2129 1904 2216 Phrygiasque
1936 2131 2235 2194 catervas

484 2245 650 2310 dant
680 2247 953 2309 comites
973 2294 987 2321 ,
1012 2242 1166 2330 quia
1193 2246 1473 2330 primum
1504 2266 1589 2307 ex
1615 2244 1743 2308 illis
1773 2245 2012 2309 finibus
2044 2245 2251 2310 edunt

481 2382 602 2446 per
631 2367 957 2425 terrarum
987 2359 1215 2437 orbem
1242 2359 1470 2444 fruges
1501 2360 1801 2444 coepisse
1833 2361 2071 2423 creari.

481 2476 693 2561 gallos
723 2475 1099 2540 attribuunt
1116 2524 1130 2551 ‚
1155 2473 1309 2558 quia
1327 2523 1341 2550 ‚
1363 2482 1605 2537 numen
1637 2475 1749 2559 qui
1778 2473 2090 2537 violarint

335 2608 431 2653 615
476 2591 705 2654 matris
737 2597 804 2654 et
829 2590 1068 2675 ingrati
1098 2589 1490 2674 genitoribu'
1524 2589 1659 2653 sint
1685 2588 1964 2661 inventi,

481 2705 850 2789 significare
881 2704 1114 2767 volunt
1140 2704 1453 2789 indignos
1486 2691 1634 2767 esse
1664 2701 2033 2787 putandOS‚

475 2819 693 2882 vivam
720 2820 1103 2903 progeniem
1133 2819 1245 2902 qui
1273 2819 1342 2880 in
1373 2837 1526 2880 oras
1557 2818 1817 2880 luminis
1850 2815 2080 2882 edant.

474 2940 797 3018 tympana
826 2939 1011 2995 tenta
1038 2938 1278 2995 tonant
1307 2932 1540 3015 palmis
1572 2942 1638 2994 et
1669 2932 1969 3017 cymbala
2000 2932 2244 2996 circum

477 3067 804 3121 concava,
826 3046 1313 3129 raucisonoque
1342 3046 1674 3108 minantur
1705 3068 1956 3110 cornua
1986 3055 2215 3123 cantu,

329 3179 426 3225 620
473 3170 540 3225 et
566 3160 862 3250 Phrygio
895 3159 1186 3223 stimulat
1214 3180 1488 3222 numero
1521 3181 1685 3223 cava
1713 3161 1875 3225 tibia
1903 3163 2137 3225 mentis
2159 3212 2172 3235 ‚

468 3276 736 3360 telaque
765 3282 1205 3362 praeportant
1223 3323 1237 3350 ‚
1261 3275 1531 3339 violenti
1564 3276 1751 3361 signa
1778 3276 2057 3350 furori&

470 3391 771 3476 ingratos
802 3390 1053 3453 animos
1085 3397 1286 3471 atque
1314 3388 1515 3472 impia
1543 3397 1823 3473 pectora
1851 3390 2030 3474 volgi

472 3512 854 3569 conterrere
882 3509 1063 3565 metu
1094 3522 1263 3586 quae
1290 3503 1847 3586 possint-numini’
1882 3502 2103 3567 divae.

472 3641 631 3705 ergo
664 3641 812 3683 cum
839 3616 1118 3701 primum
1145 3637 1420 3701 magnas
1448 3617 1715 3683 invecta
1742 3640 1863 3703 per
1892 3618 2075 3682 urbis

325 3750 421 3797 625
464 3734 800 3819 munificat
827 3731 1034 3795 tacita
1059 3731 1357 3795 mortalis
1388 3740 1571 3795 muta
1601 3735 1813 3798 salute
1831 3782 1845 3808 ‚

470 3868 622 3911 aere
652 3854 852 3931 atque
882 3853 1158 3931 argento
1189 3854 1502 3909 sternunt
1529 3848 1658 3911 iter
1688 3869 1878 3911 omne
1909 3847 2189 3919 viarum,

468 3960 760 4047 largifica
789 3961 961 4047 stipe
993 3959 1284 4025 ditantes
1305 4010 1319 4037 ‚
1343 3962 1757 4046 ninguntque
1786 3983 2087 4025 rosarum

472 4245 568 4292 605
606 4239 775 4293 moliri
822 4241 842 4309 ΙΙ
892 4246 988 4293 607
1026 4240 1109 4293 Ex
1147 4243 1264 4294 imis
1311 4241 1330 4309 ΙΙ
1378 4248 1475 4293 613
1516 4242 1673 4295 orbes
1729 4240 1749 4308 ΙΙ
1804 4248 1899 4294 615
1938 4241 2101 4295 Matri
2140 4250 2191 4295 et
2228 4242 2390 4311 ingati
2449 4246 2470 4312 ΙΙ
2532 4248 2737 4303 inventi

471 4325 600 4377 sint.
637 4323 657 4392 ΙΙ
695 4329 790 4377 623
829 4327 1040 4379 numine
1075 4327 1095 4395 ΙΙ
1135 4332 1231 4378 626
1270 4327 1342 4377 ite
1378 4326 1553 4379 omnia
1592 4328 1781 4378 virum.
