2840 5008
461 556 711 620 lectum
752 553 962 619 refert
991 604 1006 631 ‚
1034 554 1240 640 idque
1282 553 1816 621 Henrichsenius
1859 558 2215 623 confirmat
2254 607 2267 621 .
2317 565 2424 623 est
2466 567 2704 625 autem

465 654 682 718 crucis
709 653 886 717 illius
918 652 1152 717 eadem
1175 654 1538 738 utrobique
1569 655 1965 740 significatio
1987 680 2001 719 ε
2023 657 2270 719 namin
2291 654 2539 721 codice
2567 660 2704 723 ob-

464 750 668 837 longo
695 751 817 815 hio:
835 753 1125 836 spatium
1157 759 1313 816 octo
1343 752 1655 816 versibus
1683 753 2090 838 recipiendis
2121 761 2351 838 aptum
2381 755 2703 820 relictum

468 858 572 915 est
593 900 606 914 .
637 851 766 914 iam
802 849 967 934 quid
994 849 1129 914 hoc
1158 850 1254 913 rei
1287 851 1374 914 sit-
1403 857 1690 935 apparet
1719 900 1731 913 .
1772 852 1838 913 in
1869 851 2043 916 libro
2076 873 2157 915 eo
2187 874 2272 915 ex
2293 849 2441 936 quo
2473 854 2704 917 nostri

466 949 793 1033 descripti
835 956 993 1012 Sunt
1034 969 1195 1033 pars
1240 947 1537 1011 schedae
1578 948 1871 1012 rescissa
1914 959 2099 1014 erat:
2129 971 2368 1014 versus
2416 959 2577 1014 octo
2620 952 2703 1014 in

462 1048 592 1112 fine
636 1048 908 1111 mutilos
953 1046 1246 1130 scriptor
1289 1046 1564 1130 oblongi
1608 1046 1910 1110 servavit
1944 1069 1960 1109 ε
1999 1049 2114 1131 qui
2143 1048 2363 1132 capite
2393 1050 2703 1112 truncati

467 1155 695 1210 essent
722 1148 792 1209 in
820 1144 1071 1231 pagina
1098 1144 1459 1220 interiore3
1498 1165 1614 1206 eos
1647 1150 1806 1207 octo
1835 1165 1921 1208 ne
1951 1146 2061 1208 hic
2090 1145 2359 1230 quidem
2387 1146 2701 1210 Scribere

465 1241 669 1308 ausus
694 1251 830 1309 est.
853 1246 1027 1308 bene
1051 1242 1140 1306 sit
1160 1242 1283 1316 illi,
1310 1240 1497 1326 quod
1520 1240 1857 1304 defectum
1880 1245 2021 1305 tam
2043 1243 2304 1306 curiose
2324 1242 2702 1308 indicavit:

465 1341 589 1406 sed
613 1340 776 1426 quid
801 1340 886 1404 de
910 1341 1382 1423 Havercampo
1409 1338 1707 1402 dicemus
1724 1387 1740 1414 ‚
1762 1339 1878 1424 qui
1900 1339 2035 1402 hoc
2054 1361 2139 1403 ne
2162 1339 2702 1405 commemoran-

465 1439 625 1504 dum
656 1439 926 1524 quidem
950 1437 1221 1501 duxerit
1236 1438 1268 1499 Ρ
1298 1443 1596 1501 ceterum
1624 1458 1943 1501 numerus
1964 1459 2273 1501 versuum
2297 1438 2389 1501 ad
2413 1460 2565 1502 eam
2588 1462 2703 1504 ra-

463 1537 714 1601 tionem
760 1557 960 1620 quam
1003 1556 1210 1619 supra
1254 1536 1532 1619 exposui
1580 1535 1892 1598 absolute
1937 1538 2303 1606 convenit.
2346 1537 2419 1599 in
2459 1539 2702 1622 priore

466 1633 761 1697 schedae
790 1641 986 1717 parte
1016 1632 1287 1697 filerunt
1313 1654 1554 1696 versus
1584 1633 1822 1718 viginti
1851 1654 1974 1696 Sex
2013 1684 2028 1707 ‚
2078 1655 2246 1717 quos
2285 1636 2528 1698 notavi
2570 1659 2702 1699 nu·-

464 1731 666 1793 meris
709 1752 750 1793 a
801 1731 957 1795 1068
987 1730 1076 1794 ad
1111 1731 1309 1806 1093,
1336 1730 1404 1792 in
1445 1729 1734 1794 adversa
1776 1731 2014 1816 viginti
2059 1740 2379 1815 quattuor
2412 1733 2702 1809 relicui,

470 1829 713 1913 quibus
743 1830 1049 1895 subiecta
1092 1835 1286 1891 erant
1328 1848 1408 1891 ca
1439 1848 1611 1912 quae
1644 1828 1977 1913 oblongus
2008 1829 2216 1893 habet
2246 1838 2491 1894 contra
2519 1834 2703 1896 anti-

469 1926 778 2011 quiorum
808 1950 1000 1991 usum
1028 1927 1098 1990 in
1135 1946 1392 1989 Summa
1433 1925 1681 2011 pagina
1722 1926 1977 2010 scripta
2012 1973 2029 2001 ‚
2075 1950 2116 1990 'r
2135 1949 2253 1989 1'r1
2295 1950 2701 1994 Lucium-11

365 2023 382 2038 ⁵
470 2046 656 2088 CARI
687 2048 782 2088 DE
814 2048 1081 2089 RERUM
1111 2029 1442 2087 NATURA
1473 2045 1715 2086 LIBER
1746 2046 1766 2085 1
1799 2045 2185 2086 EXPLICIT
2215 2046 2542 2089 INCIPIT
2574 2050 2705 2089 LI·-

467 2146 619 2185 BER
648 2145 1060 2187 SECUNDUS
1099 2170 1117 2187 .
1161 2121 1281 2185 sed
1329 2123 1414 2186 ab
1462 2142 1541 2184 eo
1583 2120 1784 2185 huius
1826 2120 2220 2186 libriversu
2265 2123 2382 2206 qui
2411 2131 2705 2188 notatus

468 2227 575 2284 est
596 2243 871 2285 numero
897 2222 1017 2285 785
1036 2269 1052 2297 ‚
1076 2234 1271 2306 quem
1297 2218 1593 2283 schedae
1618 2225 1852 2282 sextae
1883 2217 2513 2284 decimae-ultimum
2542 2243 2705 2287 esse

469 2318 671 2382 docui
715 2319 805 2383 ad
847 2341 1114 2383 versum
1144 2319 1304 2393 734,
1347 2338 1564 2402 usque
1608 2316 1700 2381 ad
1747 2317 1945 2392 1068,
1991 2318 2104 2402 qui
2149 2323 2253 2380 est
2294 2319 2587 2401 primuS‚
2619 2329 2705 2383 ut

468 2426 634 2502 puto
667 2466 683 2494 ‚
711 2418 1067 2482 vicesimae
1097 2416 1340 2481 tertiae
1374 2462 1391 2490 ‚
1439 2424 1597 2478 sunt
1627 2416 1921 2478 carmina
1951 2433 2263 2480 chxxxu
2297 2424 2366 2479 et
2396 2417 2702 2501 capitula

466 2517 598 2581 tria
630 2565 646 2593 ,
675 2517 810 2593 hoc
852 2524 958 2581 est
993 2537 1231 2580 versus
1276 2536 1585 2580 ccrxxxv
1616 2563 1631 2589 ,
1666 2535 1839 2599 quae
1873 2523 2031 2578 sunt
2058 2515 2344 2599 paginae
2375 2537 2703 2580 versuum

468 2615 776 2679 vicenum
807 2615 1043 2680 senum
1067 2613 1376 2678 undecim
1403 2634 1541 2676 uno
1571 2635 1775 2676 versu
1802 2613 2019 2676 minus
2053 2659 2070 2687 ‚
2115 2633 2262 2675 cum
2292 2613 2543 2676 rationi
2572 2613 2700 2677 de·—

465 2714 756 2776 beantur
774 2712 1131 2777 duodecim
1149 2738 1166 2789 ⁷,
1187 2711 1500 2798 quoniam
1518 2710 1760 2775 librum
1778 2709 2145 2790 secundum
2164 2710 2236 2773 in
2252 2711 2481 2784 antica
2497 2712 2697 2776 sche-

471 2809 600 2873 dae
627 2812 875 2896 pagina
900 2811 1197 2896 incipere
1229 2810 1318 2873 ad
1347 2810 1546 2872 huius
1576 2829 1846 2872 versum
1875 2807 1998 2871 253
2025 2806 2405 2871 videbimus
2425 2856 2440 2872 .
2460 2809 2697 2894 itaque

467 2908 537 2970 in
567 2906 804 2970 codice
822 2908 1209 2995 archetypo
1237 2929 1439 2971 unam
1470 2930 1554 2971 ex
1581 2907 1687 2970 his
1720 2905 2076 2970 duodecim
2105 2904 2367 2992 paginis
2397 2906 2567 2970 nihil
2593 2908 2695 2971 in-

470 3005 796 3090 scriptum
825 3005 1145 3070 habuisse
1177 3005 1434 3068 conicio
1455 3054 1470 3080 ‚
1502 3013 1659 3069 ante
1690 3001 1960 3069 versum
1988 3002 2212 3067 autem
2241 3001 2359 3067 921
2394 3005 2695 3070 intersti-

471 3106 634 3168 tium
663 3102 872 3166 fuisse
891 3153 906 3179 ‚
931 3103 1117 3188 quod
1146 3102 1400 3167 librarii
1430 3104 1644 3167 nostri
1674 3103 2093 3190 neglexerint
2110 3149 2128 3166 .
2601 3160 2608 3165 .

536 3204 540 3209 ’
642 3201 820 3266 1105.
863 3202 1085 3265 Navi:
1140 3223 1412 3265 RUANT
1460 3222 1702 3266 CAELI
1749 3222 2181 3265 'roni-:TRAL
2204 3222 2287 3262 1A
2333 3223 2695 3269 TEMPLA4

470 3301 835 3364 Lambinus
863 3301 1091 3385 inepte
1124 3302 1436 3365 tonitralia
1470 3351 1483 3364 .
1524 3310 1681 3364 ante
1728 3322 1875 3364 eum
1914 3298 2225 3383 impressi
2264 3298 2419 3363 libri
2458 3305 2697 3365 omnes

472 3419 939 3461 PENETRALI
958 3421 998 3461 Λ
1047 3399 1313 3485 templa.
1358 3399 1731 3484 quadratus
1763 3400 1865 3464 Ne
1894 3408 2171 3461 vertant.
2211 3396 2509 3461 Lucilius
2541 3398 2695 3462 Sus-

460 3497 766 3582 pendatne
806 3519 870 3559 se
911 3521 1069 3560 anne
1108 3499 1175 3561 in
1214 3498 1496 3582 yladium
1536 3497 1879 3575 incumbat,
1900 3519 1975 3559 ne
2020 3498 2254 3559 caelum
2295 3507 2481 3559 ruat·
2509 3495 2695 3580 apud

471 3593 528 3658 N
538 3616 758 3658 omum
788 3617 853 3680 p.
875 3595 1012 3673 502,
1031 3595 1072 3661 8
1101 3620 1183 3660 an
1211 3597 1277 3658 in
1307 3602 1375 3659 et
1406 3597 1642 3659 caelum
1670 3596 1860 3658 vivat.
2375 3612 2378 3615 ’
2629 3656 2634 3657 ff

642 3693 816 3757 1106.
862 3717 953 3757 ET
999 3716 1251 3758 OMNIS
1294 3730 1361 3740 -
1407 3692 1583 3757 1108.
1645 3713 1960 3755 AVEANT
2003 3712 2153 3754 PER
2194 3712 2448 3754 ῙΝΛΝΕ
2496 3702 2697 3755 PRO-

472 3811 795 3853 FUNDUM
818 3839 832 3854 .
865 3793 951 3856 Et
976 3808 1178 3856 omnes
1206 3792 1652 3876 prima'manu
1682 3790 2015 3876 oblongus
2040 3837 2055 3853 .
2087 3789 2219 3853 hoc
2246 3789 2526 3872 probari
2555 3811 2698 3853 non

475 3888 711 3950 debuit
743 3910 757 3948 t
801 3890 1020 3953 nullus
1063 3892 1232 3953 enim
1274 3889 1382 3952 hic
1422 3889 1491 3951 in
1520 3909 1740 3951 rerum
1772 3887 2234 3952 universarum
2261 3887 2541 3950 interitu
2569 3887 2697 3951 ho·

474 3984 720 4048 minum
743 3989 1351 4052 commemorationi
1375 3989 1567 4052 locus
1591 3995 1696 4051 est
1714 4036 1729 4061 ,
1754 3988 1945 4072 quasi
1965 3986 2154 4050 ineis
2186 4006 2440 4048 summa
2468 4007 2696 4049 rerum
2780 4006 2785 4009 ·

408 4111 421 4122 ·
475 4083 598 4146 Sit.
629 4083 1011 4144 necessario
1055 4087 1480 4150 scribendum
1528 4093 1631 4148 est
1673 4096 1729 4149 et
1764 4107 1927 4149 OMN
1948 4107 2025 4146 IA
2060 4121 2137 4131 —
2170 4084 2421 4171 abeant.
2455 4083 2698 4169 Vergi-

476 4182 631 4245 lium
672 4180 769 4242 ita
811 4179 879 4242 in
912 4201 1146 4244 versus
1184 4185 1313 4246 fine
1355 4184 1667 4267 posuisse
1697 4184 1845 4268 quin
1862 4185 2145 4266 protinus
2173 4182 2377 4245 omnia
2406 4182 2573 4244 Aen.
2604 4204 2698 4257 vr,

472 4279 553 4342 33
577 4326 592 4353 ‚
624 4299 818 4342 nemo
859 4278 1127 4362 ignorat
1163 4327 1174 4339 .
1222 4279 1435 4342 cidem
1472 4282 1538 4342 in
1569 4280 1936 4367 georgicon
1966 4302 2054 4355 ιν,
2073 4279 2190 4343 221
2225 4280 2401 4342 deum
2429 4301 2701 4365 namque

474 4379 563 4440 ire
580 4400 700 4461 per
730 4379 932 4441 omnia.
962 4397 1088 4459 pro
1124 4398 1245 4459 per
1275 4379 1466 4439 omnis
1505 4378 1768 4462 egregie
1810 4376 2575 4461 restituitPerlcampus
2608 4376 2700 4440 ad
