2840 5008
503 369 533 434 1
550 369 587 435 5
599 369 639 434 Ο
1564 370 1690 438 1111

336 558 463 603 1080
497 543 801 626 corporis
824 590 838 617 ‚
864 552 932 606 et
962 542 1199 606 dentes
1229 542 1520 606 inlidunt
1548 564 1750 627 saepe
1781 543 2066 619 labellis,

497 656 862 739 osculaque
895 655 1249 740 adfligunt,
1275 657 1432 740 quia
1462 679 1599 720 non
1632 666 1732 720 est
1761 679 1931 741 pura
1959 657 2277 742 voluptas

498 779 565 832 et
595 770 835 833 stimuli
867 771 1183 845 subsunt,
1207 771 1319 854 qui
1350 771 1673 856 instigant
1701 770 1968 834 laedere
1994 770 2067 833 id
2094 771 2314 855 ipsum
2332 821 2347 846 ‚

496 883 680 967 quod
712 906 993 968 cumque
1024 891 1128 947 est
1145 934 1159 959 ‚
1182 885 1402 948 rabies
1430 886 1611 949 unde
1639 886 1829 948 illaec
1858 886 2154 970 germina
2182 897 2494 972 surgunt.

497 997 616 1061 sed
645 999 879 1062 leviter
911 1021 1162 1083 poenas
1191 998 1442 1084 frangit
1474 999 1703 1063 Venus
1731 1001 1907 1063 inter
1936 1021 2256 1075 amorem,

333 1131 461 1175 1085
493 1112 870 1196 blandaque
898 1113 1192 1178 refrenat
1224 1135 1485 1176 morsus
1517 1113 1813 1177 admixta
1842 1114 2187 1198 voluptas,

494 1249 777 1311 namque
806 1228 874 1289 in
905 1249 984 1290 eo
1018 1250 1173 1312 spes
1208 1237 1343 1301 est,
1363 1227 1543 1290 unde
1577 1237 1680 1291 est
1710 1227 1974 1291 ardoris
2005 1230 2194 1313 origo
2214 1278 2228 1303 ‚

493 1342 814 1426 restingui
847 1364 1114 1426 quoque
1144 1365 1348 1428 posse
1380 1344 1465 1406 ab
1499 1342 1732 1406 eodem
1765 1365 2052 1427 corpore
2075 1343 2441 1407 flammam.

498 1454 688 1540 quod
715 1455 858 1519 fieri
888 1463 1123 1520 contra
1154 1466 1367 1521 totum
1399 1464 1640 1520 natura
1668 1467 2028 1543 repugnat:

491 1592 760 1654 unaque
791 1593 898 1634 res
929 1571 1098 1633 haec
1131 1580 1265 1646 est,
1291 1573 1476 1634 cuius
1510 1594 1642 1655 quo
1671 1592 1863 1655 mage
1893 1571 2172 1655 plurima
2198 1573 2549 1646 habemu8‚

333 1704 460 1749 1090
492 1692 629 1749 tam
656 1686 864 1769 magis
895 1684 1186 1748 ardescit
1216 1684 1360 1748 dira
1391 1685 1766 1772 cuppedine
1797 1696 2062 1770 pectus,

494 1821 647 1862 nam
679 1800 865 1862 cibus
897 1808 1097 1884 atque
1127 1821 1318 1862 umor
1346 1801 1656 1863 membris
1689 1799 2060 1863 adsumitur
2088 1801 2299 1873 intus;

496 1936 667 1999 quae
701 1915 1015 1997 quoniam
1042 1922 1260 1976 certas
1293 1923 1578 1997 possunt
1609 1913 1920 1977 obsidere
1950 1915 2161 1998 partis
2184 1963 2199 1988 ‚

492 2029 625 2092 hoc
655 2028 847 2091 facile
879 2029 1186 2112 expletur
1217 2028 1482 2091 laticum
1512 2029 1910 2113 frugumque
1942 2027 2214 2112 cupido:

496 2165 579 2206 ex
608 2142 891 2205 hominis
922 2164 1084 2205 vero
1116 2141 1282 2205 facie
1311 2143 1733 2228 pulchroque
1765 2143 1990 2205 colore

333 2275 459 2320 1095
492 2258 585 2321 nil
615 2256 815 2320 datur
842 2257 912 2318 in
944 2277 1190 2339 corpus
1220 2265 1491 2342 praeter
1523 2258 1873 2321 simulacra
1900 2255 2256 2319 fruendum

493 2371 749 2446 tenvia3
775 2391 945 2454 quae
977 2378 1261 2432 mentem
1291 2391 1447 2454 spes
1479 2379 1703 2456 raptat
1736 2393 1938 2456 saepe
1969 2371 2221 2434 misella
2242 2418 2256 2431 .

492 2495 567 2551 ut
593 2486 824 2551 bibere
854 2486 921 2549 in
953 2485 1200 2568 somnis
1231 2485 1459 2548 sitiens
1493 2508 1692 2569 quom
1723 2487 2017 2570 quaerit,
2042 2493 2108 2549 et
2137 2508 2326 2549 umor

492 2624 630 2664 non
661 2600 860 2663 datur
879 2650 893 2675 ‚
918 2598 1226 2663 ardorem
1258 2601 1369 2684 qui
1399 2602 1708 2664 membris
1738 2602 2077 2685 stinguere
2107 2600 2352 2684 possit,

501 2714 624 2777 sed
650 2714 916 2777 laticum
948 2715 1300 2777 simulacra
1327 2715 1497 2798 petit
1524 2715 1909 2799 frustraque
1939 2715 2206 2779 laborat

336 2846 464 2891 1100
496 2830 562 2891 in
593 2827 946 2912 medioque
978 2829 1115 2891 sitit
1145 2830 1428 2892 torrenti
1456 2829 1721 2893 flumine
1751 2836 1996 2913 potans
2018 2878 2033 2903 ‚

500 2943 594 3005 sic
624 2943 694 3004 in
725 2936 951 3005 amore
984 2941 1217 3005 Venus
1249 2944 1612 3007 simulacris
1643 2942 1817 3007 ludit
1844 2943 2151 3016 amantiS‚

496 3078 620 3119 nec
650 3056 891 3119 satiare
924 3064 1179 3141 queunt
1209 3057 1579 3142 spectando
1614 3079 1901 3141 corpora
1932 3078 2152 3121 coram
2173 3106 2187 3129 ‚

495 3192 625 3251 nec·
647 3171 947 3234 manibus
980 3171 1332 3254 quicquam
1364 3173 1614 3235 teneris
1645 3171 1968 3235 abradere
1999 3152 2308 3233 membris

498 3293 786 3370 possunt
817 3293 1120 3349 errantes
1148 3287 1383 3349 incerti
1415 3309 1700 3372 corpore
1730 3295 1908 3349 toto,

334 3418 460 3462 1105
494 3399 783 3484 denique
815 3422 963 3463 cum
992 3401 1302 3463 membris
1335 3401 1619 3464 conlatis
1648 3399 1812 3463 flore
1842 3398 2154 3462 fruuntur
2223 3438 2231 3446 ·

494 3515 731 3577 aetatis
750 3562 765 3589 ‚
787 3515 915 3576 iam
947 3535 1093 3575 cum
1123 3515 1461 3598 praesagit
1491 3514 1734 3599 gaudia
1765 3511 2013 3599 corpu's

492 3636 691 3712 atque
720 3629 790 3690 in
819 3636 967 3690 eost
997 3627 1228 3690 Venus
1260 3636 1332 3690 ut
1360 3629 1704 3692 muliebria
1734 3637 2047 3692 conserat
2076 3649 2264 3699 arva,

494 3730 795 3827 adfigunt
824 3741 1018 3806 avide
1050 3765 1297 3829 corpus
1327 3744 1743 3828 iunguntque
1775 3744 2016 3807 salivas

493 3856 628 3918 oris
660 3865 725 3919 et
752 3856 1080 3941 inspirant
1108 3866 1498 3941 pressantes
1531 3857 1844 3922 dentibus
1877 3879 2028 3931 ora,

330 3989 457 4033 1110
488 3993 570 4033 ne
602 3972 915 4055 quiquam
937 4020 952 4046 ,
978 3973 1288 4055 quoniam
1319 3973 1408 4034 nil
1436 3971 1594 4035 inde
1625 3972 1952 4037 abradere
1980 3979 2267 4057 possunt

499 4258 624 4303 1083
664 4251 783 4302 illae
821 4251 839 4315 Η
884 4255 1009 4301 1085
1049 4249 1226 4302 frenat
1263 4251 1282 4317 ΙΙ
1324 4258 1451 4302 1089
1490 4253 1636 4303 cuius
1673 4269 1826 4318 quam
1865 4251 2088 4319 plurima
2137 4250 2157 4317 ΙΙ
2197 4256 2327 4300 1096
2368 4258 2529 4304 vento
2567 4253 2586 4319 ΙΙ
2624 4254 2724 4304 1098

496 4334 715 4384 membri
