2840 5008
1220 316 1282 382 ΙΙ
2285 320 2371 387 55

99 494 257 554 haec
286 491 514 575 magis
550 491 789 553 amatis
820 491 992 552 inter
1023 510 1171 552 sese
1203 508 1351 552 esse
1381 500 1729 553 necessest

101 617 161 669 et
189 605 382 690 quasi
415 605 719 668 ramosis
749 603 877 666 alte
909 609 1255 687 compacta
1283 604 1495 666 teneri
1521 652 1533 664 .

104 722 165 782 in
196 741 328 804 quo
361 719 504 782 iam
537 739 786 804 genere
815 718 881 780 in
909 715 1137 801 primis
1166 715 1588 780 adamantina
1618 738 1781 779 saxa

104 836 300 919 prima
330 834 484 896 acie
520 840 874 906 constant,
895 831 1070 894 ictus
1100 838 1526 913 contemnere
1557 838 1776 903 sueta,

114 956 171 1011 et
196 946 403 1011 validi
439 948 674 1010 silices
695 995 709 1021 ,
733 968 809 1008 ac
841 945 992 1008 duri
1016 945 1264 1008 robora
1290 945 1482 1020 ferri,

67 1083 74 1121 1
111 1083 390 1146 aeraque
423 1083 614 1146 quae
647 1059 950 1122 claustris
978 1061 1299 1123 restantia
1326 1058 1806 1121 vociferantur.

110 1177 207 1239 illa
235 1174 519 1260 quidem
553 1173 804 1238 debent
833 1194 868 1235 e
896 1173 1153 1238 levibus
1184 1182 1386 1257 atque
1406 1172 1726 1236 'rutundis

113 1311 243 1352 esse
272 1290 495 1373 magis
517 1337 535 1363 ‚
557 1286 810 1351 fluvido
843 1308 1014 1371 quae
1046 1308 1330 1372 corpore
1360 1285 1614 1370 liquida
1644 1295 1988 1352 constant.

116 1424 386 1487 namque
417 1403 785 1488 papaveris
813 1386 1094 1463 haustus
1123 1400 1346 1464 itemst
1374 1401 1586 1476 facilis
1617 1403 1804 1485 quasi
1835 1424 2183 1491 aquarum:

113 1538 222 1579 1166
248 1517 637 1579 retinentur
669 1515 835 1578 enim
864 1516 1037 1579 inter
1067 1536 1139 1578 86
1169 1515 1641 1599 glomeramina
1672 1537 1975 1600 quaeque
1994 1567 2007 1591 ‚

67 1648 81 1690 3
121 1641 177 1692 et
200 1652 579 1716 procursus
608 1629 765 1692 item
793 1629 1087 1714 proclive
1117 1629 1425 1692 volubilis
1455 1638 1708 1693 exstat.

121 1744 316 1807 omnia
341 1752 707 1828 postremo
740 1764 909 1826 quae
936 1750 1189 1828 puncto
1219 1750 1520 1827 tempore
1550 1745 1765 1808 cernis

120 1857 420 1943 diffugere
441 1907 458 1932 ,
483 1865 566 1920 ut
593 1856 841 1919 fumum
869 1857 1147 1922 nebulas
1175 1855 1605 1942 flammasque
1625 1908 1640 1935 ,
1665 1867 2036 1933 necessest,

123 1972 169 2034 si
192 1972 401 2035 minus
435 1971 734 2034 omnibu’
763 1979 916 2035 sunt
946 1993 981 2033 6
1009 1971 1268 2034 levibus
1299 1981 1500 2055 atque
1529 1973 1837 2037 rutundis
1857 2023 1871 2047 ,

121 2092 180 2146 at
203 2107 333 2147 non
364 2107 523 2148 esse
558 2092 780 2148 tamen
806 2085 1144 2171 perplexis
1172 2084 1597 2173 indupedita,

67 2213 105 2291 οι
118 2219 392 2282 pungere
421 2183 527 2262 uti
561 2200 823 2285 possint
851 2221 1097 2285 corpus
1125 2207 1618 2285 penetrareque
1649 2224 1827 2281 sese,

121 2333 227 2375 1166
252 2321 478 2376 tamen
509 2313 795 2377 haerere
823 2314 996 2377 inter
1026 2336 1132 2391 se3
1156 2313 1343 2398 quod
1374 2336 1655 2400 cumque
1685 2308 2079 2378 venenum'st

124 2429 405 2506 sensibu’‚
439 2426 820 2491 sed‘rarum
838 2477 853 2503 ,
881 2427 1073 2492 facile
1103 2435 1180 2490 ut
1209 2449 1617 2514 cognoscere
1645 2429 1866 2514 possis

124 2561 242 2602 non
270 2564 304 2604 e
331 2542 683 2627 perplexis
713 2542 833 2605 sed
862 2543 1075 2607 acutis
1108 2564 1253 2606 esse
1287 2544 1627 2626 elementis
1654 2592 1666 2605 .

127 2654 229 2715 sed
259 2656 444 2740 quod
476 2677 707 2719 amara
734 2656 923 2720 vides
955 2657 1187 2720 eadem
1218 2679 1388 2741 quae
1418 2654 1667 2719 fluvida
1697 2661 2038 2727 constant,

67 2778 99 2822 ³5
134 2768 318 2833 sudor
344 2771 444 2834 uti
473 2764 683 2833 mari's
715 2779 814 2835 est
832 2819 847 2845 ,
873 2764 1129 2834 minime
1157 2771 1454 2833 mirabile
1481 2768 1789 2832 habebis:

129 2900 259 2944 nam
285 2884 474 2967 quod
503 2884 795 2948 fluvidus
828 2893 961 2958 est,
988 2904 1022 2945 e
1051 2882 1308 2945 levibus
1338 2889 1540 2965 atque
1569 2881 1879 2945 rutundis

132 3003 246 3070 est,
268 3006 332 3060 et
357 2998 606 3061 levibu’
639 3007 793 3061 sunt
821 2994 1085 3059 aliunde
1116 2992 1412 3058 admixta
1442 2994 1693 3058 doloris

133 3127 389 3192 corpora
407 3161 420 3175 .
446 3133 579 3175 nec
606 3119 823 3173 tamen
851 3108 1020 3172 haec
1048 3109 1318 3173 retineri
1346 3109 1614 3172 hamata
1640 3120 2081 3176 necessumst:

134 3221 355 3287 scilicet
385 3246 540 3290 6886
571 3223 853 3308 globosa
882 3231 1098 3286 tamen
1120 3272 1135 3298 ,
1160 3244 1309 3285 cum
1338 3221 1647 3306 squalida
1677 3233 2015 3302 constent,

67 3344 102 3390 ῐο
133 3337 406 3416 provolvi
438 3338 636 3401 simul
664 3345 742 3400 ut
770 3338 1035 3421 possint
1065 3344 1132 3400 et
1161 3336 1428 3400 laedere
1460 3357 1728 3401 sensus.

135 3453 187 3507 et
211 3469 332 3531 quo
363 3451 578 3513 mixta
607 3459 801 3536 putes
830 3453 1041 3537 magis
1072 3472 1312 3535 aspera
1340 3451 1599 3514 levibus
1632 3473 1778 3515 6886

139 3560 444 3647 principiis
464 3612 480 3638 ,
504 3563 686 3626 unde
719 3573 821 3629 est
848 3565 1147 3650 Neptuni
1176 3587 1422 3649 corpus
1454 3566 1795 3640 acerbum,

141 3681 222 3736 est
244 3677 406 3740 ratio
439 3677 834 3741 secernendi
866 3701 1300 3764 seorsumque
1330 3678 1638 3742 videndi:

67 3793 107 3839 76
136 3783 341 3872 linquit
369 3793 545 3854 enim
575 3813 819 3876 supera
852 3796 1042 3857 taetri
1062 3776 1436 3879 'primordia
1466 3794 1589 3856 viri

147 4018 221 4084 450
252 4034 377 4071 voce
410 4020 680 4072 ferantur.
718 4020 738 4088 ΙΙ
777 4026 870 4071 451
912 4038 973 4072 ex
1013 4022 1032 4089 ΙΙ
1072 4029 1168 4073 452
1207 4040 1436 4091 corpora
1472 4024 1491 4092 ΙΙ
1528 4029 1625 4074 453
1666 4022 1806 4092 quod
1845 4022 1863 4090 ΙΙ
1902 4030 1998 4075 455
2027 4024 2305 4093 perculsus
2344 4027 2364 4094 ΙΙ

148 4099 223 4147 458
253 4104 415 4153 omnia
461 4103 481 4171 Η
533 4107 635 4153 460
671 4118 821 4154 saxa.
875 4103 894 4171 ΙΙ
941 4110 1041 4155 461
1078 4104 1344 4156 videmus.
1401 4107 1420 4172 Η
1477 4110 1573 4155 462
1612 4104 1852 4158 sedatum
1909 4106 1928 4173 ΙΙ
1984 4110 2080 4157 465
2120 4106 2306 4160 debet.
2346 4109 2365 4175 ΙΙ

150 4182 222 4229 467
256 4198 281 4232 6
312 4183 517 4238 levibus
556 4191 721 4253 atque
754 4186 964 4237 rutundi
1012 4188 1031 4256 ΙΙ
1087 4195 1186 4239 468
1224 4190 1453 4240 retinere
1490 4188 1665 4241 hamat
1700 4206 1952 4241 necessu.
2001 4189 2021 4254 ΙΙ
2069 4195 2166 4240 469
2205 4208 2361 4242 66118-

151 4265 280 4331 161.ὶὶ
312 4274 401 4319 471
443 4266 592 4337 quod
634 4268 654 4335 ΙΙ
692 4273 787 4318 476
825 4267 997 4338 Inquit
1035 4271 1052 4337 Η
1090 4270 1293 4322 mordia
