2840 5008
546 396 683 463 384
1599 400 1696 467 VI

540 595 583 634 Μ
602 593 695 634 ΛΕ
743 593 996 634 remu:
1015 594 1231 636 sus,
1274 570 1629 660 Oblongus
1663 574 1973 654 Flamme,
2004 576 2187 660 apud
2215 576 2499 640 Nonium
2525 600 2579 661 p.
2595 578 2708 663 495,

545 671 616 733 17
652 668 971 735 Flammea
990 719 1003 732 .
1046 670 1160 736 hic
1190 671 1527 734 Antonius
1559 671 1756 736 Marii
1788 680 1857 736 et
1884 672 2214 739 Marullus
2241 676 2521 760 permire
2548 678 2708 739 media

537 770 611 833 de
647 770 909 854 ylcmde.
966 767 1165 845 Pius,
1219 769 1328 834 vel
1372 772 1601 854 potius
1647 781 1762 836 aut
1809 771 2213 837 Hermolaus
2255 774 2583 839 Barbarus
2620 786 2708 837 aut

536 867 950 952 Pomponius
973 866 1225 931 Laetus
1257 876 1376 931 aut
1396 868 1754 953 Philippus
1779 870 2155 936 Beroaldus
2185 872 2375 956 (Pius
2404 874 2565 936 enim
2587 876 2706 935 anti·

537 990 722 1055 quam
740 968 1047 1032 lectionem
1066 967 1521 1051 testificatur),
1545 989 1694 1031 cum
1714 992 1749 1033 c
1764 993 1802 1031 L
1817 992 1856 1033 A
1878 993 1920 1032 n
1937 994 1975 1032 E
1997 972 2429 1035 scribendum
2444 971 2706 1041 vidisset,

538 1076 761 1130 tamen
783 1064 1181 1128 sententiam
1212 1073 1281 1128 et
1302 1066 1628 1129 orationis
1658 1065 1942 1131 formam
1963 1089 2101 1131 non
2131 1070 2469 1155 percepit.
2497 1070 2598 1133 hic
2614 1069 2704 1153 igi-

538 1172 648 1229 tur
679 1162 865 1249 quod
894 1161 1148 1226 fecerat
1165 1211 1180 1237 ‚
1207 1165 1411 1227 media
1442 1165 1516 1227 de
1546 1165 1750 1242 clade,
1789 1185 1939 1229 cum
1969 1165 2041 1228 id
2069 1165 2454 1252 Naugerius
2483 1186 2708 1250 expres-

537 1263 739 1326 sisset
758 1310 775 1336 ,
819 1261 1182 1325 Lambinus
1210 1260 1399 1324 libris
1429 1261 1569 1325 suis
1598 1282 1738 1325 non
1775 1263 2100 1347 inspe'ctis
2131 1264 2393 1329 frustra
2423 1265 2709 1348 explicare

400 1418 414 1433 ,
538 1368 822 1425 conatus
855 1367 958 1424 est
982 1407 996 1433 ‚
1043 1360 1348 1424 Gifanius
1380 1368 1451 1423 et
1477 1360 1722 1425 Daniel
1740 1360 2005 1425 Parcus
2050 1372 2398 1448 tamquam
2420 1362 2712 1448 apertissi-

533 1482 711 1525 mum
734 1459 1147 1523 transierunt
1166 1509 1179 1522 .
1208 1459 1435 1524 Fabro
1466 1467 1537 1523 et
1563 1459 1867 1524 Bentleio
1900 1469 2144 1545 parata
2172 1463 2378 1525 venia
2408 1469 2539 1536 est,
2568 1459 2712 1545 quod

537 1560 707 1624 alter
734 1578 1093 1642 numquam
1126 1557 1297 1621 alter
1327 1557 1628 1621 nondum
1659 1559 1930 1643 cognita
1973 1567 2206 1624 vetere
2238 1561 2573 1644 scriptura
2607 1579 2711 1621 non

534 1659 700 1721 satis
729 1678 888 1721 vere
919 1662 1338 1739 temptarunt
1381 1657 1488 1720 dia
1518 1657 1590 1720 de
1621 1659 1793 1721 clade
1823 1665 1892 1721 et
1922 1657 2228 1723 Enceladi
2257 1661 2338 1723 de
2367 1660 2568 1723 clade:
2599 1656 2710 1721 Sal-

534 1756 779 1819 masius
811 1761 1034 1817 autem
1074 1754 1328 1837 pariter
1360 1777 1440 1818 ac
1470 1764 1667 1819 vetus
1695 1755 1806 1819 ille
1834 1755 2047 1820 Italus
2085 1759 2403 1840 peccavit
2424 1806 2441 1836 ,
2487 1778 2615 1820 cum
2638 1756 2710 1818 in-

532 1853 872 1939 eptissime
894 1850 1057 1914 fecit
1082 1853 1286 1915 media
1314 1876 1345 1915 e
1375 1876 1445 1917 re
1475 1855 1648 1917 clade
1678 1864 1883 1917 coorta
1903 1901 1916 1914 .
1949 1854 2226 1918 Isaacus
2247 1854 2538 1919 Vossius
2560 1875 2706 1939 egre-

528 1955 635 2040 gie
680 1953 846 2015 etin
885 1950 1155 2015 homine
1185 1950 1413 2015 iudicii
1448 1951 1614 2015 alias
1657 1952 2149 2035 perversissimi
2177 1952 2387 2017 valde
2416 1950 2706 2017 laudanda

530 2051 958 2136 simplicitate
978 2073 1171 2136 neque
1192 2052 1353 2115 enim
1381 2074 1430 2114 u
1443 2073 1483 2113 E
1499 2074 1541 2113 n
1557 2074 1580 2114 1
1599 2074 1639 2116 o
1658 2074 1692 2115 c
1711 2074 1789 2115 ιιι
1821 2052 1994 2115 clade
2012 2100 2025 2113 .
2048 2051 2121 2115 id
2143 2053 2531 2134 probarunt
2548 2051 2706 2115 Nico-

530 2151 678 2215 laus
695 2149 1015 2213 Heinsius
1043 2148 1131 2213 ad
1151 2146 1378 2212 Ovidii
1401 2148 1841 2232 metamorph.
1863 2171 1951 2223 iv,
1967 2148 2089 2212 536
2105 2196 2120 2223 ,
2143 2149 2529 2214 Richardus
2548 2149 2706 2213 Bent-

529 2251 699 2315 leius
718 2297 733 2324 ,
764 2256 1125 2333 postquam
1150 2247 1472 2333 cognovit
1494 2246 1673 2330 (vide
1698 2246 2013 2310 editionis
2040 2246 2484 2334 Glasguensis
2506 2257 2708 2312 tomum

529 2373 599 2413 1v
621 2371 684 2433 p.
701 2348 849 2432 454)
867 2396 884 2426 ,
919 2345 1263 2411 Gilbertus
1282 2345 1744 2408 Wakefieldus
1773 2345 1888 2409 hic
1912 2345 2183 2430 quidem
2204 2348 2483 2411 veritati
2516 2366 2706 2410 conce·

531 2449 733 2514 dens:
768 2453 1006 2511 contra
1034 2445 1414 2510 reiecerunt
1446 2443 1810 2509 Creechius
1835 2493 1849 2519 ‚
1873 2444 2389 2531 Havercampus
2409 2496 2424 2523 ‚
2454 2445 2708 2510 Eichsta·

531 2548 681 2612 dius
705 2596 720 2622 ‚
767 2544 1125 2630 splendida
1171 2544 1428 2608 scilicet
1469 2544 1737 2629 ingenui
1779 2543 2007 2608 iudicii
2042 2544 2388 2629 exempla:
2433 2546 2485 2611 F
2491 2544 2708 2628 orbiger

527 2646 693 2711 illud
717 2640 934 2729 ‘quem
968 2665 1235 2708 sensum
1263 2644 1580 2707 idoneum
1628 2643 2007 2727 praeberet’
2038 2663 2188 2706 sese
2218 2646 2598 2731 perspicere
2622 2663 2705 2704 ne-

529 2747 748 2832 gavit,
772 2745 1065 2812 lectores
1090 2752 1313 2807 autem
1337 2766 1461 2807 suo
1486 2743 1735 2807 iudicio
1754 2744 1854 2806 uti
1875 2738 2107 2806 iussit.
2130 2741 2292 2805 mihi
2316 2742 2587 2809 dubium
2604 2761 2704 2803 non

533 2851 641 2907 est
660 2844 820 2927 quin
846 2865 991 2906 eum
1017 2864 1248 2906 omnes
1271 2842 1490 2904 Pareo
1517 2841 1906 2904 simillimum
1934 2839 2234 2905 habituri
2257 2841 2399 2905 sint
2417 2892 2430 2904 .
2460 2847 2705 2904 ceterum

506 2942 806 3030 flammae
838 2952 1150 3025 tempestas
1178 2961 1353 3023 quae
1385 2940 1473 3002 sit
1501 2960 1638 3001 non
1665 2938 2018 3022 intellego:
2064 2944 2252 3001 recte
2280 2941 2702 3022 probaverunt

526 3042 578 3104 F
593 3064 629 3103 L
645 3062 862 3102 AMME
879 3061 924 3101 A
956 3038 1271 3102 Heinsius
1304 3046 1371 3100 et
1396 3035 1858 3099 Wakefieldus
1879 3085 1892 3098 .

690 3139 830 3203 648.
856 3157 1504 3201 Dnsmcmnnmu.
1534 3127 2698 3217 Impressin1sr1c1nnnn1s1.simili

523 3237 725 3299 modo
751 3236 1104 3298 Vitruvius
1146 3234 1506 3317 dispiciendi
1534 3233 1745 3297 verbo
1776 3254 1939 3295 usus
1983 3238 2089 3295 est
2114 3232 2184 3294 in
2214 3256 2304 3307 xx,
2326 3234 2386 3308 4,
2405 3233 2441 3295 5
2459 3282 2474 3308 ‚
2502 3249 2696 3294 earum-

523 3359 636 3422 que
667 3336 867 3417 capita
895 3335 1052 3396 inter
1080 3357 1142 3395 se
1172 3335 1553 3416 dispicientia
1579 3344 1719 3396 sunt
1746 3334 2068 3396 collocata.

688 3433 826 3496 651.
858 3453 905 3493 M
921 3451 1118 3492 ULTA
1134 3452 1172 3490 Ε
1190 3451 1222 3491 s
1238 3453 1320 3492 m
1336 3452 1414 3491 A.
1465 3432 1671 3513 Apud
1695 3431 1986 3494 Nonium
2016 3431 2241 3514 p.136‚
2267 3432 2342 3495 14
2372 3428 2694 3495 multesima,

524 3534 772 3599 omisso
802 3532 915 3595 sit.
963 3553 1036 3593 ae
1061 3528 1305 3592 litteris
1349 3527 1664 3592 librarius
1707 3529 2064 3615 archetypi
2108 3552 2271 3593 usus
2305 3538 2414 3594 est
2455 3526 2536 3591 ad
2562 3519 2693 3588 indi-

522 3632 810 3698 candum
850 3629 1034 3695 illum
1076 3633 1385 3712 apertum
1417 3651 1449 3690 e
1491 3625 1759 3691 litterae
1804 3648 2042 3690 sonum
2075 3627 2160 3690 de
2193 3649 2330 3711 quo
2377 3626 2509 3690 dixi
2542 3621 2617 3686 ad
2639 3617 2695 3679 li·

520 3736 715 3799 brum
742 3754 805 3806 v,
827 3727 987 3793 1229
1005 3775 1020 3804 ‚
1054 3749 1270 3812 eoque
1292 3725 1445 3790 Itali
1474 3725 1681 3790 hodie
1708 3732 1994 3789 utuntur
2022 3726 2091 3788 in
2118 3728 2437 3791 centesimo
2468 3731 2527 3788 et
2552 3725 2693 3784 cete-

522 3832 613 3894 ris
634 3831 775 3893 eius
797 3827 1011 3890 modi.
1032 3826 1192 3890 huic
1212 3847 1379 3889 sono
1399 3823 1839 3909 exprimendo
1860 3832 2091 3909 aptum
2115 3830 2220 3887 est
2239 3826 2496 3909 signum
2511 3868 2524 3895 ‚
2540 3811 2694 3901 quod

518 3928 745 3992 multis
775 3926 1060 4012 placuit,
1092 3951 1177 4005 ce,
1222 3925 1463 3988 litteris
1495 3923 1911 4008 complicatis
1934 3972 1947 3986 .
1979 3922 2431 3987 Terentianus
2459 3920 2692 3986 Maurus

518 4051 582 4113 p.
603 4026 766 4090 2393
790 4025 952 4089 2394
995 4047 1132 4088 non
1172 4023 1615 4109 reprehendit
1661 4044 1777 4087 eos
1825 4022 1937 4107 qui
1980 4045 2108 4085 coeu
2136 4021 2245 4085 vel
2277 4020 2564 4106 AEapolin
2599 4029 2694 4096 per

519 4124 996 4211 diphthongon
1019 4124 1323 4186 dicerent
1343 4169 1358 4196 ,
1391 4122 1515 4185 sed
1541 4121 1653 4206 qui
1679 4121 1909 4205 priore
1933 4119 2149 4183 vocali
2180 4120 2513 4206 producta
2533 4108 2690 4195 diph-

519 4224 825 4309 thongon
851 4221 1250 4286 diducerent
1267 4268 1282 4295 ,
1306 4228 1383 4283 ut
1399 4222 1719 4284 A-urunci
1740 4227 1809 4283 et
1829 4243 1989 4284 coe·u
2007 4226 2332 4282 sonarent
2347 4225 2420 4280 ut
2437 4209 2690 4280 Archela-

516 4347 586 4384 us
632 4330 699 4385 et
728 4324 1097 4401 Aristoe-us5
1142 4340 1544 4404 quamquam
1586 4317 2096 4404 productiorem
2140 4339 2378 4381 sonum
2420 4304 2688 4380 concedit

516 4422 753 4502 auspici
784 4427 852 4480 et
898 4443 1051 4482 auro
1096 4425 1165 4481 et
1195 4416 1458 4480 Graeco
1506 4417 1747 4500 αῨριοΝ,
1796 4416 1983 4479 cuius
2015 4415 2431 4479 differentiae
2459 4423 2686 4476 causam
