2840 5008
1044 381 1389 429 neonusm
1768 444 1774 457 ²
2288 365 2322 430 7

130 556 230 599 cos
260 554 490 597 omnes
520 540 638 597 aut
666 538 799 597 un‘o
832 533 1198 618 exemplari
1228 542 1346 598 aut
1377 533 1646 599 duobus
1673 534 1853 600 inter
1881 545 1955 600 se
1985 536 2328 602 simillimis

128 654 267 697 usos
311 653 507 708 esse3
551 652 952 716 quamquam
993 629 1302 696 Venetus
1325 679 1340 706 ,
1387 631 1502 716 qui
1542 631 1612 694 in
1656 633 1899 698 ceteris
1937 633 2326 699 Veronense

127 728 448 813 exemplar
480 729 784 813 quamvis
812 728 1210 819 mendosum
1242 731 1612 815 expressit,
1652 753 1890 796 versus
1923 731 2074 798 libri
2104 735 2326 818 quarti

125 851 315 892 vam
346 828 587 912 (125-
602 828 791 912 190),
823 828 938 913 qui
966 828 1345 893 Veronensi
1376 828 1656 904 desunt,
1688 829 1956 894 aliunde
1987 833 2329 916 acceperit

124 947 379 990 necesse
410 933 517 990 est
546 975 558 990 .
606 925 731 989 sed
762 925 949 1010 quod
979 926 1451 1012 typographos
1483 929 1825 1013 antiquam
1854 949 2072 1012 neque
2104 952 2324 994 emen·
2415 956 2422 963 ,

126 1023 330 1089 datam
355 1025 720 1094 lectionem
743 1023 1005 1088 fidelius
1037 1045 1237 1108 quam
1267 1026 1604 1088 notarium
1633 1025 2094 1090 Florentinum
2125 1025 2323 1090 alios-

125 1144 235 1208 que
254 1123 458 1187 Italos
483 1122 545 1186 ei
567 1121 815 1186 similes
844 1121 1246 1184 observasse
1272 1120 1412 1184 dixi
1429 1169 1445 1196 ‚
1479 1122 1851 1187 cavendum
1873 1123 2082 1189 nihilo
2105 1125 2323 1189 minus

125 1229 332 1285 estne
374 1221 613 1285 multo
636 1219 787 1304 plus
825 1218 1172 1303 impressis
1219 1241 1418 1304 quam
1467 1219 1725 1283 calamo
1769 1220 2024 1286 Italico
2053 1223 2321 1308 scriptis

124 1319 486 1383 credamus:
522 1340 681 1381 nam
705 1317 776 1380 in
804 1317 1148 1402 impressis
1173 1339 1445 1403 quoque
1467 1339 1605 1381 non
1627 1340 1849 1403 pauca
1870 1328 2028 1384 sunt
2050 1320 2136 1385 de
2161 1342 2319 1385 con-

120 1418 352 1482 iectura
379 1410 774 1491 emendata,
801 1416 871 1478 in
890 1414 1226 1480 Brixiensi
1256 1416 1526 1502 quidem
1553 1418 1760 1502 paulo
1787 1418 1987 1502 plura
2015 1426 2083 1482 et
2113 1409 2341 1482 auda-'

123 1517 243 1580 cius
284 1539 484 1602 quam
525 1517 598 1580 in
639 1514 1021 1579 Veronensi
1072 1523 1141 1579 et
1183 1514 1451 1580 Veneto
1484 1540 1499 1594 3
1558 1538 1764 1601 quare
1820 1515 2144 1581 falluntur
2175 1565 2191 1592 ‚
2243 1525 2321 1580 ut

123 1615 346 1691 solent,
372 1615 487 1700 qui
508 1614 701 1680 libris
723 1613 1011 1699 pretium
1035 1620 1343 1678 statuunt
1374 1636 1459 1678 ex
1488 1615 1769 1679 raritate
1788 1664 1803 1691 ,
1841 1638 1988 1679 cum
2012 1615 2316 1680 Brixien-

122 1733 239 1774 sem
262 1713 388 1777 illis
414 1712 555 1777 fide
587 1719 655 1775 et
684 1710 1090 1775 auctoritate
1119 1720 1472 1795 praestare
1503 1721 1781 1778 censent
1800 1763 1813 1778 .
1843 1713 2038 1791 mihi,
2070 1736 2218 1778 cum
2251 1723 2330 1778 et'

123 1808 425 1875 Venetum
457 1809 803 1894 exemplar
830 1809 901 1872 in
928 1809 1235 1873 manibus
1263 1809 1586 1875 haberem
1618 1819 1686 1875 et
1716 1834 1752 1876 e
1774 1811 2156 1877 Veronensi
2176 1812 2316 1876 Ha-

120 1929 488 1994 vercampus
518 1906 982 1972 Wakefieldus
1011 1907 1343 1995 Forbiger
1370 1909 1582 1973 multa
1620 1911 2080 1994 excepissent,
2117 1910 2207 1974 ad
2238 1932 2318 1975 ea

124 2028 269 2090 quae
294 2007 535 2072 vellem
566 2005 1040 2092 cognoscenda
1069 2007 1333 2071 suffecit
1376 2009 1680 2093 quamvis
1723 2009 2029 2093 imperite
2061 2016 2128 2073 et
2156 2030 2315 2093 neg-

120 2102 388 2189 legenter
416 2104 607 2169 facta
637 2106 722 2169 ab
751 2103 1053 2168 Iohanne
1085 2102 1394 2169 Gerardo
1429 2112 1751 2190 quattuor
1777 2106 2143 2191 primarum
2173 2104 2313 2169 edi-

120 2202 344 2266 tionum
370 2202 684 2268 recensio
704 2251 719 2279 ,
750 2224 922 2287 quae
948 2203 1020 2266 in
1044 2201 1478 2288 Glasguensis
1511 2202 1824 2268 editionis
1853 2210 2037 2267 tomo
2070 2211 2312 2288 quarto

121 2300 385 2368 exhibita
417 2310 528 2367 est
556 2302 819 2388 paginis
849 2325 1013 2367 ccxn
1046 2303 1069 2387 (
1093 2303 1414 2367 163-402
1432 2305 1456 2390 )
1476 2352 1490 2367 .

262 2400 590 2486 Superest
616 2409 694 2464 ut
723 2401 808 2466 de
837 2402 1038 2466 tertio
1069 2422 1316 2488 genere
1346 2423 1713 2486 exponam,
1745 2401 1931 2487 quod
1961 2402 2045 2465 ab
2077 2397 2313 2463 eadem

119 2499 301 2586 stirpe
325 2502 598 2566 venisse
628 2523 836 2586 supra
867 2500 1039 2565 dixi.
1071 2524 1154 2566 ex
1185 2501 1317 2566 hoc
1347 2501 1484 2567 duo
1514 2502 1676 2567 mihi
1707 2509 1875 2567 nota
1903 2507 2060 2564 sunt
2089 2519 2309 2562 exem-

117 2598 333 2681 plaria,
372 2600 662 2663 alterum
704 2621 843 2663 non
874 2599 1253 2686 integrum,
1291 2608 1604 2664 neutrum
1641 2604 1981 2663 vetustate
2020 2618 2147 2680 par
2190 2596 2308 2659 ob-

116 2695 291 2783 longo
308 2745 324 2772 ‚
352 2705 671 2762 neutrum
699 2696 988 2783 denique
1015 2698 1112 2761 ita
1134 2699 1457 2783 scriptum
1481 2706 1558 2762 ut
1576 2696 1851 2762 librario
1874 2685 2117 2759 librum
2139 2693 2308 2755 anti-

119 2795 473 2877 quissimum
536 2797 755 2880 ipsum
799 2805 956 2860 ante
1014 2795 1246 2860 oculos
1289 2796 1498 2860 fuisse
1554 2802 1883 2880 appareat
1914 2841 1928 2856 .
1975 2792 2085 2878 qui
2139 2790 2310 2855 liber

117 2893 592 2978 antiquissimus
616 2915 765 2957 cum
788 2894 945 2957 olim
976 2903 1156 2958 esset
1171 2940 1187 2967 ‚
1219 2894 1402 2977 quod
1424 2894 1649 2957 multis
1673 2891 2094 2958 documentis
2113 2889 2309 2952 intel-

114 2989 330 3075 legitur
345 3041 361 3069 ,
380 2992 637 3079 passim
655 2990 944 3056 detritus
962 3038 979 3067 ,
998 3012 1315 3055 corrosus
1333 3038 1349 3067 ,
1368 2992 1686 3056 sordibus
1697 2990 2034 3055 obductus
2053 3034 2067 3061 ‚
2086 2985 2310 3071 aliqua

116 3088 289 3152 etiam
312 3099 515 3176 parte
544 3089 727 3154 lacer
756 3097 825 3153 et
855 3088 1152 3153 schedae
1173 3112 1385 3153 vam
1407 3090 1672 3176 paginis
1698 3086 1983 3153 inversis
2013 3085 2036 3169 (
2060 3107 2155 3159 ιν,
2185 3084 2308 3147 299

116 3185 292 3251 —347
309 3190 330 3272 )
348 3237 364 3264 ,
388 3189 554 3254 dum
573 3187 691 3250 illa
708 3187 942 3272 priora
964 3185 1361 3273 apographa
1385 3187 1906 3250 conficiebantur
1923 3231 1937 3257 ,
1964 3180 2210 3246 accidit
2231 3189 2308 3244 ut

115 3294 405 3367 quattuor
436 3286 738 3352 schedae
756 3334 772 3360 ‚
803 3307 974 3371 quae
1006 3294 1199 3350 erant
1226 3307 1505 3362 numero
1536 3306 1656 3347 xV1
1685 3305 1856 3344 xx1x
1886 3303 2114 3345 xxx1x
2146 3302 2307 3354 cxv,

115 3387 526 3473 compagibus
556 3384 796 3449 solutis
827 3406 867 3447 a
896 3385 1034 3448 suis
1078 3383 1351 3448 sedibus
1394 3382 1836 3457 aberrarent3
1877 3402 2012 3464 quo
2054 3379 2308 3443 factum

115 3488 293 3548 estut
321 3507 400 3548 ea
430 3505 608 3570 quae
639 3483 748 3547 his
788 3482 1058 3546 schedis
1099 3480 1616 3545 continebantur
1659 3479 2027 3563 (quaenam
2058 3487 2136 3541 ea
2163 3476 2304 3540 fue—

112 3578 229 3642 rint
255 3582 466 3647 dicam
502 3582 592 3645 ad
619 3580 861 3647 librum
892 3604 916 3643 1
937 3629 951 3655 ‚
979 3580 1141 3662 734)
1181 3578 1252 3639 in
1290 3576 1423 3641 hoc
1464 3600 1645 3641 novo
1690 3576 1998 3640 codicum
2024 3595 2271 3660 genere
2290 3620 2306 3648 ,

114 3680 276 3760 quod
294 3691 440 3746 erat
461 3681 735 3745 tertium
754 3681 928 3756 „suis
944 3677 1112 3740 locis
1131 3677 1273 3742 sine
1296 3677 1433 3740 ullo
1460 3674 1766 3740 defectus
1787 3673 2036 3737 indicio
2060 3672 2308 3738 omissa

110 3785 249 3856 post
271 3780 423 3845 libri
452 3779 631 3844 sexti
657 3779 854 3841 finem
883 3797 1189 3839 seorsum
1215 3781 1712 3860 reponerentur
1741 3821 1754 3833 .
1797 3771 1930 3835 hoc
1959 3790 2209 3833 novum
2238 3777 2307 3833 et

111 3876 356 3941 tertium
395 3899 610 3964 genus
653 3875 806 3939 dico
838 3897 852 3937 ε
899 3895 1052 3946 nam
1092 3874 1304 3959 siquis
1350 3874 1485 3937 hoc
1527 3872 1811 3957 primum
1850 3869 2058 3933 fuisse
2102 3875 2307 3954 atque

112 3969 255 4037 illud
293 3975 608 4042 damnum
651 3971 953 4054 codicem
991 3972 1183 4055 prius
1229 3993 1430 4057 quam
1461 3970 1793 4057 oblongus
1825 3976 1893 4031 et
1921 3967 2305 4031 Italicorum

112 4087 333 4149 parens
360 4079 799 4149 nascerentur
827 4069 1070 4134 fecisse
1103 4070 1513 4134 existimabit
1543 4117 1558 4144 ,
1593 4070 1653 4132 is
1685 4066 2025 4153 quomodo
2055 4066 2308 4132 librarii

114 4166 375 4237 schedas
414 4173 849 4259 perturbatas
890 4171 958 4234 in
995 4190 1230 4234 verum
1278 4169 1583 4248 ordinem
1612 4167 2032 4232 restituerint
2061 4166 2309 4229 docere

111 4283 230 4330 non
247 4271 498 4354 poterit
514 4318 528 4333 .
548 4271 779 4354 itaque
801 4268 1043 4332 horum
1067 4267 1376 4332 codicum
1399 4267 1571 4331 alter
1596 4275 1701 4330 est
1720 4265 2072 4330 Leidensis
2095 4285 2135 4335 Q
2155 4283 2197 4322 u
2213 4282 2260 4321 A
2279 4295 2305 4307 -

111 4381 427 4433 murus
457 4416 473 4443 ,
517 4375 792 4433 notatus
838 4388 1113 4431 numero
1144 4367 1223 4430 94
1257 4414 1273 4442 ,
1316 4366 1609 4450 scriptus
1651 4363 1919 4428 saeculo
1963 4359 2221 4423 decimo
2265 4379 2306 4420 a
