2840 5008
498 424 630 492 180
838 413 844 419 ”
1583 422 1648 487 V

487 601 598 685 qui
628 599 879 663 faciunt
910 600 1117 663 solem
1148 608 1332 663 certa
1363 598 1724 685 desurgere
1756 610 1947 686 parte

484 722 849 800 propterea
875 713 952 777 fit
979 714 1078 776 uti
1104 713 1459 792 videantur
1492 714 1713 777 dicere
1747 737 1974 778 verum
1992 764 2005 777 .

341 846 439 894 705
567 807 756 892 Luna
785 837 1014 914 potest
1042 828 1201 891 solis
1231 828 1435 893 radiis
1466 851 1786 914 percussa
1814 831 2024 894 nitere
2044 880 2057 906 ‚

484 946 686 1029 inque
718 943 860 1007 dies
888 944 1097 1028 magis
1126 943 1199 1007 id
1229 944 1448 1007 lumen
1478 955 1873 1009 convertere
1903 946 2096 1008 nobis

485 1058 575 1124 ad
602 1059 888 1145 speciem
907 1108 921 1134 ‚
946 1067 1265 1143 quantum
1296 1059 1455 1122 solis
1486 1058 1739 1122 secedit
1768 1061 1852 1123 ab
1885 1060 2060 1134 orbi,

486 1174 780 1259 donique
813 1195 961 1236 eum
992 1183 1229 1237 contra
1257 1174 1457 1260 pleno
1491 1175 1658 1238 bene
1690 1173 1930 1236 lumine
1959 1173 2141 1237 fulsit

484 1300 686 1376 atque
718 1290 941 1353 oriens
974 1289 1196 1352 obitus
1228 1289 1367 1352 eius
1397 1311 1600 1373 super
1632 1287 1812 1352 edita
1841 1286 2037 1352 vidit:

339 1423 438 1470 710
482 1405 640 1469 inde
669 1404 1038 1468 minutatim
1066 1412 1249 1466 retro
1284 1404 1474 1488 quasi
1506 1402 1797 1466 condere
1826 1404 2046 1466 lumen

486 1520 691 1584 debet
717 1521 875 1583 item
894 1567 909 1594 ,
935 1526 1186 1602 quanto
1219 1520 1496 1606 propius
1526 1519 1652 1582 iam
1683 1518 1842 1581 solis
1874 1498 1961 1580 ad
1989 1518 2208 1602 ignem

482 1634 730 1699 labitur
762 1655 846 1696 ex
873 1632 1001 1696 alia
1030 1633 1370 1716 signorum
1398 1642 1593 1720 parte
1621 1655 1743 1718 per
1773 1634 2033 1708 orbem;

486 1759 565 1814 ut
592 1748 875 1819 faciunt,
900 1749 1119 1811 lunam
1151 1748 1260 1832 qui
1289 1748 1552 1833 fingunt
1582 1769 1727 1811 esse
1757 1747 1914 1832 pilai

487 1863 891 1928 consimilem
920 1884 1291 1947 cursusque
1321 1864 1492 1926 viam
1524 1863 1648 1925 sub
1679 1862 1821 1925 sole
1850 1872 2110 1925 tenere.

343 1995 440 2040 715
486 1987 590 2041 est
619 1978 815 2040 etiam
846 1999 1051 2062 quare
1082 1977 1355 2063 proprio
1389 1997 1538 2039 cum
1571 1978 1808 2040 lumine
1839 1977 2055 2062 possit

487 2093 740 2158 volvier
771 2104 838 2156 et
865 2094 1086 2156 varias
1118 2092 1499 2177 splendoris
1529 2090 1817 2155 reddere
1846 2092 2125 2154 formas:

487 2230 731 2295 corpus
765 2208 935 2270 enim
963 2209 1119 2271 licet
1152 2228 1299 2270 esse
1330 2204 1510 2270 aliud
1530 2256 1544 2281 ,
1570 2206 1755 2292 quod
1784 2206 1998 2270 fertur
2028 2214 2095 2268 et
2125 2227 2257 2269 una

484 2323 728 2388 labitur
758 2321 1151 2385 omnimodis
1183 2343 1547 2384 occursans
1580 2321 2040 2405 officiensque3

484 2459 609 2501 nec
640 2439 818 2524 potis
852 2442 953 2499 es‘t
983 2437 1195 2513 cerni,
1220 2436 1376 2521 quia
1406 2458 1667 2499 cassum
1695 2437 1938 2500 lumine
1967 2435 2209 2499 fertur.

340 2569 437 2616 720
481 2553 867 2638 versarique
897 2562 1156 2640 potest,
1180 2553 1416 2638 globus
1448 2561 1524 2615 ut
1552 2553 1638 2616 sit
1665 2552 1840 2616 forte
1869 2551 2026 2638 pilai

488 2667 758 2732 dimidia
787 2690 870 2731 ex
902 2668 1074 2755 parti
1105 2667 1418 2732 candenti
1447 2668 1689 2730 lumine
1719 2669 1965 2731 tinctus
1984 2716 1999 2741 ‚

484 2782 954 2867 versandoque
984 2782 1256 2868 globum
1286 2782 1603 2846 variantis
1636 2782 1836 2845 edere
1864 2784 2111 2846 formas
2130 2831 2145 2856 ‚

485 2890 780 2982 donique
813 2918 955 2960 eam
986 2906 1241 2983 partem
1261 2946 1274 2972 ‚
1300 2920 1472 2982 quae
1503 2918 1785 2980 cumque
1818 2908 1920 2960 est
1947 2897 2207 2981 ignibus
2240 2907 2461 2973 aucta,

487 3012 576 3078 ad
605 3013 893 3097 speciem
924 3012 1128 3075 vertit
1156 3012 1352 3075 nobis
1384 3012 1749 3096 oculosque
1779 3012 2101 3097 patentis:

341 3145 438 3192 725
484 3127 642 3192 inde
670 3128 1044 3190 minutatim
1072 3134 1253 3189 retro
1287 3135 1691 3211 contorquet
1720 3135 1789 3190 et
1817 3127 2035 3190 aufert

484 3242 823 3307 luciferam
853 3249 1110 3326 partem
1139 3242 1624 3327 glomeraminis
1655 3250 1856 3326 atque
1886 3241 2072 3328 pilai3

483 3366 562 3422 ut
588 3357 1002 3443 Babylonica
1034 3355 1443 3420 Chaldaeum
1474 3355 1780 3420 doctrina
1807 3355 2110 3419 refutans

485 3472 976 3557 astrologorum
1007 3480 1216 3535 artem
1248 3481 1487 3536 contra
1516 3472 1912 3534 convincere
1943 3471 2189 3547 tendit,

484 3585 768 3675 proinde
792 3587 992 3672 quasi
1019 3585 1090 3649 id
1117 3586 1257 3649 fieri
1286 3596 1579 3670 nequeat
1610 3586 1796 3672 quod
1825 3594 2083 3671 pugnat
2110 3594 2423 3672 uterque,
2473 3630 2480 3638 -

340 3719 439 3766 730
485 3712 601 3768 aut
627 3705 841 3766 minus
871 3702 1004 3765 hoc
1034 3701 1145 3765 illo
1179 3701 1266 3764 sit
1295 3722 1413 3764 cur
1444 3702 1829 3787 amplectier
1860 3702 2071 3764 ausis,

484 3818 772 3901 denique
805 3839 922 3880 cur
950 3826 1245 3902 nequeat
1272 3795 1535 3902 semper
1565 3837 1743 3881 nova
1771 3816 1929 3880 luna
1959 3817 2169 3879 creari

484 3931 717 3996 ordine
748 3932 1109 3996 formarum
1141 3941 1323 3995 certo
1357 3932 1692 4016 certisque
1721 3932 1950 4017 figuris
1969 3981 1983 4006 ‚

480 4049 681 4132 inque
713 4046 856 4110 dies
888 4048 1116 4130 privos
1148 4046 1436 4110 aborisci
1467 4067 1772 4131 quaeque
1805 4055 2030 4110 creata
2092 4136 2098 4142 .

480 4230 723 4245 ο--ψμ-ψγ
776 4236 799 4240 .-
864 4235 882 4239 ,-

482 4335 578 4381 705
617 4326 865 4399 perculsa
911 4326 930 4395 ΙΙ
971 4332 1068 4378 706
1108 4325 1161 4378 id
1197 4335 1465 4381 omissum.
1521 4328 1540 4395 ΙΙ
1603 4334 1698 4379 708
1738 4329 1946 4379 beneno
1986 4330 2005 4399 11
2043 4336 2134 4380 711
2179 4337 2286 4380 tam
2325 4331 2343 4397 ΙΙ
2383 4335 2481 4382 713
2520 4330 2677 4400 pilae.
2710 4327 2726 4394 ΙΙ

482 4418 579 4464 720
617 4412 662 4463 si
699 4411 719 4479 ΙΙ
759 4417 853 4462 727
894 4409 1208 4480 babylonisa
1245 4410 1264 4479 ΙΙ
1304 4416 1400 4462 730
1440 4410 1529 4461 ilio
