<?xml version="1.0" encoding="UTF-8"?>
<!DOCTYPE html PUBLIC "-//W3C//DTD XHTML 1.0 Transitional//EN"
    "http://www.w3.org/TR/xhtml1/DTD/xhtml1-transitional.dtd">
<html xmlns="http://www.w3.org/1999/xhtml" xml:lang="en" lang="en">
 <head>
  <title>
</title>
<meta http-equiv="Content-Type" content="text/html;charset=utf-8" />
  <meta name='ocr-system' content='tesseract 3.04.00' />
  <meta name='ocr-capabilities' content='ocr_page ocr_carea ocr_par ocr_line ocrx_word'/>
</head>
<body>
  <div class='ocr_page' id='page_1' title='image "./tlucreticarider02lachgoog_0161.png"; bbox 0 0 2840 5008; ppageno 0'>
   <div class='ocr_carea' id='block_1_1' title="bbox 1179 320 1306 392">
    <p class='ocr_par' dir='ltr' id='par_1_1' title="bbox 1179 320 1306 392">
     <span class='ocr_line' id='line_1_1' title="bbox 1179 320 1306 392; baseline -0.039 0"><span class='ocrx_word' id='word_1_1' title='bbox 1179 320 1306 392; x_wconf 94' lang='lat' dir='ltr'>IIII</span> 
     </span>
    </p>
   </div>
   <div class='ocr_carea' id='block_1_2' title="bbox 27 494 1854 676">
    <p class='ocr_par' dir='ltr' id='par_1_2' title="bbox 27 494 1854 676">
     <span class='ocr_line' id='line_1_2' title="bbox 27 494 1823 578; baseline -0.001 -20"><span class='ocrx_word' id='word_1_2' title='bbox 27 524 35 534; x_wconf 90' lang='lat'><strong>·</strong></span> <span class='ocrx_word' id='word_1_3' title='bbox 89 515 203 558; x_wconf 87' lang='lat' dir='ltr'><strong>nec</strong></span> <span class='ocrx_word' id='word_1_4' title='bbox 234 501 616 577; x_wconf 85' lang='lat' dir='ltr'><strong>penetrare</strong></span> <span class='ocrx_word' id='word_1_5' title='bbox 644 501 716 556; x_wconf 86' lang='lat' dir='ltr'><strong>et</strong></span> <span class='ocrx_word' id='word_1_6' title='bbox 745 494 926 557; x_wconf 90' lang='lat' dir='ltr'><strong>abire</strong></span> <span class='ocrx_word' id='word_1_7' title='bbox 954 494 1022 557; x_wconf 89' lang='lat' dir='ltr'><strong>in</strong></span> <span class='ocrx_word' id='word_1_8' title='bbox 1055 514 1298 576; x_wconf 85' lang='lat' dir='ltr'><strong>eorpus</strong></span> <span class='ocrx_word' id='word_1_9' title='bbox 1331 503 1616 578; x_wconf 83' lang='lat' dir='ltr'><strong>corpore</strong></span> <span class='ocrx_word' id='word_1_10' title='bbox 1649 499 1823 556; x_wconf 87' lang='lat' dir='ltr'><strong>toto:</strong></span> 
     </span>
     <span class='ocr_line' id='line_1_3' title="bbox 87 605 1854 676; baseline -0.004 0"><span class='ocrx_word' id='word_1_11' title='bbox 87 630 229 676; x_wconf 83' lang='lat' dir='ltr'><strong>nam</strong></span> <span class='ocrx_word' id='word_1_12' title='bbox 255 607 497 671; x_wconf 86' lang='lat' dir='ltr'><strong>facere</strong></span> <span class='ocrx_word' id='word_1_13' title='bbox 530 609 709 673; x_wconf 88' lang='lat' dir='ltr'><strong>inter</strong></span> <span class='ocrx_word' id='word_1_14' title='bbox 739 607 895 671; x_wconf 90' lang='lat' dir='ltr'><strong>dum</strong></span> <span class='ocrx_word' id='word_1_15' title='bbox 924 607 1092 670; x_wconf 88' lang='lat' dir='ltr'><strong>velle</strong></span> <span class='ocrx_word' id='word_1_16' title='bbox 1124 617 1193 670; x_wconf 86' lang='lat' dir='ltr'><strong>et</strong></span> <span class='ocrx_word' id='word_1_17' title='bbox 1223 614 1481 670; x_wconf 84' lang='lat' dir='ltr'><strong>certare</strong></span> <span class='ocrx_word' id='word_1_18' title='bbox 1511 605 1822 670; x_wconf 86' lang='lat' dir='ltr'><strong>videntur</strong></span> <span class='ocrx_word' id='word_1_19' title='bbox 1840 656 1854 669; x_wconf 92' lang='lat'><strong>.</strong></span> 
     </span>
    </p>
   </div>
   <div class='ocr_carea' id='block_1_3' title="bbox 84 720 2114 807">
    <p class='ocr_par' dir='ltr' id='par_1_3' title="bbox 84 720 2114 807">
     <span class='ocr_line' id='line_1_4' title="bbox 84 720 2114 807; baseline 0 -22"><span class='ocrx_word' id='word_1_20' title='bbox 84 744 293 807; x_wconf 91' lang='lat' dir='ltr'><strong>usque</strong></span> <span class='ocrx_word' id='word_1_21' title='bbox 326 722 517 788; x_wconf 91' lang='lat' dir='ltr'><strong>adeo</strong></span> <span class='ocrx_word' id='word_1_22' title='bbox 554 720 799 806; x_wconf 86' lang='lat' dir='ltr'><strong>cupide</strong></span> <span class='ocrx_word' id='word_1_23' title='bbox 826 723 895 786; x_wconf 90' lang='lat' dir='ltr'><strong>in</strong></span> <span class='ocrx_word' id='word_1_24' title='bbox 924 721 1209 785; x_wconf 88' lang='lat' dir='ltr'><strong>Veneris</strong></span> <span class='ocrx_word' id='word_1_25' title='bbox 1240 721 1671 805; x_wconf 82' lang='lat' dir='ltr'>compagibus</span> <span class='ocrx_word' id='word_1_26' title='bbox 1700 721 2010 796; x_wconf 77' lang='lat' dir='ltr'>haerent,</span> <span class='ocrx_word' id='word_1_27' title='bbox 2110 757 2114 768; x_wconf 93' lang='lat'><em>·</em></span> 
     </span>
    </p>
   </div>
   <div class='ocr_carea' id='block_1_4' title="bbox 25 834 1869 1377">
    <p class='ocr_par' dir='ltr' id='par_1_4' title="bbox 25 834 1869 1034">
     <span class='ocr_line' id='line_1_5' title="bbox 84 834 1869 921; baseline 0 -24"><span class='ocrx_word' id='word_1_28' title='bbox 84 838 379 900; x_wconf 88' lang='lat' dir='ltr'><strong>membra</strong></span> <span class='ocrx_word' id='word_1_29' title='bbox 408 838 793 921; x_wconf 87' lang='lat' dir='ltr'><strong>voluptatis</strong></span> <span class='ocrx_word' id='word_1_30' title='bbox 824 835 979 898; x_wconf 88' lang='lat' dir='ltr'><strong>dum</strong></span> <span class='ocrx_word' id='word_1_31' title='bbox 1009 836 1075 899; x_wconf 85' lang='lat' dir='ltr'><strong>vi</strong></span> <span class='ocrx_word' id='word_1_32' title='bbox 1105 834 1434 900; x_wconf 85' lang='lat' dir='ltr'><strong>labefacta</strong></span> <span class='ocrx_word' id='word_1_33' title='bbox 1462 836 1869 918; x_wconf 86' lang='lat' dir='ltr'><strong>liquescunt.</strong></span> 
     </span>
     <span class='ocr_line' id='line_1_6' title="bbox 25 948 1756 1034; baseline 0.001 -24"><span class='ocrx_word' id='word_1_34' title='bbox 25 953 55 1010; x_wconf 72' lang='lat'><strong>‚5</strong></span> <span class='ocrx_word' id='word_1_35' title='bbox 81 950 351 1013; x_wconf 88' lang='lat' dir='ltr'><strong>tandem·</strong></span> <span class='ocrx_word' id='word_1_36' title='bbox 380 952 508 1014; x_wconf 90' lang='lat' dir='ltr'><strong>ubi</strong></span> <span class='ocrx_word' id='word_1_37' title='bbox 542 972 616 1018; x_wconf 89' lang='lat' dir='ltr'><strong>se</strong></span> <span class='ocrx_word' id='word_1_38' title='bbox 649 951 866 1034; x_wconf 90' lang='lat' dir='ltr'><strong>erupit</strong></span> <span class='ocrx_word' id='word_1_39' title='bbox 894 951 1115 1013; x_wconf 89' lang='lat' dir='ltr'><strong>nervis</strong></span> <span class='ocrx_word' id='word_1_40' title='bbox 1148 950 1452 1013; x_wconf 82' lang='lat' dir='ltr'><strong>conlecta</strong></span> <span class='ocrx_word' id='word_1_41' title='bbox 1481 948 1756 1033; x_wconf 84' lang='lat' dir='ltr'><strong>eupid0‚</strong></span> 
     </span>
    </p>

    <p class='ocr_par' dir='ltr' id='par_1_5' title="bbox 83 1064 1661 1149">
     <span class='ocr_line' id='line_1_7' title="bbox 83 1064 1661 1149; baseline -0.001 -23"><span class='ocrx_word' id='word_1_42' title='bbox 83 1085 285 1147; x_wconf 87' lang='lat' dir='ltr'><strong>parva</strong></span> <span class='ocrx_word' id='word_1_43' title='bbox 314 1064 399 1146; x_wconf 69' lang='lat' dir='ltr'><strong>fit</strong></span> <span class='ocrx_word' id='word_1_44' title='bbox 429 1064 703 1128; x_wconf 89' lang='lat' dir='ltr'><strong>ardoris</strong></span> <span class='ocrx_word' id='word_1_45' title='bbox 733 1064 1005 1127; x_wconf 87' lang='lat' dir='ltr'><strong>violenti</strong></span> <span class='ocrx_word' id='word_1_46' title='bbox 1034 1085 1248 1147; x_wconf 86' lang='lat' dir='ltr'><strong>pausa</strong></span> <span class='ocrx_word' id='word_1_47' title='bbox 1277 1084 1661 1149; x_wconf 80' lang='lat' dir='ltr'><strong>parumper:</strong></span> 
     </span>
    </p>

    <p class='ocr_par' dir='ltr' id='par_1_6' title="bbox 82 1176 1712 1253">
     <span class='ocr_line' id='line_1_8' title="bbox 82 1176 1712 1253; baseline 0.002 -15"><span class='ocrx_word' id='word_1_48' title='bbox 82 1177 230 1240; x_wconf 92' lang='lat' dir='ltr'><strong>inde</strong></span> <span class='ocrx_word' id='word_1_49' title='bbox 261 1177 457 1241; x_wconf 91' lang='lat' dir='ltr'><strong>redit</strong></span> <span class='ocrx_word' id='word_1_50' title='bbox 489 1179 712 1242; x_wconf 90' lang='lat' dir='ltr'><strong>rabies</strong></span> <span class='ocrx_word' id='word_1_51' title='bbox 745 1177 978 1241; x_wconf 89' lang='lat' dir='ltr'><strong>eadem</strong></span> <span class='ocrx_word' id='word_1_52' title='bbox 1008 1185 1076 1241; x_wconf 90' lang='lat' dir='ltr'><strong>et</strong></span> <span class='ocrx_word' id='word_1_53' title='bbox 1102 1176 1288 1241; x_wconf 88' lang='lat' dir='ltr'><strong>furor</strong></span> <span class='ocrx_word' id='word_1_54' title='bbox 1315 1178 1424 1240; x_wconf 81' lang='lat' dir='ltr'><strong>ille</strong></span> <span class='ocrx_word' id='word_1_55' title='bbox 1453 1179 1712 1253; x_wconf 85' lang='lat' dir='ltr'><strong>revisit,</strong></span> 
     </span>
    </p>

    <p class='ocr_par' dir='ltr' id='par_1_7' title="bbox 85 1292 1856 1377">
     <span class='ocr_line' id='line_1_9' title="bbox 85 1292 1856 1377; baseline 0.002 -25"><span class='ocrx_word' id='word_1_56' title='bbox 85 1313 222 1353; x_wconf 85' lang='lat' dir='ltr'><strong>cum</strong></span> <span class='ocrx_word' id='word_1_57' title='bbox 255 1292 392 1356; x_wconf 87' lang='lat' dir='ltr'>sibi</span> <span class='ocrx_word' id='word_1_58' title='bbox 427 1292 598 1376; x_wconf 91' lang='lat' dir='ltr'><strong>quid</strong></span> <span class='ocrx_word' id='word_1_59' title='bbox 629 1293 894 1375; x_wconf 85' lang='lat' dir='ltr'><strong>cupiant</strong></span> <span class='ocrx_word' id='word_1_60' title='bbox 922 1292 1048 1377; x_wconf 92' lang='lat' dir='ltr'><strong>ipsi</strong></span> <span class='ocrx_word' id='word_1_61' title='bbox 1078 1292 1467 1377; x_wconf 82' lang='lat' dir='ltr'><strong>contingere</strong></span> <span class='ocrx_word' id='word_1_62' title='bbox 1499 1303 1856 1376; x_wconf 86' lang='lat' dir='ltr'><strong>quaerunt,</strong></span> 
     </span>
    </p>
   </div>
   <div class='ocr_carea' id='block_1_5' title="bbox 83 1405 2047 1491">
    <p class='ocr_par' dir='ltr' id='par_1_8' title="bbox 83 1405 2047 1491">
     <span class='ocr_line' id='line_1_10' title="bbox 83 1405 2047 1491; baseline 0.002 -26"><span class='ocrx_word' id='word_1_63' title='bbox 83 1426 200 1468; x_wconf 86' lang='lat' dir='ltr'><strong>neo</strong></span> <span class='ocrx_word' id='word_1_64' title='bbox 224 1408 545 1491; x_wconf 88' lang='lat' dir='ltr'><strong>reperire</strong></span> <span class='ocrx_word' id='word_1_65' title='bbox 575 1407 817 1469; x_wconf 89' lang='lat' dir='ltr'><strong>malum</strong></span> <span class='ocrx_word' id='word_1_66' title='bbox 844 1405 916 1469; x_wconf 93' lang='lat' dir='ltr'><strong>id</strong></span> <span class='ocrx_word' id='word_1_67' title='bbox 945 1415 1234 1489; x_wconf 76' lang='lat' dir='ltr'>possunt</span> <span class='ocrx_word' id='word_1_68' title='bbox 1265 1427 1438 1490; x_wconf 90' lang='lat' dir='ltr'><strong>quae</strong></span> <span class='ocrx_word' id='word_1_69' title='bbox 1467 1406 1771 1469; x_wconf 85' lang='lat' dir='ltr'><strong>maehina</strong></span> <span class='ocrx_word' id='word_1_70' title='bbox 1798 1408 2047 1471; x_wconf 82' lang='lat' dir='ltr'><strong>vineat.</strong></span> 
     </span>
    </p>
   </div>
   <div class='ocr_carea' id='block_1_6' title="bbox 25 1519 2001 3887">
    <p class='ocr_par' dir='ltr' id='par_1_9' title="bbox 25 1519 1902 2061">
     <span class='ocr_line' id='line_1_11' title="bbox 25 1519 1724 1604; baseline 0.004 -26"><span class='ocrx_word' id='word_1_71' title='bbox 25 1535 55 1579; x_wconf 75' lang='lat' dir='ltr'><strong>to</strong></span> <span class='ocrx_word' id='word_1_72' title='bbox 80 1540 285 1604; x_wconf 90' lang='lat' dir='ltr'><strong>usque</strong></span> <span class='ocrx_word' id='word_1_73' title='bbox 317 1519 506 1583; x_wconf 89' lang='lat' dir='ltr'><strong>adeo</strong></span> <span class='ocrx_word' id='word_1_74' title='bbox 537 1521 774 1583; x_wconf 82' lang='lat' dir='ltr'><strong>incerti</strong></span> <span class='ocrx_word' id='word_1_75' title='bbox 805 1521 1158 1584; x_wconf 84' lang='lat' dir='ltr'><strong>tabescunt</strong></span> <span class='ocrx_word' id='word_1_76' title='bbox 1185 1521 1459 1583; x_wconf 87' lang='lat' dir='ltr'><strong>volnere</strong></span> <span class='ocrx_word' id='word_1_77' title='bbox 1491 1542 1724 1584; x_wconf 81' lang='lat' dir='ltr'><strong>caeco.</strong></span> 
     </span>
     <span class='ocr_line' id='line_1_12' title="bbox 152 1633 1902 1720; baseline 0.002 -25"><span class='ocrx_word' id='word_1_78' title='bbox 152 1633 357 1696; x_wconf 93' lang='lat' dir='ltr'><strong>Adde</strong></span> <span class='ocrx_word' id='word_1_79' title='bbox 394 1633 588 1718; x_wconf 90' lang='lat' dir='ltr'><strong>quod</strong></span> <span class='ocrx_word' id='word_1_80' title='bbox 619 1635 975 1699; x_wconf 87' lang='lat' dir='ltr'><strong>absumunt</strong></span> <span class='ocrx_word' id='word_1_81' title='bbox 1004 1635 1160 1698; x_wconf 87' lang='lat' dir='ltr'><strong>viris</strong></span> <span class='ocrx_word' id='word_1_82' title='bbox 1190 1642 1611 1720; x_wconf 88' lang='lat' dir='ltr'><strong>pereuntque</strong></span> <span class='ocrx_word' id='word_1_83' title='bbox 1641 1635 1869 1699; x_wconf 89' lang='lat' dir='ltr'><strong>labore</strong></span> <span class='ocrx_word' id='word_1_84' title='bbox 1888 1685 1902 1709; x_wconf 86' lang='lat'>‚</span> 
     </span>
     <span class='ocr_line' id='line_1_13' title="bbox 83 1744 1680 1833; baseline 0.003 -26"><span class='ocrx_word' id='word_1_85' title='bbox 83 1744 249 1809; x_wconf 87' lang='lat' dir='ltr'><strong>adde</strong></span> <span class='ocrx_word' id='word_1_86' title='bbox 282 1747 487 1831; x_wconf 92' lang='lat' dir='ltr'><strong>quod</strong></span> <span class='ocrx_word' id='word_1_87' title='bbox 516 1749 788 1812; x_wconf 87' lang='lat' dir='ltr'><strong>alterius</strong></span> <span class='ocrx_word' id='word_1_88' title='bbox 819 1750 941 1812; x_wconf 90' lang='lat' dir='ltr'><strong>sub</strong></span> <span class='ocrx_word' id='word_1_89' title='bbox 972 1756 1140 1811; x_wconf 86' lang='lat' dir='ltr'><strong>nutu</strong></span> <span class='ocrx_word' id='word_1_90' title='bbox 1171 1747 1435 1833; x_wconf 83' lang='lat' dir='ltr'>degitur</span> <span class='ocrx_word' id='word_1_91' title='bbox 1466 1756 1680 1812; x_wconf 90' lang='lat' dir='ltr'><strong>aetas.</strong></span> 
     </span>
     <span class='ocr_line' id='line_1_14' title="bbox 81 1859 1524 1947; baseline 0.003 -27"><span class='ocrx_word' id='word_1_92' title='bbox 81 1859 320 1923; x_wconf 78' lang='lat' dir='ltr'><strong>labitur</strong></span> <span class='ocrx_word' id='word_1_93' title='bbox 350 1863 621 1926; x_wconf 90' lang='lat' dir='ltr'><strong>interea</strong></span> <span class='ocrx_word' id='word_1_94' title='bbox 648 1884 756 1925; x_wconf 93' lang='lat' dir='ltr'><strong>res</strong></span> <span class='ocrx_word' id='word_1_95' title='bbox 789 1872 854 1926; x_wconf 89' lang='lat' dir='ltr'><strong>et</strong></span> <span class='ocrx_word' id='word_1_96' title='bbox 881 1861 1293 1947; x_wconf 84' lang='lat' dir='ltr'><strong>Babylonica</strong></span> <span class='ocrx_word' id='word_1_97' title='bbox 1322 1863 1491 1926; x_wconf 89' lang='lat' dir='ltr'><strong>fiunt</strong></span> <span class='ocrx_word' id='word_1_98' title='bbox 1509 1912 1524 1936; x_wconf 84' lang='lat'><strong>‚</strong></span> 
     </span>
     <span class='ocr_line' id='line_1_15' title="bbox 81 1972 1804 2061; baseline 0.003 -28"><span class='ocrx_word' id='word_1_99' title='bbox 81 1972 405 2059; x_wconf 88' lang='lat' dir='ltr'><strong>languent</strong></span> <span class='ocrx_word' id='word_1_100' title='bbox 437 1976 659 2040; x_wconf 81' lang='lat' dir='ltr'><strong>officia</strong></span> <span class='ocrx_word' id='word_1_101' title='bbox 688 1985 891 2060; x_wconf 91' lang='lat' dir='ltr'><strong>atque</strong></span> <span class='ocrx_word' id='word_1_102' title='bbox 921 1983 1230 2061; x_wconf 74' lang='lat' dir='ltr'><strong>aegrotat</strong></span> <span class='ocrx_word' id='word_1_103' title='bbox 1256 1975 1434 2038; x_wconf 87' lang='lat' dir='ltr'><strong>fama</strong></span> <span class='ocrx_word' id='word_1_104' title='bbox 1454 1977 1804 2039; x_wconf 81' lang='lat' dir='ltr'>vacillans,</span> 
     </span>
    </p>

    <p class='ocr_par' dir='ltr' id='par_1_10' title="bbox 25 2088 1884 2631">
     <span class='ocr_line' id='line_1_16' title="bbox 25 2088 1884 2175; baseline 0.005 -31"><span class='ocrx_word' id='word_1_105' title='bbox 25 2100 58 2144; x_wconf 72' lang='lat'><strong>25</strong></span> <span class='ocrx_word' id='word_1_106' title='bbox 84 2098 431 2171; x_wconf 86' lang='lat' dir='ltr'><strong>argentum</strong></span> <span class='ocrx_word' id='word_1_107' title='bbox 463 2099 529 2153; x_wconf 88' lang='lat' dir='ltr'><strong>et</strong></span> <span class='ocrx_word' id='word_1_108' title='bbox 558 2090 841 2174; x_wconf 86' lang='lat' dir='ltr'><strong>pulchra</strong></span> <span class='ocrx_word' id='word_1_109' title='bbox 868 2092 935 2153; x_wconf 91' lang='lat' dir='ltr'><strong>in</strong></span> <span class='ocrx_word' id='word_1_110' title='bbox 967 2088 1250 2175; x_wconf 90' lang='lat' dir='ltr'><strong>pedibus</strong></span> <span class='ocrx_word' id='word_1_111' title='bbox 1283 2091 1602 2175; x_wconf 78' lang='lat' dir='ltr'><strong>Sicyonia</strong></span> <span class='ocrx_word' id='word_1_112' title='bbox 1630 2089 1884 2163; x_wconf 86' lang='lat' dir='ltr'><strong>rident,</strong></span> 
     </span>
     <span class='ocr_line' id='line_1_17' title="bbox 86 2202 1740 2290; baseline 0.004 -29"><span class='ocrx_word' id='word_1_113' title='bbox 86 2202 331 2267; x_wconf 83' lang='lat' dir='ltr'><strong>seilicet</strong></span> <span class='ocrx_word' id='word_1_114' title='bbox 351 2253 374 2284; x_wconf 86' lang='grc'>,</span> <span class='ocrx_word' id='word_1_115' title='bbox 402 2213 473 2267; x_wconf 91' lang='lat' dir='ltr'><strong>et</strong></span> <span class='ocrx_word' id='word_1_116' title='bbox 501 2204 791 2288; x_wconf 81' lang='lat' dir='ltr'><strong>grandes</strong></span> <span class='ocrx_word' id='word_1_117' title='bbox 821 2203 1015 2267; x_wconf 89' lang='lat' dir='ltr'><strong>viridi</strong></span> <span class='ocrx_word' id='word_1_118' title='bbox 1045 2225 1193 2266; x_wconf 80' lang='lat' dir='ltr'><strong>cum</strong></span> <span class='ocrx_word' id='word_1_119' title='bbox 1222 2203 1370 2266; x_wconf 83' lang='lat' dir='ltr'><strong>luce</strong></span> <span class='ocrx_word' id='word_1_120' title='bbox 1403 2204 1740 2290; x_wconf 89' lang='lat' dir='ltr'><strong>zmaragdi</strong></span> 
     </span>
     <span class='ocr_line' id='line_1_18' title="bbox 88 2317 1768 2402; baseline 0.004 -26"><span class='ocrx_word' id='word_1_121' title='bbox 88 2335 238 2379; x_wconf 87' lang='lat' dir='ltr'><strong>auro</strong></span> <span class='ocrx_word' id='word_1_122' title='bbox 265 2317 707 2382; x_wconf 86' lang='lat' dir='ltr'><strong>includuntur</strong></span> <span class='ocrx_word' id='word_1_123' title='bbox 724 2366 739 2391; x_wconf 86' lang='lat'>‚</span> <span class='ocrx_word' id='word_1_124' title='bbox 764 2319 1133 2402; x_wconf 87' lang='lat' dir='ltr'><strong>teriturque</strong></span> <span class='ocrx_word' id='word_1_125' title='bbox 1165 2317 1532 2381; x_wconf 87' lang='lat' dir='ltr'><strong>thalassina</strong></span> <span class='ocrx_word' id='word_1_126' title='bbox 1562 2320 1768 2382; x_wconf 84' lang='lat' dir='ltr'><strong>vestis</strong></span> 
     </span>
     <span class='ocr_line' id='line_1_19' title="bbox 87 2429 1691 2517; baseline 0.002 -26"><span class='ocrx_word' id='word_1_127' title='bbox 87 2429 360 2494; x_wconf 87' lang='lat' dir='ltr'><strong>adsidue</strong></span> <span class='ocrx_word' id='word_1_128' title='bbox 394 2440 460 2494; x_wconf 89' lang='lat' dir='ltr'><strong>et</strong></span> <span class='ocrx_word' id='word_1_129' title='bbox 491 2432 775 2495; x_wconf 91' lang='lat' dir='ltr'><strong>Veneris</strong></span> <span class='ocrx_word' id='word_1_130' title='bbox 806 2431 1119 2495; x_wconf 93' lang='lat' dir='ltr'><strong>sudorem</strong></span> <span class='ocrx_word' id='word_1_131' title='bbox 1151 2432 1443 2495; x_wconf 88' lang='lat' dir='ltr'><strong>exercita</strong></span> <span class='ocrx_word' id='word_1_132' title='bbox 1471 2442 1691 2517; x_wconf 86' lang='lat' dir='ltr'><strong>potat.</strong></span> 
     </span>
     <span class='ocr_line' id='line_1_20' title="bbox 93 2546 1816 2631; baseline 0.003 -25"><span class='ocrx_word' id='word_1_133' title='bbox 93 2555 153 2607; x_wconf 90' lang='lat' dir='ltr'><strong>et</strong></span> <span class='ocrx_word' id='word_1_134' title='bbox 178 2547 352 2609; x_wconf 91' lang='lat' dir='ltr'><strong>bene</strong></span> <span class='ocrx_word' id='word_1_135' title='bbox 382 2554 582 2630; x_wconf 90' lang='lat' dir='ltr'><strong>parta</strong></span> <span class='ocrx_word' id='word_1_136' title='bbox 609 2554 872 2631; x_wconf 85' lang='lat' dir='ltr'><strong>patrum</strong></span> <span class='ocrx_word' id='word_1_137' title='bbox 901 2548 1070 2611; x_wconf 88' lang='lat' dir='ltr'><strong>fiunt</strong></span> <span class='ocrx_word' id='word_1_138' title='bbox 1099 2546 1498 2611; x_wconf 88' lang='lat' dir='ltr'><strong>anademata</strong></span> <span class='ocrx_word' id='word_1_139' title='bbox 1513 2597 1530 2627; x_wconf 88' lang='lat'><em>,</em></span> <span class='ocrx_word' id='word_1_140' title='bbox 1552 2549 1816 2623; x_wconf 87' lang='lat' dir='ltr'><strong>mitrae,</strong></span> 
     </span>
    </p>

    <p class='ocr_par' dir='ltr' id='par_1_11' title="bbox 25 2659 2001 3204">
     <span class='ocr_line' id='line_1_21' title="bbox 25 2659 2001 2747; baseline 0.003 -29"><span class='ocrx_word' id='word_1_141' title='bbox 25 2672 62 2719; x_wconf 67' lang='lat'><strong>³0</strong></span> <span class='ocrx_word' id='word_1_142' title='bbox 83 2659 244 2723; x_wconf 87' lang='lat' dir='ltr'><strong>inter</strong></span> <span class='ocrx_word' id='word_1_143' title='bbox 275 2660 439 2724; x_wconf 88' lang='lat' dir='ltr'><strong>dum</strong></span> <span class='ocrx_word' id='word_1_144' title='bbox 466 2662 538 2724; x_wconf 90' lang='lat' dir='ltr'><strong>in</strong></span> <span class='ocrx_word' id='word_1_145' title='bbox 564 2662 809 2745; x_wconf 87' lang='lat' dir='ltr'><strong>pallam</strong></span> <span class='ocrx_word' id='word_1_146' title='bbox 838 2671 1041 2746; x_wconf 88' lang='lat' dir='ltr'><strong>atque</strong></span> <span class='ocrx_word' id='word_1_147' title='bbox 1073 2663 1394 2727; x_wconf 89' lang='lat' dir='ltr'><strong>alideusia</strong></span> <span class='ocrx_word' id='word_1_148' title='bbox 1426 2663 1673 2747; x_wconf 88' lang='lat' dir='ltr'><strong>Ciaque</strong></span> <span class='ocrx_word' id='word_1_149' title='bbox 1702 2669 2001 2726; x_wconf 85' lang='lat' dir='ltr'><strong>vertunt.</strong></span> 
     </span>
     <span class='ocr_line' id='line_1_22' title="bbox 91 2775 1498 2864; baseline 0.004 -29"><span class='ocrx_word' id='word_1_150' title='bbox 91 2775 312 2838; x_wconf 84' lang='lat' dir='ltr'><strong>eximia</strong></span> <span class='ocrx_word' id='word_1_151' title='bbox 341 2784 533 2838; x_wconf 84' lang='lat' dir='ltr'><strong>veste</strong></span> <span class='ocrx_word' id='word_1_152' title='bbox 564 2782 633 2838; x_wconf 88' lang='lat' dir='ltr'><strong>et</strong></span> <span class='ocrx_word' id='word_1_153' title='bbox 660 2776 843 2839; x_wconf 83' lang='lat' dir='ltr'><strong>victu</strong></span> <span class='ocrx_word' id='word_1_154' title='bbox 873 2777 1214 2853; x_wconf 77' lang='lat' dir='ltr'><strong>convivia,</strong></span> <span class='ocrx_word' id='word_1_155' title='bbox 1243 2778 1498 2864; x_wconf 84' lang='lat' dir='ltr'><strong>lychni,</strong></span> 
     </span>
     <span class='ocr_line' id='line_1_23' title="bbox 90 2890 1981 2975; baseline 0.002 -23"><span class='ocrx_word' id='word_1_156' title='bbox 90 2891 315 2969; x_wconf 83' lang='lat' dir='ltr'><strong>poeula</strong></span> <span class='ocrx_word' id='word_1_157' title='bbox 347 2890 585 2953; x_wconf 86' lang='lat' dir='ltr'><strong>erebra</strong></span> <span class='ocrx_word' id='word_1_158' title='bbox 602 2938 616 2963; x_wconf 89' lang='lat'>‚</span> <span class='ocrx_word' id='word_1_159' title='bbox 638 2898 981 2974; x_wconf 88' lang='lat' dir='ltr'><strong>unguenta</strong></span> <span class='ocrx_word' id='word_1_160' title='bbox 998 2938 1013 2963; x_wconf 84' lang='lat'>‚</span> <span class='ocrx_word' id='word_1_161' title='bbox 1039 2914 1330 2955; x_wconf 86' lang='lat' dir='ltr'><strong>coronae</strong></span> <span class='ocrx_word' id='word_1_162' title='bbox 1350 2941 1364 2966; x_wconf 89' lang='lat'>‚</span> <span class='ocrx_word' id='word_1_163' title='bbox 1389 2899 1569 2955; x_wconf 89' lang='lat' dir='ltr'><strong>serta</strong></span> <span class='ocrx_word' id='word_1_164' title='bbox 1589 2939 1603 2966; x_wconf 89' lang='lat'>‚</span> <span class='ocrx_word' id='word_1_165' title='bbox 1628 2898 1949 2975; x_wconf 87' lang='lat' dir='ltr'><strong>parantur</strong></span> <span class='ocrx_word' id='word_1_166' title='bbox 1967 2939 1981 2964; x_wconf 91' lang='lat'>‚</span> 
     </span>
     <span class='ocr_line' id='line_1_24' title="bbox 88 3003 1792 3089; baseline 0.002 -27"><span class='ocrx_word' id='word_1_167' title='bbox 88 3023 160 3064; x_wconf 89' lang='lat' dir='ltr'><strong>ne</strong></span> <span class='ocrx_word' id='word_1_168' title='bbox 191 3006 505 3088; x_wconf 89' lang='lat' dir='ltr'><strong>quiquam</strong></span> <span class='ocrx_word' id='word_1_169' title='bbox 524 3051 540 3078; x_wconf 88' lang='lat'><strong>‚</strong></span> <span class='ocrx_word' id='word_1_170' title='bbox 565 3005 877 3087; x_wconf 89' lang='lat' dir='ltr'><strong>quoniam</strong></span> <span class='ocrx_word' id='word_1_171' title='bbox 905 3004 1124 3068; x_wconf 91' lang='lat' dir='ltr'><strong>medio</strong></span> <span class='ocrx_word' id='word_1_172' title='bbox 1157 3003 1242 3067; x_wconf 94' lang='lat' dir='ltr'><strong>de</strong></span> <span class='ocrx_word' id='word_1_173' title='bbox 1271 3004 1461 3068; x_wconf 89' lang='lat' dir='ltr'><strong>fonte</strong></span> <span class='ocrx_word' id='word_1_174' title='bbox 1491 3005 1792 3089; x_wconf 89' lang='lat' dir='ltr'><strong>leporum</strong></span> 
     </span>
     <span class='ocr_line' id='line_1_25' title="bbox 90 3117 1884 3204; baseline 0.003 -26"><span class='ocrx_word' id='word_1_175' title='bbox 90 3120 283 3203; x_wconf 87' lang='lat' dir='ltr'><strong>surgit</strong></span> <span class='ocrx_word' id='word_1_176' title='bbox 313 3118 519 3180; x_wconf 89' lang='lat' dir='ltr'><strong>amari</strong></span> <span class='ocrx_word' id='word_1_177' title='bbox 550 3118 815 3202; x_wconf 84' lang='lat' dir='ltr'><strong>aliquit,</strong></span> <span class='ocrx_word' id='word_1_178' title='bbox 842 3117 1026 3202; x_wconf 91' lang='lat' dir='ltr'><strong>quod</strong></span> <span class='ocrx_word' id='word_1_179' title='bbox 1054 3119 1122 3182; x_wconf 92' lang='lat' dir='ltr'><strong>in</strong></span> <span class='ocrx_word' id='word_1_180' title='bbox 1151 3119 1312 3204; x_wconf 88' lang='lat' dir='ltr'><strong>ipsis</strong></span> <span class='ocrx_word' id='word_1_181' title='bbox 1345 3118 1621 3182; x_wconf 89' lang='lat' dir='ltr'><strong>floribus</strong></span> <span class='ocrx_word' id='word_1_182' title='bbox 1652 3128 1884 3204; x_wconf 83' lang='lat' dir='ltr'><strong>angat,</strong></span> 
     </span>
    </p>

    <p class='ocr_par' dir='ltr' id='par_1_12' title="bbox 25 3231 1908 3752">
     <span class='ocr_line' id='line_1_26' title="bbox 25 3231 1844 3315; baseline 0.002 -24"><span class='ocrx_word' id='word_1_183' title='bbox 25 3240 61 3286; x_wconf 72' lang='lat'><strong>³5</strong></span> <span class='ocrx_word' id='word_1_184' title='bbox 87 3239 188 3295; x_wconf 88' lang='lat' dir='ltr'><strong>aut</strong></span> <span class='ocrx_word' id='word_1_185' title='bbox 214 3254 363 3295; x_wconf 86' lang='lat' dir='ltr'><strong>eum</strong></span> <span class='ocrx_word' id='word_1_186' title='bbox 394 3231 702 3295; x_wconf 85' lang='lat' dir='ltr'><strong>conscius</strong></span> <span class='ocrx_word' id='word_1_187' title='bbox 732 3232 876 3315; x_wconf 90' lang='lat' dir='ltr'><strong>ipse</strong></span> <span class='ocrx_word' id='word_1_188' title='bbox 908 3233 1163 3295; x_wconf 86' lang='lat' dir='ltr'><strong>animus</strong></span> <span class='ocrx_word' id='word_1_189' title='bbox 1194 3254 1266 3295; x_wconf 93' lang='lat' dir='ltr'><strong>se</strong></span> <span class='ocrx_word' id='word_1_190' title='bbox 1296 3232 1472 3295; x_wconf 86' lang='lat' dir='ltr'><strong>forte</strong></span> <span class='ocrx_word' id='word_1_191' title='bbox 1501 3232 1844 3296; x_wconf 90' lang='lat' dir='ltr'><strong>remordet</strong></span> 
     </span>
     <span class='ocr_line' id='line_1_27' title="bbox 90 3330 1908 3430; baseline 0.002 -26"><span class='ocrx_word' id='word_1_192' title='bbox 90 3342 406 3409; x_wconf 87' lang='lat' dir='ltr'><strong>desidiose</strong></span> <span class='ocrx_word' id='word_1_193' title='bbox 438 3366 636 3429; x_wconf 89' lang='lat' dir='ltr'><strong>agere</strong></span> <span class='ocrx_word' id='word_1_194' title='bbox 666 3354 952 3409; x_wconf 89' lang='lat' dir='ltr'><strong>aetatem</strong></span> <span class='ocrx_word' id='word_1_195' title='bbox 980 3346 1342 3430; x_wconf 90' lang='lat' dir='ltr'><strong>lustrisque</strong></span> <span class='ocrx_word' id='word_1_196' title='bbox 1372 3346 1592 3430; x_wconf 91' lang='lat' dir='ltr'><strong>perire</strong></span> <span class='ocrx_word' id='word_1_197' title='bbox 1616 3396 1630 3421; x_wconf 89' lang='lat'>‚</span> <span class='ocrx_word' id='word_1_198' title='bbox 1905 3330 1908 3333; x_wconf 10' lang='grc' dir='ltr'><strong>Δ</strong></span> 
     </span>
     <span class='ocr_line' id='line_1_28' title="bbox 87 3440 1776 3545; baseline 0.003 -27"><span class='ocrx_word' id='word_1_199' title='bbox 87 3466 185 3522; x_wconf 86' lang='lat' dir='ltr'><strong>aut</strong></span> <span class='ocrx_word' id='word_1_200' title='bbox 213 3458 397 3543; x_wconf 91' lang='lat' dir='ltr'><strong>quod</strong></span> <span class='ocrx_word' id='word_1_201' title='bbox 423 3460 492 3521; x_wconf 89' lang='lat' dir='ltr'><strong>in</strong></span> <span class='ocrx_word' id='word_1_202' title='bbox 523 3460 830 3544; x_wconf 90' lang='lat' dir='ltr'><strong>ambiguo</strong></span> <span class='ocrx_word' id='word_1_203' title='bbox 861 3461 1137 3524; x_wconf 90' lang='lat' dir='ltr'><strong>verbum</strong></span> <span class='ocrx_word' id='word_1_204' title='bbox 1167 3440 1453 3523; x_wconf 79' lang='lat' dir='ltr'><strong>iaculata</strong></span> <span class='ocrx_word' id='word_1_205' title='bbox 1480 3460 1776 3545; x_wconf 90' lang='lat' dir='ltr'><strong>reliquit,</strong></span> 
     </span>
     <span class='ocr_line' id='line_1_29' title="bbox 88 3572 1711 3659; baseline 0.001 -24"><span class='ocrx_word' id='word_1_206' title='bbox 88 3572 254 3654; x_wconf 88' lang='lat' dir='ltr'><strong>quod</strong></span> <span class='ocrx_word' id='word_1_207' title='bbox 282 3572 529 3658; x_wconf 84' lang='lat' dir='ltr'><strong>cupido</strong></span> <span class='ocrx_word' id='word_1_208' title='bbox 561 3572 849 3637; x_wconf 84' lang='lat' dir='ltr'><strong>adfixum</strong></span> <span class='ocrx_word' id='word_1_209' title='bbox 881 3574 1071 3637; x_wconf 83' lang='lat' dir='ltr'><strong>cordi</strong></span> <span class='ocrx_word' id='word_1_210' title='bbox 1100 3574 1376 3638; x_wconf 83' lang='lat' dir='ltr'><strong>vivescit</strong></span> <span class='ocrx_word' id='word_1_211' title='bbox 1404 3581 1482 3637; x_wconf 88' lang='lat' dir='ltr'><strong>ut</strong></span> <span class='ocrx_word' id='word_1_212' title='bbox 1506 3575 1677 3659; x_wconf 85' lang='lat' dir='ltr'><strong>ignis</strong></span> <span class='ocrx_word' id='word_1_213' title='bbox 1696 3624 1711 3648; x_wconf 80' lang='grc'>,</span> 
     </span>
     <span class='ocr_line' id='line_1_30' title="bbox 87 3683 1615 3752; baseline 0.003 -5"><span class='ocrx_word' id='word_1_214' title='bbox 87 3696 183 3749; x_wconf 85' lang='lat' dir='ltr'><strong>aut</strong></span> <span class='ocrx_word' id='word_1_215' title='bbox 208 3687 476 3750; x_wconf 90' lang='lat' dir='ltr'><strong>nimium</strong></span> <span class='ocrx_word' id='word_1_216' title='bbox 501 3688 750 3751; x_wconf 83' lang='lat' dir='ltr'><strong>iactare</strong></span> <span class='ocrx_word' id='word_1_217' title='bbox 781 3689 1013 3752; x_wconf 88' lang='lat' dir='ltr'><strong>oeulos</strong></span> <span class='ocrx_word' id='word_1_218' title='bbox 1044 3688 1325 3752; x_wconf 82' lang='lat' dir='ltr'><strong>aliumve</strong></span> <span class='ocrx_word' id='word_1_219' title='bbox 1355 3689 1531 3751; x_wconf 93' lang='lat' dir='ltr'><strong>tueri</strong></span> <span class='ocrx_word' id='word_1_220' title='bbox 1591 3683 1615 3695; x_wconf 63' lang='lat'>⁸</span> 
     </span>
    </p>

    <p class='ocr_par' dir='ltr' id='par_1_13' title="bbox 25 3801 1676 3887">
     <span class='ocr_line' id='line_1_31' title="bbox 25 3801 1676 3887; baseline 0 -24"><span class='ocrx_word' id='word_1_221' title='bbox 25 3808 59 3855; x_wconf 71' lang='lat'><strong>¹0</strong></span> <span class='ocrx_word' id='word_1_222' title='bbox 85 3801 246 3882; x_wconf 87' lang='lat' dir='ltr'><strong>quod</strong></span> <span class='ocrx_word' id='word_1_223' title='bbox 272 3810 470 3886; x_wconf 86' lang='lat' dir='ltr'><strong>putat</strong></span> <span class='ocrx_word' id='word_1_224' title='bbox 497 3801 566 3864; x_wconf 91' lang='lat' dir='ltr'><strong>in</strong></span> <span class='ocrx_word' id='word_1_225' title='bbox 595 3802 917 3885; x_wconf 89' lang='lat' dir='ltr'><strong>voltuque</strong></span> <span class='ocrx_word' id='word_1_226' title='bbox 948 3801 1131 3865; x_wconf 84' lang='lat' dir='ltr'><strong>videt</strong></span> <span class='ocrx_word' id='word_1_227' title='bbox 1160 3802 1442 3887; x_wconf 88' lang='lat' dir='ltr'><strong>vestigia</strong></span> <span class='ocrx_word' id='word_1_228' title='bbox 1472 3802 1644 3865; x_wconf 90' lang='lat' dir='ltr'><strong>risus</strong></span> <span class='ocrx_word' id='word_1_229' title='bbox 1663 3850 1676 3862; x_wconf 93' lang='lat'><em>.</em></span> 
     </span>
    </p>
   </div>
   <div class='ocr_carea' id='block_1_7' title="bbox 92 4001 471 4011">
    <p class='ocr_par' dir='ltr' id='par_1_14' title="bbox 92 4001 471 4011">
     <span class='ocr_line' id='line_1_32' title="bbox 92 4001 471 4011; baseline 0 997"><span class='ocrx_word' id='word_1_230' title='bbox 92 4001 471 4011; x_wconf 95' lang='lat' dir='ltr'><strong> </strong></span> 
     </span>
    </p>
   </div>
   <div class='ocr_carea' id='block_1_8' title="bbox 2233 301 2370 390">
    <p class='ocr_par' dir='ltr' id='par_1_15' title="bbox 2233 301 2370 390">
     <span class='ocr_line' id='line_1_33' title="bbox 2233 301 2370 390; baseline 0 -1"><span class='ocrx_word' id='word_1_231' title='bbox 2233 301 2370 390; x_wconf 43' lang='lat'><strong>151⁷</strong></span> 
     </span>
    </p>
   </div>
   <div class='ocr_carea' id='block_1_9' title="bbox 88 4114 2326 4268">
    <p class='ocr_par' dir='ltr' id='par_1_16' title="bbox 88 4114 2326 4268">
     <span class='ocr_line' id='line_1_34' title="bbox 93 4114 2324 4185; baseline 0.003 -25"><span class='ocrx_word' id='word_1_232' title='bbox 93 4115 198 4162; x_wconf 88' lang='lat'>1115</span> <span class='ocrx_word' id='word_1_233' title='bbox 233 4114 476 4165; x_wconf 87' lang='lat' dir='ltr'><strong>coniecta</strong></span> <span class='ocrx_word' id='word_1_234' title='bbox 528 4114 547 4180; x_wconf 87' lang='grc' dir='ltr'><strong>ΙΙ</strong></span> <span class='ocrx_word' id='word_1_235' title='bbox 611 4120 739 4166; x_wconf 89' lang='grc'>1118</span> <span class='ocrx_word' id='word_1_236' title='bbox 778 4115 921 4184; x_wconf 92' lang='lat' dir='ltr'><strong>quod</strong></span> <span class='ocrx_word' id='word_1_237' title='bbox 975 4117 995 4185; x_wconf 78' lang='grc' dir='ltr'><strong>ΙΙ</strong></span> <span class='ocrx_word' id='word_1_238' title='bbox 1054 4123 1178 4168; x_wconf 88' lang='grc'>1121</span> <span class='ocrx_word' id='word_1_239' title='bbox 1221 4117 1353 4169; x_wconf 87' lang='lat' dir='ltr'><strong>utris</strong></span> <span class='ocrx_word' id='word_1_240' title='bbox 1391 4117 1409 4184; x_wconf 90' lang='grc' dir='ltr'><strong>ΙΙ</strong></span> <span class='ocrx_word' id='word_1_241' title='bbox 1453 4122 1581 4167; x_wconf 84' lang='grc'>1123</span> <span class='ocrx_word' id='word_1_242' title='bbox 1620 4115 1905 4184; x_wconf 86' lang='lat' dir='ltr'><strong>babylonia</strong></span> <span class='ocrx_word' id='word_1_243' title='bbox 1942 4116 1961 4185; x_wconf 82' lang='grc' dir='ltr'><strong>ΙΙ</strong></span> <span class='ocrx_word' id='word_1_244' title='bbox 2002 4121 2131 4166; x_wconf 88' lang='grc'>1124</span> <span class='ocrx_word' id='word_1_245' title='bbox 2171 4114 2324 4185; x_wconf 81' lang='lat' dir='ltr'><strong>vigil-</strong></span> 
     </span>
     <span class='ocr_line' id='line_1_35' title="bbox 88 4189 2326 4268; baseline 0.001 -25"><span class='ocrx_word' id='word_1_246' title='bbox 88 4189 207 4244; x_wconf 84' lang='lat' dir='ltr'><strong>lans.</strong></span> <span class='ocrx_word' id='word_1_247' title='bbox 244 4195 264 4261; x_wconf 82' lang='grc' dir='ltr'><strong>ΙΙ</strong></span> <span class='ocrx_word' id='word_1_248' title='bbox 308 4200 436 4246; x_wconf 84' lang='grc'>1125</span> <span class='ocrx_word' id='word_1_249' title='bbox 463 4194 755 4265; x_wconf 85' lang='lat' dir='ltr'><strong>Unguenta</strong></span> <span class='ocrx_word' id='word_1_250' title='bbox 791 4199 810 4264; x_wconf 86' lang='grc' dir='ltr'>Η</span> <span class='ocrx_word' id='word_1_251' title='bbox 854 4204 981 4250; x_wconf 75' lang='grc'>1129</span> <span class='ocrx_word' id='word_1_252' title='bbox 1008 4198 1141 4251; x_wconf 86' lang='lat' dir='ltr'><strong>flunt</strong></span> <span class='ocrx_word' id='word_1_253' title='bbox 1167 4198 1186 4266; x_wconf 83' lang='grc' dir='ltr'>Η</span> <span class='ocrx_word' id='word_1_254' title='bbox 1222 4205 1347 4251; x_wconf 86' lang='grc'>1130</span> <span class='ocrx_word' id='word_1_255' title='bbox 1374 4198 1626 4251; x_wconf 85' lang='lat' dir='ltr'><strong>alidensia</strong></span> <span class='ocrx_word' id='word_1_256' title='bbox 1650 4199 1868 4268; x_wconf 83' lang='lat' dir='ltr'><strong>chiaque</strong></span> <span class='ocrx_word' id='word_1_257' title='bbox 1906 4199 1924 4267; x_wconf 85' lang='grc' dir='ltr'><strong>ΙΙ</strong></span> <span class='ocrx_word' id='word_1_258' title='bbox 1969 4202 2093 4248; x_wconf 84' lang='grc'>1131</span> <span class='ocrx_word' id='word_1_259' title='bbox 2122 4195 2275 4248; x_wconf 89' lang='lat' dir='ltr'><strong>luidi.</strong></span> <span class='ocrx_word' id='word_1_260' title='bbox 2306 4196 2326 4263; x_wconf 80' lang='grc' dir='ltr'>Η</span> 
     </span>
    </p>
   </div>
   <div class='ocr_carea' id='block_1_10' title="bbox 95 4277 485 4345">
    <p class='ocr_par' dir='ltr' id='par_1_17' title="bbox 95 4277 485 4345">
     <span class='ocr_line' id='line_1_36' title="bbox 95 4277 485 4345; baseline 0.015 -23"><span class='ocrx_word' id='word_1_261' title='bbox 95 4279 201 4328; x_wconf 87' lang='grc'>1137</span> <span class='ocrx_word' id='word_1_262' title='bbox 238 4277 485 4345; x_wconf 89' lang='lat' dir='ltr'><strong>ambiquo</strong></span> 
     </span>
    </p>
   </div>
  </div>
 </body>
</html>
