2840 5008
491 385 575 452 10
912 376 916 380 Α
1415 405 1761 451 aizoi-:nmo

479 559 614 624 fide
644 557 1013 642 eademque
1043 562 1191 620 arte
1231 576 1365 640 qua
1392 555 1775 622 Mediceum
1807 556 2085 644 Vergilii
2128 557 2431 623 codicem
2459 559 2711 649 Poggi-

480 657 629 721 nius
661 656 996 744 expressit
1026 702 1043 730 ‚
1082 655 1127 718 ii
1158 654 1415 719 librarii
1446 656 1562 740 qui
1593 654 1968 720 Vossianos
2000 658 2560 742 conscripserunt
2591 682 2709 725 ex-

481 754 734 840 emplar
762 754 1292 839 antiquissimum
1322 775 1446 839 per
1473 753 1717 818 ductus
1739 755 2116 819 litterarum
2139 756 2442 842 singulos
2463 757 2728 824 imitati-

481 862 708 920 essent
723 902 739 930 ,
758 855 829 918 in
844 852 1143 917 Lucretii
1160 851 1566 916 carminibus
1584 852 2016 918 recensendis
2034 900 2050 928 ,
2081 855 2397 937 quoniam
2414 863 2708 940 uterque

478 953 716 1019 eodem
746 951 1054 1036 exemplo
1084 950 1379 1036 scriptus
1410 956 1629 1025 esset,
1672 958 1893 1036 neque
1921 950 1968 1014 ii
1995 960 2256 1016 tantum
2285 974 2579 1038 usquam
2604 953 2704 1017 in-

476 1060 582 1116 ter
626 1073 700 1116 se
745 1057 1068 1137 quantum
1109 1049 1454 1113 Romanus
1499 1057 1567 1113 et
1608 1049 1959 1115 Mediceus
1988 1052 2293 1116 Maronis
2337 1052 2704 1117 dissentire

474 1157 759 1237 possent
776 1198 792 1226 ,
814 1150 981 1213 nihil
1007 1170 1170 1213 sane
1199 1147 1533 1234 agendum
1564 1156 1746 1212 esset
1770 1149 1900 1212 nisi
1920 1157 1999 1213 ut
2017 1150 2306 1237 paucula
2321 1197 2338 1224 ,
2359 1150 2433 1213 in
2457 1152 2705 1236 quibus

477 1271 708 1315 eorum
731 1250 1054 1314 alteruter
1075 1254 1428 1334 peccasset
1445 1293 1462 1322 ,
1483 1254 1915 1313 notarentur:
1937 1269 2091 1312 nam
2111 1247 2275 1333 quid
2290 1249 2515 1332 prima
2535 1247 2703 1333 quid

440 1400 453 1409 .
475 1349 606 1414 alia
633 1370 866 1423 manu,
891 1346 1056 1433 quid
1079 1348 1256 1410 inter
1282 1367 1523 1409 versus
1552 1352 1668 1408 aut
1696 1346 1768 1410 in
1794 1347 2092 1432 margine
2123 1345 2454 1431 scriptum
2484 1354 2668 1410 esset
2684 1394 2701 1421 ,

478 1448 641 1535 quid
668 1446 1017 1511 inductum
1048 1467 1312 1510 erasum
1340 1444 1872 1529 superscriptum
1898 1492 1915 1521 ,
1954 1444 2118 1530 quid
2161 1444 2454 1530 denique
2483 1446 2555 1509 vi
2583 1457 2703 1509 aut

473 1545 753 1611 madore
792 1544 1182 1619 interisset,
1218 1564 1298 1607 ea
1339 1544 1562 1607 omnia
1587 1542 1742 1607 libri
1778 1545 1996 1611 nostri
2031 1543 2539 1608 accuratissime
2584 1566 2699 1608 ex-

474 1662 714 1730 pressa
754 1649 1346 1729 repraesentarent
1374 1692 1388 1705 .
1423 1663 1656 1706 verum
1683 1641 1883 1707 huius
1911 1642 2097 1707 modi
2126 1643 2292 1706 artis
2319 1663 2462 1706 non
2488 1642 2698 1707 modo

470 1743 586 1808 illo
633 1750 935 1827 tempore
978 1740 1274 1806 studium
1300 1739 1430 1804 fuit
1455 1740 1706 1804 nullum
1733 1788 1751 1817 ‚
1784 1741 1968 1805 nulla
2007 1741 2317 1806 utilitatis
2360 1741 2658 1827 cognitio
2678 1788 2697 1816 ‚

474 1841 599 1906 sed
629 1862 715 1905 ne
742 1840 968 1905 multis
999 1839 1269 1925 quidem
1290 1839 1587 1924 postilla
1616 1839 1934 1904 saeculis:
1956 1861 2176 1925 neque
2204 1838 2560 1903 Iohannen
2585 1839 2697 1902 Io-

472 1940 739 2003 vianum
773 1938 1153 2003 Pontanum
1192 1960 1397 2002 unum
1442 1938 1663 2002 Taciti
1703 1938 1998 2004 libellum
2041 1946 2175 2003 tam
2219 1938 2699 2026 superstitiosa

472 2037 833 2104 sedulitate
872 2037 1385 2122 transcripsisse
1424 2036 1601 2101 ullus
1636 2037 1841 2100 homo
1886 2037 2213 2123 suspicari
2252 2037 2479 2123 potuit
2506 2084 2523 2113 ,
2564 2038 2698 2101 nisi

469 2137 821 2224 insigniter
848 2157 1211 2222 perversus
1230 2185 1243 2200 .
1266 2137 1498 2220 itaque
1520 2156 1602 2199 ea
1624 2136 1845 2200 omnia
1867 2135 2288 2200 auctoritatis
2315 2147 2660 2200 momenta
2675 2183 2694 2210 ,

473 2258 645 2323 quae
676 2283 691 2311 ‚
737 2236 794 2300 si
832 2236 1050 2321 ipsum
1081 2233 1425 2319 exemplar
1454 2240 1832 2298 ceterorum
1862 2234 2224 2321 archetypon
2250 2234 2656 2299 haberemus
2674 2281 2693 2309 ‚

470 2337 682 2400 oculis
705 2334 1058 2400 observari
1078 2340 1361 2417 possent
1386 2380 1402 2407 ‚
1437 2333 1534 2396 ita
1558 2331 1841 2396 confusa
1858 2339 2190 2418 apparent
2210 2339 2288 2396 ut
2308 2334 2695 2397 recensenti

374 2501 383 2510 ,
468 2435 660 2521 paria
687 2433 906 2498 videri
936 2431 1232 2497 debeant
1263 2480 1277 2495 .
1309 2431 1448 2495 hoc
1480 2430 1636 2495 dico
1657 2480 1672 2496 .
1695 2432 2097 2518 ubicumque
2125 2432 2527 2497 testimoniis
2554 2432 2693 2497 fide

468 2535 690 2621 dignis
732 2534 909 2596 inter
951 2553 1025 2596 se
1065 2529 1330 2595 collatis
1368 2531 1796 2616 perspicuum
1834 2538 1941 2595 est
1966 2532 2039 2595 in
2066 2531 2443 2618 archetypo
2475 2533 2691 2619 scrip-

468 2641 687 2697 turam
715 2631 923 2695 fuisse
955 2630 1288 2716 duplicem
1321 2627 1490 2713 (hoc
1520 2636 1743 2693 autem
1772 2630 1869 2693 ita
1898 2637 2035 2705 est,
2060 2630 2372 2715 quotiens
2403 2632 2693 2717 oblonyus

468 2740 537 2796 et
566 2732 903 2818 quadratus
942 2732 1119 2794 inter
1159 2750 1233 2792 se
1275 2727 1682 2792 dissentiunt
1709 2775 1725 2802 ,
1755 2749 1975 2813 neque
2020 2750 2249 2793 eorum
2288 2729 2689 2793 alterutrum

417 2892 427 2900 ,
465 2851 752 2916 peccare
782 2836 901 2892 aut
929 2850 965 2892 e
993 2828 1225 2892 schedis·
1255 2834 1373 2890 aut
1407 2848 1494 2891 ex
1533 2826 1766 2890 Italicis
1806 2827 1948 2890 sive
1987 2849 2188 2891 manu
2230 2828 2501 2912 scriptis
2543 2830 2689 2892 sive

464 2930 772 3014 impressis
817 2925 1181 3013 apparet),
1222 2925 1313 2989 ad
1356 2925 1818 2988 recensionem
1859 2924 2180 2989 iudicium
2225 2926 2688 2992 adhibendum

466 3033 572 3092 est
598 3074 613 3102 ,
645 3047 865 3110 neque
899 3032 1037 3088 tam
1073 3030 1260 3088 certo
1284 3031 1440 3087 utra
1461 3023 1799 3108 scriptura
1820 3023 2159 3109 antiquior
2179 3022 2386 3088 fuerit
2407 3024 2540 3088 dici
2561 3048 2684 3111 po-

461 3132 602 3190 test
629 3174 645 3202 ,
683 3146 897 3210 quam,
927 3130 1082 3187 utra
1124 3129 1242 3185 aut
1279 3144 1444 3187 vera
1485 3129 1601 3186 aut
1629 3142 1832 3186 verae
1873 3122 2157 3207 propior
2185 3123 2275 3187 sit
2315 3122 2685 3207 disputari.

464 3224 589 3289 sed
613 3245 737 3310 ego
764 3243 913 3286 cum
932 3220 1067 3285 hoc
1090 3221 1176 3286 de
1195 3223 1471 3286 testium
1501 3221 1812 3285 dissensu
1839 3221 2157 3286 iudicium
2184 3243 2403 3307 paene
2431 3223 2685 3307 ubique

464 3323 905 3403 certissimum
937 3327 1007 3384 et
1036 3329 1229 3385 extra
1258 3319 1625 3408 periculum
1649 3320 1938 3405 positum
1960 3319 2439 3385 intellexissem
2456 3370 2471 3396 ,
2498 3321 2685 3386 nolui

462 3420 723 3486 mendis
753 3467 770 3495 ,
811 3440 982 3505 quae
1023 3420 1093 3482 in
1135 3419 1348 3484 altero
1389 3419 1564 3484 libro
1600 3426 1828 3483 essent
1853 3466 1869 3493 ,
1905 3419 1975 3482 in
2005 3418 2219 3483 altero
2249 3440 2389 3482 non
2420 3427 2682 3494 essent,

462 3517 931 3586 enumerandis
959 3515 1257 3582 taedium
1287 3523 1357 3581 et
1382 3516 1545 3580 mihi
1575 3524 1645 3581 et
1683 3516 2048 3582 lectoribus
2073 3516 2316 3581 ,facere
2357 3519 2503 3581 sine
2542 3518 2683 3581 ullo

461 3619 550 3684 ad
577 3640 810 3683 verum
834 3615 1308 3682 inveniendum
1338 3615 1783 3680 emolumento
1809 3664 1822 3679 .
1846 3607 2002 3679 'scio
2036 3615 2308 3700 quidem
2333 3616 2588 3681 multos
2614 3618 2684 3679 in

457 3718 589 3782 hac
616 3740 692 3782 re
724 3716 1197 3781 confidentiam
1226 3736 1442 3779 meam
1472 3713 2006 3799 reprehensuros
2038 3736 2187 3778 esse
2213 3763 2230 3791 ‚
2269 3715 2382 3800 qui
2418 3715 2585 3779 mihi
2612 3714 2683 3779 id

459 3817 646 3901 quod
676 3817 806 3902 ipsi
831 3814 1067 3880 videre
1094 3814 1307 3879 velint
1337 3812 1523 3878 credi
1551 3813 1885 3900 postulem
1918 3837 1932 3877 :
1966 3812 2090 3877 sed
2130 3813 2201 3877 hi
2237 3819 2436 3877 erunt
2464 3813 2611 3879 fere
2636 3815 2682 3878 ii

461 3915 575 4000 qui
604 3921 722 3976 aut
752 3935 825 3977 se
856 3912 1126 4000 Heynio
1158 3920 1227 3976 et
1247 3912 1566 3998 Philippo
1583 3912 1930 3998 Wagnero
1965 3911 2050 3975 de
2065 3911 2379 3975 Mediceo
2397 3913 2685 3999 Vergilii

459 4012 695 4076 codice
723 4012 901 4075 idem
934 4010 1309 4075 concedere
1339 4058 1354 4086 ,
1376 4011 1713 4095 quoniam
1753 4011 1850 4075 illi
1878 4033 1952 4075 se
1979 4009 2189 4074 multa
2216 4010 2518 4074 tacuisse
2544 4033 2684 4074 non

458 4109 774 4173 dixerunt
801 4157 818 4185 ,
846 4110 1155 4174 nesciant
1171 4155 1187 4183 ,
1211 4116 1330 4172 aut
1345 4110 1416 4172 in
1434 4109 1716 4173 alienam
1741 4109 2150 4195 diligentiam
2168 4156 2183 4184 ,
2202 4115 2282 4171 ut
2301 4109 2555 4194 ingenii
2576 4111 2683 4174 sui

456 4209 937 4294 praestantiam
961 4214 1306 4271 ostentent
1321 4254 1336 4282 ,
1363 4208 1639 4292 cupiant
1658 4207 1993 4271 involare.
2020 4207 2263 4292 quibus
2287 4226 2413 4291 ego
2439 4214 2685 4271 auctor

456 4328 601 4368 sum
623 4311 701 4368 ut
722 4313 872 4381 aut,
903 4305 960 4367 si
988 4303 1284 4387 possint,
1313 4304 1509 4378 mihi,
1539 4302 1792 4367 homini
1823 4303 2093 4388 quidem
2120 4325 2342 4389 neque
2372 4326 2684 4369 errorum

456 4404 756 4486 experti,
785 4424 924 4466 non
952 4409 1177 4465 tamen
1204 4403 1398 4467 nimis
1427 4401 1767 4466 incurioso
1800 4409 1916 4466 aut
1944 4401 2358 4488 neglegenti,
2390 4403 2684 4468 credant
