2840 5008
1163 421 1225 487 ΙΙ

62 619 135 658 ne
158 617 265 659 res
299 595 395 658 ad
423 596 642 658 nilum
672 592 1056 677 redigantur
1084 591 1383 657 funditus
1418 618 1678 659 omnes:

61 732 197 773 nam
226 709 423 794 quod
457 728 749 792 cumque
777 707 910 770 suis
941 715 1261 799 mutatum
1289 707 1529 771 finibus
1561 711 1729 785 exit,

64 824 365 887 continuo
396 823 543 886 hoc
572 843 752 884 mors
784 829 886 884 est
912 822 1083 884 illius
1115 821 1302 906 quod
1331 822 1458 885 fuit
1487 831 1641 886 ante
1661 873 1674 887 .

9 955 28 1000 5
63 936 325 1022 proinde
360 937 605 1001 colore
638 956 795 998 cave
827 935 1173 1018 contingas
1205 937 1455 999 semina
1482 959 1737 1012 rerum,

62 1073 133 1115 ne
158 1052 274 1116 tibi
304 1073 423 1116 res
456 1049 743 1114 redeant
771 1048 858 1111 ad
888 1048 1089 1111 nilum
1117 1048 1416 1113 funditus
1450 1073 1706 1115 omnes,

133 1164 505 1228 Praeterea
535 1165 591 1226 si
621 1163 799 1226 nulla
829 1163 1069 1227 coloris
1100 1164 1439 1249 principiis
1471 1173 1574 1228 est

64 1279 314 1342 reddita
342 1286 602 1342 natura
636 1288 701 1342 et
727 1278 926 1341 variis
958 1284 1111 1340 sunt
1139 1277 1447 1362 praedita
1472 1278 1734 1353 formiS,

66 1413 95 1453 6
123 1393 357 1477 quibus
392 1380 598 1455 omne
628 1411 836 1476 genus
865 1391 1143 1475 gignunt
1170 1394 1565 1476 variantque
1596 1395 1855 1459 colores

9 1516 31 1569 0
62 1515 412 1591 propterea
433 1555 450 1580 ‚
475 1505 698 1589 magni
729 1504 911 1589 quod
939 1505 1150 1569 refert
1178 1507 1430 1570 semina
1462 1528 1766 1593 quaeque

64 1641 194 1683 cum
223 1621 480 1705 quibus
517 1626 586 1681 et
618 1618 792 1702 quali
823 1619 1128 1704 positura
1159 1621 1624 1685 contineantur
1741 1626 1746 1627 ⁷

10 1738 13 1755 '
66 1741 123 1795 et
150 1755 310 1817 quos
342 1735 536 1797 inter
567 1754 640 1795 se
672 1732 834 1796 dent
860 1741 1081 1796 motus
1111 1735 1601 1819 accipiantque,

62 1847 359 1932 perfacile
396 1847 740 1931 extemplo
770 1848 1095 1910 rationem
1125 1847 1411 1911 reddere
1441 1851 1689 1933 possiS,

10 2008 13 2015 .
65 1983 165 2024 cur
194 1983 271 2024 ea
302 1984 489 2048 quae
521 1962 715 2046 nigro
745 1960 994 2024 fuerint
1021 1962 1222 2047 paulo
1255 1970 1409 2027 ante
1441 1964 1694 2038 colore,

9 2088 29 2133 ε
60 2097 418 2140 marmoreo
450 2076 602 2139 fieri
631 2076 892 2160 possint
923 2075 1218 2143 candore
1247 2085 1559 2162 repente3

61 2198 123 2253 ut
145 2212 324 2254 mare
345 2240 361 2266 ,
389 2213 549 2255 cum
579 2191 798 2273 magni
831 2198 1249 2254 commorunt
1277 2212 1574 2275 aequora
1602 2194 1782 2256 venti
1799 2242 1814 2267 ‚

61 2306 335 2368 vertitur
361 2306 437 2369 in
474 2325 685 2367 canos
717 2303 1027 2367 candenti
1057 2326 1381 2368 marmore
1411 2304 1685 2369 fluctus:

61 2416 261 2481 dicere
296 2420 481 2482 enim
513 2418 1049 2502 possiS‚‘nigrum
1081 2418 1264 2503 quod
1296 2440 1497 2504 saepe
1525 2420 1862 2496 videmuS‚

10 2509 13 2600 }
61 2535 352 2597 materies
385 2534 511 2596 ubi
542 2533 873 2619 permixta
903 2542 1007 2597 est
1033 2535 1204 2597 illius
1238 2541 1305 2597 et
1334 2533 1503 2598 ordo

9 2633 30 2714 b
59 2649 382 2734 principiis
416 2654 718 2710 mutatus
752 2654 819 2711 et
848 2646 1079 2711 addita
1109 2648 1510 2734 demptaque
1542 2649 1867 2733 quaedam
1886 2698 1901 2723 ‚

10 2737 13 2790 ὲ
62 2763 365 2826 continuo
398 2760 478 2824 id
506 2760 652 2823 fieri
680 2769 756 2825 ut
785 2761 1075 2825 candens
1105 2763 1415 2827 videatur
1446 2771 1511 2826 et
1540 2763 1791 2827 album.

10 2869 13 2978 i
63 2876 228 2958 quod
256 2878 315 2939 si
349 2874 686 2940 caeruleis
720 2867 1105 2940 constarent
1135 2898 1431 2962 aequora
1458 2879 1651 2962 ponti

10 3039 13 3096 4
61 2991 409 3055 seminibus
432 3039 448 3066 ‚
475 2989 659 3052 nullo
687 2997 969 3074 possent
999 2990 1335 3054 albescere
1364 2999 1596 3077 pacto:

10 3121 11 3192 ᾗ
60 3125 190 3168 nam
220 3128 362 3190 quo
399 3123 692 3187 cumque
721 3096 924 3167 modo
955 3106 1308 3189 perturbes
1340 3106 1606 3169 caerula
1638 3127 1807 3190 quae
1838 3108 2001 3181 sint,

9 3197 30 3278 ἓ
58 3241 408 3306 numquam
438 3219 513 3282 in
542 3239 979 3282 marmoreum
1009 3227 1298 3303 possunt
1323 3220 1606 3305 migrare
1638 3222 1957 3285 colorem.

63 3334 147 3395 sin
174 3335 302 3398 alio
338 3341 556 3417 atque
588 3332 715 3396 alio
747 3341 905 3397 sunt
934 3334 1184 3397 semina
1211 3334 1420 3398 tincta
1450 3335 1707 3410 colore,

63 3468 213 3529 quae
242 3449 459 3513 maris
493 3446 793 3517 efficiunt,
817 3470 1017 3511 unum
1047 3470 1419 3535 purumque
1442 3450 1734 3513 *nitorem
1755 3498 1768 3525 ,

60 3569 123 3624 ut
147 3584 352 3649 saepe
391 3585 481 3626 ex
511 3561 654 3624 aliis
682 3561 910 3626 formis
941 3563 1274 3648 variisque
1302 3564 1528 3648 figuris

10 3721 11 3724 η
60 3675 326 3740 efficitur
366 3675 691 3761 quiddam
724 3676 1122 3760 quadratum
1152 3698 1418 3762 unaque
1447 3678 1688 3762 figura,

9 3797 29 3874 ρ
60 3793 538 3866 conveniebat,
562 3798 639 3854 ut
664 3790 733 3853 in
764 3790 1095 3875 quadrato
1129 3792 1455 3855 cernimus
1487 3813 1633 3855 6886

60 3901 404 3968 dissimiles
435 3903 688 3968 formas
707 3952 722 3978 ,
744 3905 839 3968 ita
867 3925 1140 3969 cernere
1170 3908 1237 3969 in
1267 3926 1560 3990 aequore
1590 3905 1780 3991 ponti

10 4007 13 4024 '
59 4026 163 4081 aut
189 4021 322 4084 alio
358 4021 427 4082 in
460 4019 703 4103 quovis
733 4040 867 4082 uno
897 4041 1201 4106 puroque
1231 4021 1450 4084 nitore

2231 430 2321 495 65

60 4303 146 4348 759
182 4302 507 4370 omnigenus
565 4300 586 4368 ΙΙ
643 4303 741 4350 760
780 4297 1067 4352 Praeterea
1120 4300 1140 4368 ΙΙ
1203 4305 1298 4352 763
1348 4300 1593 4369 exemplo
1647 4301 1666 4368 ΙΙ
1723 4305 1819 4351 765
1868 4304 2094 4367 possunt
2148 4296 2167 4362 ΙΙ
2223 4302 2317 4346 779

58 4380 273 4449 figuras,
314 4382 336 4451 ΙΙ
376 4389 476 4435 780
514 4383 593 4434 uti
632 4381 653 4449 [Ι
689 4385 786 4432 781
829 4396 1057 4449 aequora

1876 4478 1913 4538 5
