2840 5008
531 374 622 441 82
1612 374 1675 443 11

531 547 691 622 4,19
717 569 779 620 v,
797 546 854 621 3,
872 547 953 610 59
983 596 997 611 .
1050 547 1427 634 dactylicos
1479 556 1701 613 autem
1748 550 2063 616 heroicos
2108 553 2305 619 binos
2351 557 2448 620 ita
2489 578 2714 644 semper

433 671 438 676 ·
534 645 1057 720 coniunxerunt,
1094 654 1170 710 ut
1202 648 1525 710 continua
1555 655 1737 712 esset
1763 670 1984 733 neque
2011 650 2395 737 interrupta
2423 654 2713 730 εγκᾶφεια.

533 765 694 830 ergo
726 742 836 806 hic
860 743 1017 829 pedi
1040 749 1235 807 sexto
1260 744 1605 828 spondeus
1630 748 1946 811 convenit
1961 795 1977 822 ‚
2006 770 2144 813 non
2166 749 2526 832 trochaeus
2543 801 2557 814 .
2585 752 2712 815 dac·

531 842 676 929 tylo
725 843 838 926 qui
883 863 1045 906 usus
1092 841 1182 904 sit
1221 864 1424 905 unum
1469 840 1782 907 Ovidium
1821 845 2090 910 invenio
2114 894 2130 921 ‚
2178 847 2235 910 si
2276 847 2478 912 modo
2517 871 2712 913 verum

533 949 636 1006 est
681 962 828 1005 eum
872 941 941 1004 in
984 938 1624 1026 metamorphoseon
1662 963 1781 1016 xn,
1799 941 1920 1006 395
1966 944 2321 1028 scripsisse
2364 946 2575 1011 Barba
2612 958 2716 1009 erat

529 1040 823 1125 incipiens
850 1087 867 1117 ‚
925 1038 1150 1101 barbae
1206 1038 1371 1101 color
1427 1061 1653 1102 aureus
1678 1088 1696 1117 ,
1756 1063 2064 1127 aureaque
2120 1044 2194 1105 es:
2249 1046 2477 1107 umeris
2527 1045 2714 1107 medios

533 1162 705 1203 coma
745 1137 1111 1222 dependebat
1147 1137 1214 1198 in
1254 1157 1460 1198 armo-s·
1480 1161 1501 1196 .·
1537 1157 1691 1199 nam
1735 1138 2141 1222 exemplaria
2167 1141 2355 1204 bona
2384 1148 2451 1204 et
2478 1141 2713 1224 antiqua

533 1236 755 1301 omnia
793 1235 1051 1299 habent
1091 1256 1284 1298 aurea
1313 1233 1420 1297 Ex
1460 1235 1720 1297 amris.
1763 1234 1895 1300 hoc
1936 1238 2381 1302 certissimum
2419 1247 2554 1313 est,
2589 1258 2712 1323 per·

530 1356 761 1420 peram
798 1334 870 1397 in
898 1332 1169 1395 Horatii
1210 1353 1593 1397 sermonum
1622 1356 1666 1408 1,
1683 1333 1742 1407 2,
1759 1333 1840 1397 62
1879 1334 2242 1420 plerosque
2281 1337 2571 1401 scribere
2596 1335 2715 1421 qaid

528 1435 684 1496 inter
699 1469 726 1480 -
746 1431 861 1495 Est
897 1432 964 1491 in
990 1439 1272 1492 matrona
1299 1431 1529 1493 ancilla
1543 1454 1838 1514 peccesne
1865 1443 2069 1516 toyata
2089 1433 2120 1495 52
2160 1441 2229 1496 et
2256 1435 2558 1519 imperite
2585 1433 2711 1497 Ser-

530 1531 680 1593 vius
702 1528 773 1590 in
788 1524 1125 1589 Aeneido‘s
1146 1547 1209 1600 X,
1221 1524 1345 1587 496
1369 1524 1535 1587 dicit
1553 1525 2062 1610 hypermetrum
2082 1551 2360 1595 versum
2382 1553 2524 1595 esse
2545 1551 2713 1616 posse

529 1625 807 1689 inmania
821 1623 1105 1707 pondera
1133 1623 1314 1685 baltei
1339 1623 1795 1710 ¹impressumque
1815 1625 1991 1711 nefas·
2007 1676 2020 1689 .
2042 1627 2113 1690 in
2135 1626 2434 1692 disticho
2459 1629 2710 1714 elegiaco

533 1722 831 1788 Catullus
871 1719 1130 1807 syllaba
1168 1721 1370 1806 longa
1398 1742 1562 1785 usus
1594 1730 1700 1786 est
1733 1723 1867 1798 115,
1886 1723 1924 1787 5
1943 1771 1959 1799 ,
1991 1725 2221 1807 Prata,
2266 1751 2453 1807 arva,
2488 1729 2711 1812 inqentes

529 1823 711 1887 silvas
756 1820 1060 1905 saltusque
1096 1820 1475 1904 paludesque
1523 1824 1711 1906 ils-que
1759 1822 1845 1885 ad
1886 1821 2316 1910 Hyperboreos
2363 1837 2418 1889 et
2456 1850 2609 1889 mare
2646 1823 2713 1886 ad

540 1920 845 1986 Oceanum
866 1966 879 1979 .
2217 1985 2225 1988 Ἰ
2781 1983 2782 1990 1

703 2017 838 2081 120.
872 2014 1310 2080 Conc1L1is
1334 2064 1347 2077 .
1380 2015 1584 2099 Apud
1612 2015 1906 2081 Nonium
1934 2042 1996 2104 p.
2016 2019 2131 2094 6,ss
2169 2021 2471 2103 Concilis3
2498 2021 2576 2089 de
2601 2039 2709 2103 quo

532 2117 794 2182 dicetur
825 2114 912 2178 ad
943 2114 1184 2179 librum
1214 2137 1275 2190 v,
1292 2113 1372 2177 85
1392 2163 1406 2176 .
1437 2113 1524 2177 ad
1556 2116 1862 2200 proxima
1892 2117 2298 2183 scholiastes
2327 2119 2570 2184 Lucani
2591 2138 2708 2180 res·

531 2214 696 2303 picit
733 2214 906 2278 li-bro
952 2237 1039 2288 ιχ,
1059 2213 1214 2287 563,
1256 2213 1373 2276 ubi
1409 2211 1581 2276 haec
1620 2213 1933 2298 leguntur
1964 2264 1976 2277 .
2030 2216 2154 2279 Hic
2184 2220 2495 2303 exemplar
2506 2217 2706 2302 posuit,
2781 2243 2782 2296 χ

538 2315 855 2379 Lucretius
883 2314 1225 2397 exemplare
1240 2312 1480 2396 posuit,
1520 2335 1629 2375 nos
1654 2314 1721 2375 in
1748 2336 1864 2376 usu
1890 2316 2231 2399 exemplum
2259 2317 2551 2379 dicimus:
2584 2313 2707 2376 adeo
2780 2307 2782 2452 A

529 2414 734 2478 omnia
775 2422 916 2476 sant
957 2410 1188 2474 Latina
1211 2457 1226 2472 .
1273 2409 1702 2474 scribendum
1749 2418 1854 2474 est
1896 2436 2006 2477 nos
2049 2415 2115 2476 in
2156 2437 2274 2476 usu
2315 2412 2706 2499 exemplarium

529 2513 786 2575 dicimus
807 2537 828 2574 .·
872 2510 968 2574 sic
1009 2509 1182 2574 enim
1225 2507 1541 2574 dicebant
1562 2556 1578 2584 ‚
1623 2508 1760 2573 hoc
1801 2513 2239 2596 exemplariwn
2255 2560 2272 2587 ‚
2317 2513 2511 2577 huius
2542 2530 2703 2575 exem-

518 2611 718 2694 plar-ii
733 2658 750 2688 ,
779 2608 915 2672 hoc
945 2608 1315 2693 exemplario
1331 2655 1348 2686 ,
1378 2607 1541 2671 item
1570 2609 1859 2672 altarium
1889 2617 1959 2672 et
1986 2611 2208 2674 altario
2226 2660 2239 2673 .

703 2707 839 2770 134.
864 2730 904 2769 0
925 2727 1365 2770 orielem-ra
1386 2753 1400 2768 .
1430 2705 1585 2769 Itali
1614 2714 1683 2770 et
1709 2706 2020 2791 impressi
2051 2730 2568 2772 consumto.

705 2804 837 2867 136.
890 2826 1249 2868 1NPULsA
1302 2827 1696 2879 mmm-111³,
1756 2805 2116 2881 IPsAQUE
2168 2830 2430 2872 PORRO
2481 2822 2698 2870 PAULO
2779 2802 2780 2807 ’

530 2923 842 2969 MAIORA
881 2923 1370 2965 LAcssssuN‘r.
1413 2902 1879 2986 Antiquissimi
1908 2912 2335 2970 correctores
2365 2923 2700 2970 cucuron.

528 3009 670 3064 tum
694 2999 1030 3063 Antonius
1050 2999 1251 3062 Marii
1280 3000 1528 3084 Ictaque
1556 3023 1712 3084 quae
1731 3024 1923 3084 porro
1938 3049 1955 3079 ,
1977 3001 2310 3067 Marullus
2335 3025 2479 3068 cum
2500 2997 2700 3065 ceteris

528 3102 794 3187 Ipsaque
832 3122 988 3184 quae
1016 3120 1212 3181 porro
1239 3099 1437 3181 paulo
1474 3099 1717 3162 maiora
1736 3147 1754 3178 ,
1800 3100 2012 3163 verbo
2049 3102 2475 3166 substantivo
2505 3105 2700 3164 contra

529 3196 827 3262 Lucretii
847 3192 1400 3258 consuetudinem
1426 3194 1802 3259 deficiente.
1825 3197 2056 3281 itaque
2076 3199 2251 3262 malo
2269 3200 2529 3286 Ipsaque
2547 3215 2696 3259 Pno-

530 3317 787 3360 PORRo
822 3295 1017 3378 paulo
1043 3293 1285 3357 maiora
1313 3295 1610 3357 lacessunt
1628 3342 1641 3356 .
1679 3292 1814 3357 hoc
1844 3295 2168 3361 adverbio
2188 3345 2204 3372 ‚
2235 3298 2421 3380 quod
2448 3287 2698 3360 Lucretii

529 3394 879 3480 proprium
901 3413 1049 3455 esse
1072 3398 1315 3477 putant
1332 3439 1347 3466 ‚
1375 3390 1671 3454 Lucilius
1696 3412 1967 3476 quoque
1988 3415 2151 3457 usus
2175 3395 2372 3458 estin
2390 3395 2552 3458 libro
2571 3408 2697 3458 xxx,

528 3514 780 3579 sperans
825 3491 1053 3554 lactare
1089 3513 1186 3552 me
1229 3490 1481 3553 eandem
1513 3487 1694 3553 Hane
1722 3513 2033 3577 proporro
2061 3515 2243 3576 posse
2283 3504 2342 3556 et
2363 3511 2616 3556 man-mm
2638 3504 2697 3553 θῶ·

530 3614 635 3656 ore
652 3592 977 3671 daturum5
1001 3610 1175 3673 quae
1195 3590 1407 3653 verba
1427 3589 1707 3652 nutricis
1730 3596 1918 3653 sunt:
1942 3591 2012 3653 in
2033 3589 2236 3654 Nonii
2257 3615 2321 3677 p.
2341 3587 2554 3665 140,13
2571 3580 2697 3648 libri

528 3702 781 3775 sperans
807 3698 1060 3752 aetatem
1087 3689 1338 3751 eandem
1364 3687 1515 3757 baec
1528 3685 1819 3773 proferro
1833 3700 2039 3772 posset
2053 3738 2067 3752 .

701 3786 835 3850 144.
863 3785 1185 3850 Pmmmu
1219 3805 1544 3849 AURORA
1574 3805 1845 3848 Novou
1875 3807 2027 3848 cum
2057 3807 2400 3849 SPARGIT
2430 3796 2693 3847 numm:

533 3909 572 3949 'r
586 3908 623 3948 E
638 3907 734 3947 RR
749 3906 794 3946 A
810 3907 841 3947 s
859 3933 872 3946 .
907 3884 1371 3968 Antiquissimi
1402 3889 1822 3947 correctores
1853 3907 1899 3946 N
1915 3905 1955 3946 0
1970 3905 2068 3947 vo
2089 3933 2104 3947 .
2133 3881 2467 3969 Vergilius
2492 3876 2696 3945 Aenei-

532 3982 660 4047 dos
705 4005 794 4056 1x‚
812 3981 934 4046 459
964 3980 1054 4047 Εἰ
1088 3984 1216 4045 iam
1244 3984 1461 4067 prima
1492 4004 1642 4045 novo
1679 3982 1998 4066 sparqebat
2022 3982 2247 4044 lumine
2274 3992 2463 4045 terras
2498 3971 2697 4041 Tithoni

532 4104 807 4146 croceum
850 4081 1123 4166 linquens
1166 4103 1397 4144 aurora
1441 4080 1675 4161 cubile5
1727 4080 1913 4163 quod
1952 4077 2228 4143 Servius
2267 4075 2696 4142 Lucretianum

531 4202 681 4247 esse
712 4179 876 4243 dicit
898 4228 911 4241 .
943 4185 1231 4263 apparet
1257 4185 1482 4242 autem
1510 4176 1878 4262 Vergilium
1907 4178 2229 4263 temporis
2257 4170 2696 4262 significatione

529 4278 871 4364 accepisse
886 4276 1165 4360 primum
1179 4324 1196 4354 ,
1219 4296 1357 4340 non
1379 4275 1635 4339 ordinis
1653 4323 1669 4349 ‚
1690 4282 1767 4339 ut
1782 4274 2144 4339 Creechius
2168 4283 2236 4340 et
2248 4265 2694 4340 Wakefieldus.
