2840 5008
290 580 472 644 1270.
498 601 784 642 rurus
825 599 1072 641 summ
1108 598 1437 641 oss113us
1476 598 1632 639 UNA
1661 575 2111 642 Vmizmnus
2146 602 2340 642 ΤΑΕ-

126 703 298 744 rms
346 701 608 742 raom:
655 699 802 740 IAM
847 698 1269 751 soannoun
1317 697 1684 738 sEPUL'rA
1717 722 1730 737 .
1788 676 2139 740 Via-aeribus
2178 699 2342 762 qua-

127 778 357 842 dratus
382 823 398 850 ‚
446 782 795 839 corrector
839 775 1113 860 oblongi
1155 774 1491 838 Visceribus
1514 800 1534 836 .·
1576 773 1636 837 U
1650 797 1687 835 L
1706 796 1740 836 c
1754 796 1792 835 E
1809 797 1851 837 R
1867 797 1889 836 1
1905 798 1943 836 B
1960 797 1998 837 u
2015 798 2047 838 s
2077 775 2344 842 Lambi—

125 897 244 939 nus
268 923 282 939 .
325 874 511 938 idem
555 875 754 937 sonn‘
773 895 958 950 mur:
984 922 997 935 .
1045 873 1169 937 sed
1199 873 1284 937 de
1313 872 1490 957 pelle
1522 871 1838 936 sordibus
1855 894 2054 957 prope
2079 875 2209 936 iam
2237 895 2343 937 se—

124 973 309 1057 pulta
337 993 562 1058 nugae
592 978 782 1045 sunt,
815 971 1009 1055 quasi
1038 970 1544 1051 consuetudinis
1573 969 1662 1033 sit
1689 976 2105 1034 mortuorum
2132 971 2343 1056 pelles

124 1070 384 1134 humari
415 1119 428 1133 .
492 1091 703 1154 quare
754 1069 1128 1154 prudenter
1177 1069 1506 1133 Marullus
1558 1068 1829 1154 scripsit
1875 1070 2120 1153 sepultis
2144 1094 2168 1151 ,-
2215 1069 2344 1132 ni‘si

128 1168 307 1252 quod
339 1170 560 1232 oratio
594 1169 857 1253 aptiore
891 1168 1159 1232 vinculo
1202 1169 1552 1253 iungetur,
1600 1168 1656 1231 si
1700 1167 2067 1243 scribemus
2107 1190 2343 1230 PELLI

126 1289 302 1350 super
339 1267 571 1333 ossibus
604 1289 733 1330 una
754 1292 775 1328 .·
815 1286 970 1328 nam
1011 1266 1080 1329 in
1120 1266 1252 1351 hac
1296 1265 1575 1330 ablativi
1603 1265 1821 1329 forma
1848 1265 2032 1329 nulla
2062 1264 2343 1328 Offensio

130 1370 228 1434 est
245 1411 260 1437 ‚
292 1385 517 1448 neque
551 1362 787 1428 dubito
821 1364 981 1447 quin
1009 1364 1079 1426 in
1104 1364 1238 1427 Ciri
1261 1364 1383 1427 505
1404 1370 1591 1427 recte
1615 1363 1921 1447 plerique
1949 1362 2347 1446 scripserint

136 1463 332 1526 Crura
357 1486 520 1527 nova
545 1463 770 1551 macies
797 1463 1046 1526 obduxit
1071 1463 1353 1548 squalida
1369 1462 1529 1546 pelli
1548 1508 1561 1523 .
1583 1460 1799 1541 ⁸nihilo
1823 1461 2039 1524 minus
2059 1460 2171 1524 hic
2194 1481 2346 1523 ver—

130 1581 238 1622 sus
259 1608 275 1633 ‚
314 1561 605 1645 Corporis
644 1561 868 1623 inluvie
889 1608 906 1638 ,
940 1561 1096 1644 pelli
1120 1583 1304 1645 super
1332 1560 1560 1624 ossibus
1587 1583 1715 1622 una
1733 1607 1751 1638 ,
1795 1559 1995 1622 valde
2023 1559 2345 1623 molestus

132 1665 232 1720 est
252 1705 268 1731 ‚
313 1680 462 1721 cum
508 1657 710 1721 modo
748 1658 1244 1741 praecesserint
1269 1659 1602 1721 semanimo
1634 1680 1770 1720 cum
1799 1679 2050 1742 corpore
2077 1658 2349 1720 membra

131 1753 406 1819 Horrida
422 1757 699 1841 paedore
724 1803 737 1818 .
765 1757 997 1840 itaque
1021 1756 1201 1820 hunc
1223 1778 1489 1820 versum
1514 1777 1555 1819 a
1574 1756 1890 1820 Lucretio
1913 1777 2052 1820 non
2076 1778 2154 1820 eo
2189 1778 2348 1820 con·-

132 1852 273 1917 silio
307 1854 636 1936 scriptum
668 1874 815 1918 esse
846 1855 1154 1918 existimo
1175 1902 1190 1929 ‚
1220 1861 1297 1917 ut
1327 1855 1571 1918 ceteris
1600 1855 1698 1917 ita
1725 1862 1802 1917 ut
1830 1877 2008 1929 nunc
2034 1855 2351 1941 leguntur

134 1952 518 2015 constitutis
549 1957 934 2014 servaretur
960 1999 973 2013 .
1021 1950 1319 2014 similiter
1359 1950 1650 2013 iudicavi
1694 1973 1902 2034 supra
1948 1951 2033 2015 de
2061 1952 2141 2015 iis
2177 1973 2350 2037 quae

135 2056 288 2112 sunt
308 2050 375 2112 in
398 2072 469 2123 11,
491 2047 611 2111 522
631 2097 648 2122 ,
678 2047 764 2111 de
787 2068 988 2111 versu
1018 2047 1172 2111 libri
1194 2071 1271 2110 111
1300 2047 1453 2117 1031
1476 2095 1495 2126 ‚
1527 2046 1613 2110 de
1642 2046 1800 2110 1230
1826 2056 1892 2110 et
1922 2049 2081 2113 1328
2105 2051 2351 2133 quinti,

133 2146 419 2232 itemque
452 2146 541 2210 de
570 2146 771 2210 huius
799 2145 952 2208 libri
981 2145 1061 2209 85
1094 2168 1243 2209 cum
1270 2145 1595 2229 proximis
1618 2194 1631 2207 .
1673 2144 1779 2207 his
1814 2147 2131 2210 convenit
2159 2154 2350 2220 nota,

138 2244 218 2308 de
264 2267 395 2330 qua
440 2245 614 2309 haec
657 2245 914 2327 scripta
959 2251 1196 2307 extant
1233 2245 1304 2308 in
1344 2243 1568 2308 libello
1615 2243 1701 2307 de
1739 2243 1919 2306 notis
1961 2242 2315 2309 Probianis
2336 2291 2350 2307 .

136 2345 452 2429 antisiyma
483 2366 620 2406 cum
633 2354 858 2427 puncto
868 2344 1212 2427 ponebatur
1232 2366 1371 2407 cum
1400 2343 1662 2406 eiusdem
1686 2365 1893 2406 sensus
1919 2366 2124 2406 versu-s·
2151 2344 2349 2428 dupli-

140 2465 232 2506 ces
259 2453 449 2508 essent
478 2453 535 2506 et
560 2443 931 2506 dubitaretur
958 2442 1066 2529 qui
1080 2443 1288 2527 potius
1316 2442 1552 2527 leyendi
1570 2490 1583 2502 .
1612 2442 1700 2503 sic
1727 2450 1783 2503 et
1809 2441 1979 2525 apud
2002 2450 2235 2504 nostros
2252 2490 2265 2504 .

302 2541 483 2604 1272.
504 2563 905 2617 ,nnnunnA
962 2564 1429 2604 RELLERAT.
1492 2541 1854 2604 Corrector
1898 2539 2171 2626 oblongi
2215 2563 2351 2603 RE-

138 2660 493 2702 PLERAT.

305 2736 483 2800 1273.
518 2758 1060 2813 omnuim-Aous
1092 2760 1388 2802 rAssnu
1416 2737 1749 2801 CuNc‘rA
1781 2758 2354 2800 CAntx-vnmnus

68 2833 81 2844 “
143 2855 623 2897 CAELESTUM
666 2857 983 2897 TEMPLA
1025 2857 1413 2899 MANEBAT
1446 2886 1459 2900 .
1507 2834 1896 2914 Quadratus
1941 2835 2243 2899 manebit.
2287 2836 2356 2898 in

139 2930 266 2995 hoc
286 2931 625 2996 vocabulo
658 2954 737 2995 ea
767 2932 1023 2996 scheda
1047 2932 1301 3006 codicis
1325 2934 1676 3020 archetypi
1703 2932 2057 2997 deSinebat
2082 2954 2216 3017 qua
2236 2954 2356 3019 pa-

142 3028 330 3113 ginae
372 3029 529 3094 libri
573 3031 747 3093 sexti
789 3053 1002 3094 imvm
1049 3038 1117 3094 et
1156 3054 1316 3094 xmx
1359 3033 1880 3097 continebantur
1903 3079 1918 3106 ‚
1966 3051 2179 3114 eaque
2211 3038 2357 3094 erat

139 3129 548 3210 paenultima
591 3127 842 3192 codicis
867 3153 883 3205 3
928 3151 1063 3213 quo
1105 3130 1323 3193 minus
1366 3131 1601 3193 mirum
1633 3138 1737 3193 est
1758 3176 1773 3204 ‚
1820 3129 2017 3212 siqua
2058 3127 2359 3192 litterula

138 3224 247 3289 hic
274 3226 569 3292 librariis
597 3227 850 3289 nostris
880 3248 1016 3290 non
1047 3228 1214 3290 satis
1245 3228 1429 3291 clara
1457 3226 1586 3291 fuit
1608 3274 1623 3289 .
1666 3227 1797 3290 iam
1840 3232 2060 3289 totum
2090 3234 2358 3290 senten—

139 3324 271 3389 tiae
303 3326 623 3389 ambitum
654 3324 1041 3389 considera.
1075 3327 1297 3390 omnia
1327 3325 1613 3390 delubra
1638 3348 1801 3390 mors
1831 3325 2233 3408 corporibus
2262 3350 2359 3391 re·-

113 3465 118 3468 -
135 3424 405 3506 pleverat
422 3428 490 3486 et
507 3422 758 3507 templa
775 3423 1053 3488 deorum
1073 3432 1319 3489 cuncta
1338 3421 1785 3489 cadaveribus
1802 3432 2085 3510 gravata
2102 3425 2332 3488 tenebat
2339 3450 2363 3506 ‚-

145 3542 313 3604 quae
336 3523 489 3585 loca
512 3520 765 3586 aeditui
784 3513 1164 3612 hospitibus
1190 3525 1566 3610 complerant
1578 3523 1749 3586 vivis
1770 3530 1837 3585 et
1855 3522 2135 3588 salutem
2156 3542 2361 3604 quae-

145 3622 447 3685 rentibus
481 3669 492 3682 .
553 3620 998 3705 Thucydides
1043 3621 1116 3682 ra
1163 3644 1233 3683 τε
1277 3618 1405 3706 ispa
1453 3620 1525 3685 ἐΝ
1574 3618 1661 3681 οἷς
1708 3619 2057 3683 &catinum-o
2106 3616 2360 3702 ΝεκΡῶΝ

100 3757 115 3766 „
145 3717 300 3780 mea
335 3715 446 3789 fin,
480 3716 668 3788 άῨτοῨ
704 3717 1320 3781 ὲΝάποθΝΗεκόΝτωΝ
1344 3768 1355 3779 .
1383 3718 1576 3804 posui
1599 3718 1670 3781 id
1697 3718 1975 3781 verbum
2001 3715 2187 3801 quod
2212 3737 2363 3779 ora-

145 3814 395 3878 tionem
426 3819 573 3875 arte
607 3822 674 3875 et
706 3814 1048 3898 eleganter
1079 3823 1499 3889 conecteret‚
1531 3815 1663 3882 hoc
1689 3822 1792 3878 est
1821 3836 2220 3888 ΤΕΝΕΒΛΤ,
2253 3835 2364 3877 eo-

147 3931 275 3993 que
307 3912 453 3975 solo
485 3916 691 3993 poeta
718 3910 829 3972 hic
858 3912 958 3974 uti
978 3913 1234 3994 potuit.
1265 3921 1337 3977 at
1359 3900 1688 3976 Marullus
1711 3912 1921 3975 Italos
1946 3919 2219 3975 secutus
2242 3932 2367 3974 nec

148 4011 313 4073 satis
356 4008 628 4096 proprie
672 4007 945 4091 scripsit
984 4021 1233 4072 onerata
1274 3997 1497 4095 templa
1533 4011 1895 4089 manebant,
1941 4020 2010 4073 et
2051 4032 2131 4073 eo
2163 4008 2365 4073 modo

151 4127 234 4168 ex
265 4107 532 4172 duobus
561 4106 875 4170 membris
905 4107 1037 4169 tria
1065 4107 1227 4171 fecit
1249 4155 1264 4181 ,
1309 4130 1596 4192 quorum
1638 4108 1937 4172 ultimum
1969 4108 2038 4171 in
2069 4106 2367 4171 eiusdem

149 4205 336 4266 vocis
358 4204 760 4288 repetitione
786 4225 919 4267 non
952 4204 1118 4267 satis
1151 4226 1235 4267 ex
1267 4212 1412 4269 arte
1438 4206 1526 4269 ad
1551 4207 1833 4290 primum
1858 4206 2137 4289 respicit
2154 4252 2168 4267 .
2201 4206 2368 4267 aedi-

150 4309 370 4364 tuentes
398 4323 524 4385 pro
555 4294 845 4366 aedituis
874 4301 944 4364 in
974 4302 1261 4366 carmine
1293 4323 1415 4366 suo
1441 4302 1825 4367 Lucretium
1849 4302 2191 4387 appellare
2218 4299 2369 4364 Gel-

150 4394 280 4460 lius
311 4399 570 4463 rettulit
598 4399 771 4464 libro
802 4424 920 4477 xn,
945 4400 1019 4463 lO
1040 4450 1052 4463 .
1908 4390 1915 4400 ’
2325 4393 2328 4398 ’

2353 2208 2371 2239 Ι
