2840 5008
1207 426 1237 492 I

79 611 153 667 est
174 602 388 687 igitur
413 651 428 676 ‚
456 602 537 663 ni
573 601 815 662 mirum
836 647 850 672 ,
871 597 940 660 id
971 597 1156 681 quod
1184 599 1447 661 ratione
1478 601 1699 684 sagaci

71 718 436 802 quaerimus
460 765 477 791 ,
506 713 886 777 admixtum
913 712 1117 775 rebus
1135 759 1149 785 ,
1175 711 1363 797 quod
1390 713 1587 776 inane
1617 735 1962 778 vocamus,

127 831 294 895 Illud
323 811 411 894 in⁴
438 831 559 893 his
592 828 802 908 rebus
831 848 914 890 ne
944 834 1011 890 te
1044 825 1377 919 deducere
1406 849 1569 891 vero

69 948 254 1032 possit
273 995 288 1020 ,
318 943 532 1030 quod
562 940 841 1027 ,quidam
868 942 1158 1027 fingunt,
1179 963 1616 1028 praecurrere
1650 965 1883 1029 cogor.

64 1061 283 1124 cedere
319 1057 790 1144 squamigeris
820 1057 1051 1120 latices
1079 1057 1447 1120 nitentibus
1478 1058 1663 1121 aiunt

62 1187 118 1240 et
140 1175 455 1261 liquidas
489 1172 761 1258 aperire
790 1172 931 1234 vias
950 1218 965 1244 ,
990 1171 1146 1254 quia
1174 1178 1336 1254 post
1363 1172 1515 1234 loca
1541 1172 1765 1257 pisces

58 1293 371 1374 linquant
391 1338 407 1363 ,
435 1310 569 1372 quo
603 1286 873 1371 possint
903 1283 1218 1348 cedentes
1249 1284 1585 1349 confluere
1617 1285 1872 1381 undae:

56 1408 139 1469 sic
172 1405 352 1468 alias
387 1422 668 1487 quoque
698 1422 808 1463 res
835 1400 1008 1462 inter
1039 1421 1112 1462 se
1141 1419 1344 1486 posse
1373 1401 1626 1464 moveri

63 1529 124 1583 et
148 1530 420 1584 mutare
448 1518 683 1579 locum
705 1563 719 1588 ,
749 1514 1046 1598 quamvis
1077 1514 1211 1577 sint
1239 1515 1457 1577 omnia
1483 1515 1709 1597 plena.

66 1635 310 1697 scilicet
329 1683 344 1708 ,
367 1631 444 1695 id
472 1630 654 1694 falsa
684 1636 896 1692 totum
927 1627 1187 1691 ratione
1216 1637 1653 1714 receptumst.

69 1770 207 1810 nam
237 1769 377 1832 quo
410 1742 824 1830 squamigeri
853 1749 1173 1827 poterunt
1201 1738 1575 1827 procedere
1606 1743 1906 1818 tandem,

75 1864 135 1924 ni
160 1862 450 1948 spatium
484 1856 803 1922 dederint
830 1856 1059 1920 latices
1077 1856 1109 1917 P
1132 1856 1505 1920 concedere
1534 1880 1740 1943 porro

72 1998 190 2060 quo
220 1981 555 2061 poterunt
583 1969 808 2034 undae
825 2017 839 2043 ,
867 1992 1014 2034 cum
1045 1971 1264 2056 pisces
1292 1971 1390 2034 ire
1418 1972 1833 2055 nequibunt?

70 2098 175 2153 aut
199 2091 405 2174 igitur
434 2095 628 2151 motu
657 2084 1124 2170 privandumst
1153 2107 1441 2171 corpora
1471 2108 1805 2171 quaeque,

74 2213 176 2268 aut
207 2225 366 2268 esse
397 2202 766 2265 admixtum
799 2199 1227 2264 dicundumst
1253 2202 1458 2264 rebus
1485 2202 1713 2275 inane,

68 2308 244 2382 unde
275 2318 509 2382 initum
538 2316 819 2400 primum
850 2315 1070 2399 capiat
1097 2336 1205 2378 res
1238 2337 1544 2401 quaeque
1573 2316 1915 2382 movendi.

74 2443 411 2517 postremo
445 2432 581 2495 duo
615 2429 702 2493 de
732 2452 1062 2494 concursu
1095 2451 1380 2517 corpora
1408 2430 1546 2495 lata

74 2549 127 2610 si
154 2549 286 2611 cita
312 2548 648 2612 dissiliant
666 2596 682 2622 ,
704 2531 945 2630 nempe
969 2552 1085 2636 aer
1115 2567 1309 2609 omne
1338 2555 1712 2621 necessest,

81 2662 246 2727 inter
278 2683 569 2749 corpora
599 2657 788 2746 quod
813 2660 932 2724 fiat
949 2709 963 2736 ,
986 2658 1297 2747 possidat
1322 2660 1548 2724 inane:
1577 2657 1588 2664 ‘

78 2775 132 2837 is
157 2798 362 2862 porro
392 2775 698 2861 quamvis
731 2775 974 2839 circum
1006 2775 1454 2840 celerantibus
1483 2751 1661 2838 auris
1748 2764 1753 2769 ¹

82 2890 391 2972 confluat,
412 2890 603 2955 haud
632 2890 884 2974 poterit
910 2898 1134 2954 tamen
1161 2910 1298 2953 uno
1330 2897 1633 2974 tempore
1662 2896 1879 2954 totum

81 3006 383 3090 compleri
411 3004 735 3091 spatium:
759 3025 909 3067 nam
945 3004 1225 3090 primum
1258 3025 1588 3090 quemque
1616 3015 1963 3068 necessest

37 3137 43 3174 ο
83 3128 353 3205 occupet
378 3119 488 3182 ille
515 3119 741 3182 locum
760 3167 774 3192 ,
799 3117 1041 3181 deinde
1072 3119 1292 3181 omnia
1318 3118 1823 3203 possideantur.

86 3231 257 3315 quod
285 3235 334 3298 si
362 3233 544 3298 forte
575 3233 811 3318 aliquis
830 3281 845 3308 ,
869 3254 1016 3297 cum
1048 3255 1336 3320 corpora
1366 3232 1744 3308 dissiluere,

87 3353 211 3408 tum
237 3354 425 3434 putat
453 3346 530 3410 id
559 3346 700 3409 fieri
729 3348 886 3431 quia
915 3369 988 3411 se
1019 3346 1433 3412 condenseat
1462 3354 1606 3423 aer,

85 3469 274 3525 errat:
296 3483 448 3525 nam
476 3482 762 3523 vacuum
790 3469 931 3524 tum
960 3461 1037 3525 fit
1067 3461 1253 3546 quod
1279 3483 1418 3526 non
1448 3461 1574 3526 fuit
1602 3468 1797 3555 ante,-

88 3583 149 3635 et
172 3576 457 3660 repletur
488 3576 650 3639 item
678 3595 959 3638 vacuum
991 3574 1179 3659 quod
1207 3579 1510 3642 constitit
1539 3585 1693 3641 ante
1712 3626 1729 3655 ,

37 3701 53 3743 5
91 3707 198 3751 nec
224 3691 331 3753 tali
360 3690 635 3754 ratione
664 3696 891 3781 potest
920 3687 1263 3754 denserier
1292 3698 1436 3768 aer,

86 3822 220 3879 nec,
241 3806 293 3868 si
320 3806 455 3868 iam
483 3812 759 3890 posset,
784 3803 924 3867 sine
951 3804 1133 3867 inani
1161 3812 1394 3892 posset
1412 3854 1428 3881 ,
1452 3806 1720 3892 opinor,

83 3916 202 4000 ipse
226 3920 291 3982 in
321 3941 395 3983 se
425 3916 708 3983 trahere
741 3925 809 3980 et
834 3919 1044 4003 partis
1076 3919 1452 3984 conducere
1480 3920 1550 3983 in
1576 3940 1810 3982 unum.

150 4030 283 4111 Qua
310 4039 608 4121 propter
628 4078 644 4106 ,
669 4033 965 4115 quamvis
997 4033 1338 4098 causando
1368 4033 1577 4098 multa
1604 4033 1885 4099 moreris
1901 4081 1917 4107 ,

2262 431 2346 495 15

81 4316 158 4362 372
182 4312 321 4367 alunt
341 4354 353 4366 .
393 4315 413 4383 Η
456 4318 561 4365 383
592 4310 795 4363 initium
821 4313 963 4378 11384
989 4331 1247 4368 concurso
1286 4314 1306 4381 ΙΙ
1343 4320 1440 4365 386
1467 4314 1561 4367 ssat
1597 4315 1616 4381 ΙΙ
1643 4318 1740 4365 389
1768 4313 1990 4382 quisque
2015 4313 2036 4381 ΙΙ
2063 4294 2158 4363 395
2187 4330 2314 4363 eon·
2391 4283 2392 4286 Ἴ

79 4392 321 4449 denserier
