2840 5008
438 331 606 397 ·156
1284 377 1290 382 -
1531 332 1658 399 1111

458 501 531 564 id
562 521 829 585 quoque
859 501 1197 585 permagni
1227 501 1464 566 refert:
1495 525 1645 566 nam
1676 525 1861 567 more
1889 504 2179 570 ferarum

302 633 429 677 1265
463 613 1108 705 quadrupedumque
1137 616 1346 700 magis
1374 617 1507 680 ritu
1536 617 1926 702 plerumque
1955 628 2276 706 putantur

473 730 824 815 concipere
852 749 1100 791 uxores
1119 776 1134 804 ‚
1160 730 1316 814 quia
1344 731 1440 793 sic
1470 729 1619 794 loca
1647 752 1907 795 sumere
1934 743 2251 817 possunt,

469 844 859 928 pectoribus
891 844 1128 927 positis
1147 890 1162 918 ‚
1186 844 1465 907 sublatis
1498 845 1748 906 semina
1774 845 2041 910 lumbis.

467 978 592 1020 nec
620 957 852 1020 molles
881 960 1032 1041 opu'
1063 967 1221 1019 sunt
1249 965 1469 1020 motus
1498 959 1823 1022 uxoribus
1852 959 2084 1023 hilum.

466 1092 616 1133 nam
644 1071 874 1134 mulier
903 1070 1220 1155 prohibet
1249 1093 1321 1133 se
1352 1072 1706 1157 concipere
1736 1081 1939 1157 atque
1969 1085 2333 1161 repugnat,

306 1202 434 1247 1270
466 1185 769 1248 clunibus
797 1186 946 1270 ipsa
974 1185 1096 1248 viri
1128 1183 1459 1249 Venerem
1491 1186 1547 1248 si
1576 1186 1752 1250 laeta
1780 1196 2104 1252 retractat

465 1283 667 1384 atque
697 1306 1011 1362 exossato
1043 1299 1172 1362 ciet
1206 1301 1381 1362 omni
1410 1308 1685 1386 pectore
1715 1300 1989 1364 fluctus:

468 1414 620 1476 eicit
651 1413 821 1475 enim
850 1412 1103 1475 sulcum
1131 1421 1319 1477 recta
1345 1415 1619 1498 regione
1646 1415 1887 1499 viaque

467 1528 755 1590 vomeris
775 1576 788 1601 ‚
810 1534 1013 1610 atque
1042 1526 1207 1590 locis
1237 1528 1482 1592 avertit
1510 1529 1775 1591 seminis
1803 1529 2006 1592 ictum
2025 1578 2056 1591 ..

465 1639 669 1725 idque
699 1663 820 1704 sua
849 1661 1051 1704 causa
1080 1651 1489 1706 consuerunt
1517 1651 1743 1706 scorta
1770 1645 2050 1716 moveri,

307 1772 433 1817 1275
465 1776 549 1817 ne
580 1755 1070 1841 complerentur
1101 1755 1337 1818 crebro
1367 1755 1815 1840 gravidaeque
1842 1757 2167 1830 iacerent,

470 1878 539 1933 et
568 1870 762 1932 simul
786 1869 934 1955 ipsa
960 1870 1119 1933 viris
1153 1869 1382 1932 Venus
1411 1879 1490 1933 ut
1519 1871 1904 1934 concinnior
1935 1880 2141 1948 esset3

471 1984 858 2068 coniugibus
889 1984 1077 2069 quod
1104 1984 1197 2047 nil
1224 1985 1476 2048 nostris
1507 2005 1677 2070 opus
1709 2006 1857 2049 esse
1886 1985 2179 2049 videtur.

551 2098 696 2162 Nec
727 2098 1040 2162 divinitus
1067 2100 1241 2162 inter
1272 2099 1429 2161 dum
1461 2097 1878 2183 Venerisque
1909 2100 2167 2184 sagittis

472 2212 803 2275 deteriore
830 2213 908 2276 fit
934 2220 1011 2274 ut
1036 2211 1252 2275 forma
1279 2214 1663 2277 muliercula
1691 2223 1973 2276 ametur:

311 2343 436 2389 1280
467 2348 618 2390 nam
644 2326 807 2408 facit
832 2326 982 2410 ipsa
1009 2325 1147 2388 suis
1174 2326 1349 2389 inter
1379 2325 1537 2389 dum
1564 2327 1808 2391 femina
1832 2328 2029 2392 factis

470 2441 949 2527 morigerisque
976 2438 1194 2502 modis
1224 2446 1292 2502 et
1319 2440 1565 2506 munde
1597 2464 1883 2527 corpore
1914 2442 2093 2506 culto
2111 2491 2125 2517 ‚

472 2565 550 2619 ut
574 2556 768 2620 facile
796 2556 1136 2620 insuescat
1165 2577 1389 2620 secum
1417 2579 1544 2621 nos
1578 2558 1821 2643 degere
1850 2558 2052 2621 vitam
2070 2604 2084 2618 .

474 2670 658 2756 quod
689 2693 890 2756 super
922 2678 1024 2733 est
1042 2719 1056 2745 ‚
1080 2670 1500 2735 consuetudo
1532 2673 1887 2736 concinnat
1916 2692 2234 2735 amorem:

475 2806 625 2847 nam
652 2784 885 2849 leviter
917 2785 1215 2868 quamvis
1247 2785 1434 2870 quod
1464 2787 1701 2849 crebro
1733 2785 2034 2849 tunditur
2061 2785 2195 2848 ictu
2212 2834 2226 2860 ‚

315 2915 441 2962 1285
471 2898 756 2962 vincitur
782 2898 851 2959 in
878 2898 1079 2984 longo
1111 2901 1328 2983 spatio
1361 2908 1581 2965 tamen
1612 2910 1815 2985 atque
1842 2900 2148 2965 labascit.

477 3032 699 3075 nonne
727 3010 920 3075 vides
951 3013 1146 3076 etiam
1175 3021 1399 3099 guttas
1428 3016 1497 3078 in
1526 3037 1690 3079 saxa
1719 3014 2020 3079 cadentis

477 3125 725 3188 umoris
754 3127 956 3211 longo
985 3127 1054 3190 in
1083 3129 1301 3213 spatio
1333 3129 1738 3215 pertundere
1768 3129 1980 3193 saxa?

491 3445 617 3492 1267
655 3439 898 3493 lumbris.
958 3440 977 3505 ΙΙ
1036 3447 1164 3492 1268
1202 3442 1288 3493 Ne
1344 3444 1363 3509 ΙΙ
1425 3450 1551 3496 1275
1589 3444 1935 3514 gravidaque.
1975 3445 1994 3513 Η
2039 3450 2160 3495 1281
2205 3443 2369 3495 moris
2409 3443 2428 3509 ΙΙ
2471 3448 2598 3494 1282
2638 3460 2744 3494 nos

484 3543 749 3578 omassum.
