2840 5008
1198 321 1265 384 V
2226 322 2360 388 167

86 496 345 558 exitium
377 496 596 558 celeri
627 495 885 558 celatur
917 494 1169 578 origine
1198 493 1498 556 flammae
1520 541 1533 554 .

83 612 166 673 sic
191 605 399 695 igitur
433 610 663 673 solem
693 610 913 671 lunam
944 608 1305 692 stellasque
1335 605 1777 693 putandumst

82 748 154 789 ex
183 723 314 786 alio
349 734 572 809 atque
605 723 738 786 alio
769 722 983 785 lucem
1011 723 1260 785 iactare
1291 721 1575 784 subortu

81 850 138 903 et
162 841 459 925 primum
495 836 823 924 quicquid
851 837 1256 900 flammarum
1289 834 1573 919 perdere
1606 857 1898 919 semper3

13 972 42 1016 05
73 953 486 1018 inviolabilia
519 954 692 1016 haec
721 973 806 1014 ne
838 951 1075 1014 credas
1105 950 1279 1012 forte
1310 951 1562 1034 vigere.

129 1040 487 1151 'Denique
519 1089 663 1130 non
690 1065 948 1150 lapides
981 1086 1247 1149 quoque
1279 1065 1453 1127 vinci
1485 1065 1700 1127 cernis
1730 1066 1813 1128 ab
1845 1084 2042 1139 aev0‚

8 1207 11 1230 1
74 1205 199 1246 non
231 1169 418 1245 altas
451 1182 665 1245 turris
695 1202 889 1243 ruere
921 1189 989 1242 et
1019 1189 1404 1265 putrescere
1435 1199 1630 1253 saxa,

6 1291 11 1436 J
76 1319 202 1359 non
235 1295 540 1359 delubra
572 1294 772 1358 deum
803 1295 1284 1378 simulacraque
1314 1293 1494 1355 fessa
1520 1292 1766 1367 fatisci,

78 1433 194 1474 nec
224 1420 556 1474 sanctum
586 1430 829 1471 numen
857 1409 976 1472 fati
1008 1408 1368 1496 protollere
1397 1408 1546 1469 finis

19 1542 40 1587 ο
75 1547 268 1611 posse
297 1547 538 1610 neque
570 1523 895 1586 adversus
926 1533 1202 1588 naturae
1231 1521 1512 1585 foedera
1538 1522 1708 1584 niti?

6 1631 7 1700 ἔ
78 1639 366 1724 denique
402 1662 546 1702 non
575 1638 980 1701 monimenta
1006 1639 1221 1700 virum
1253 1636 1513 1721 dilapsa
1539 1634 1841 1700 videmus
1859 1686 1872 1710 ‚

6 1755 7 1760 ’
81 1775 245 1836 quae
274 1754 436 1817 fore
468 1774 804 1837 proporro
832 1752 1244 1836 vetitumque
1275 1772 1626 1814 senescere
1658 1751 1924 1827 credaS,

80 1889 205 1929 non
236 1890 448 1931 ruere
482 1867 755 1930 avolsos
786 1867 1002 1929 silices
1034 1888 1074 1929 a
1103 1866 1438 1929 montibu-s
1469 1866 1620 1929 altis

84 2002 198 2044 nec
227 1981 501 2045 validas
533 1982 681 2043 aevi
711 1982 885 2044 vires
916 1981 1214 2065 perferre
1245 1981 1520 2065 patique

29 2110 49 2153 5
83 2094 292 2158 finiti?
316 2117 545 2181 neque
576 2095 748 2157 enim
778 2094 1096 2158 caderent
1124 2096 1355 2159 avolsa
1383 2102 1692 2180 repente,

89 2230 165 2271 ex
190 2211 457 2274 infinito
493 2231 663 2295 quae
695 2218 996 2294 tempore
1025 2210 1553 2295 pertolerassent

6 2341 9 2356 ’
93 2325 307 2387 omnia
337 2333 676 2389 tormenta
705 2324 940 2387 aetatis
959 2372 973 2398 ‚
997 2325 1259 2408 privata
1285 2324 1585 2408 fragore.

166 2438 478 2524 Denique
509 2440 635 2502 iam
666 2447 854 2501 tuere
882 2438 1015 2502 hoc
1037 2488 1051 2515 ‚
1076 2440 1322 2502 circum
1352 2458 1689 2524 supraque
1721 2438 1906 2524 quod
1934 2460 2189 2502 omnem

96 2556 390 2617 continet
418 2554 727 2638 amplexu
756 2561 1033 2617 terram:
1065 2556 1120 2617 si
1149 2561 1466 2638 procreat
1496 2575 1579 2615 ex
1610 2575 1682 2616 se
1740 2577 1749 2584 ·

40 2681 60 2724 ο
96 2668 342 2744 omnia,
367 2668 555 2753 quod
585 2667 854 2752 quidam
884 2677 1253 2732 memorant
1272 2718 1287 2744 ‚
1308 2668 1679 2753 recipitque
1711 2676 2056 2755 perempta
2074 2718 2088 2744 ‚

105 2787 310 2845 totum
339 2782 635 2845 nativum
665 2783 928 2845 mortali
959 2805 1243 2867 corpore
1276 2790 1569 2846 constat.

8 2940 9 2955 ,
102 2915 247 2957 nam
276 2896 458 2980 quod
489 2917 771 2980 cumque
802 2897 963 2960 alias
996 2920 1077 2960 ex
1109 2920 1182 2960 se
1212 2919 1319 2960 res
1351 2905 1554 2982 auget
1582 2898 1830 2982 alitque
1852 2949 1865 2971 ,

8 2974 11 3051 i
107 3007 387 3074 deminui
418 3009 622 3074 debet
639 3059 654 3085 ‚
675 3013 999 3087 recreari,
1023 3035 1170 3076 cum
1199 3013 1438 3096 recipit
1465 3034 1572 3074 res
1594 3060 1607 3074 .

176 3124 536 3188 Praeterea
564 3124 620 3186 si
648 3125 828 3189 nulla
853 3125 979 3189 fuit
1007 3127 1311 3211 genitalis
1343 3126 1531 3211 origo

27 3248 68 3294 25
106 3244 417 3303 terrarum
448 3246 517 3302 et
546 3239 709 3302 caeli
740 3262 1135 3325 semperque
1166 3249 1441 3304 aeterna
1468 3239 1685 3315 fuere,

110 3373 215 3416 cur
243 3347 487 3440 supera
513 3354 756 3417 bellum
788 3354 1183 3418 Thebanum
1215 3363 1283 3418 et
1309 3354 1545 3417 funera
1575 3355 1820 3419 Troiae

8 3462 13 3551 j
108 3489 230 3561 non
257 3469 418 3533 alias
449 3468 557 3531 alii
588 3490 858 3553 quoque
886 3492 996 3533 res
1029 3471 1329 3533 cecinere
1360 3469 1651 3555 poetae?

7 3554 17 3694 Ι
113 3602 230 3665 quo
262 3591 366 3646 tot
393 3583 574 3646 facta
602 3584 814 3646 virum
845 3586 1090 3648 totiens
1125 3584 1429 3649 cecidere
1459 3607 1677 3671 neque
1707 3606 1988 3669 usquam

114 3699 383 3762 aeternis
412 3697 628 3761 famae
655 3699 1076 3763 monimentis
1105 3700 1305 3762 insita
1332 3700 1621 3763 florent?

35 3821 77 3868 30
110 3832 319 3874 verum
339 3862 353 3886 ‚
375 3821 452 3876 ut
483 3813 723 3898 opinor
742 3862 756 3887 ,
777 3813 984 3878 habet
1011 3815 1371 3878 novitatem
1401 3834 1655 3876 summa
1675 3862 1689 3887 ‚
1710 3832 2081 3896 recensque

112 3935 396 3991 naturast
426 3926 656 3990 mundi
685 3950 904 4012 neque
934 3928 1191 4015 pridem
1224 3927 1503 3992 exordia
1532 3927 1737 4012 cepit.

119 4131 201 4177 301
238 4126 500 4178 celeratur
555 4124 575 4192 ΙΙ
628 4131 725 4177 302
761 4125 1082 4195 putandum.
1142 4126 1161 4193 ΙΙ
1217 4132 1313 4178 304
1352 4124 1609 4194 quidquid
1662 4125 1683 4194 11
1739 4131 1837 4177 310
1875 4124 2155 4178 foederant
2201 4123 2221 4191 ΙΙ
2260 4128 2356 4174 312

123 4207 375 4270 Quaerere
412 4210 432 4278 Η
469 4209 574 4261 sibi
609 4226 831 4278 cumque
868 4208 887 4277 ss
927 4216 1024 4261 318
1062 4205 1243 4260 onine.
1299 4211 1317 4276 ΙΙ
1375 4213 1474 4259 326
1512 4209 1698 4260 funara
1735 4207 1755 4275 ΙΙ
1812 4215 1907 4260 327
1947 4207 2012 4259 ali
2053 4208 2073 4276 ΙΙ
2111 4212 2202 4258 331
2245 4204 2357 4256 Na-

123 4297 227 4343 tura
261 4291 498 4344 mundist
1876 4312 1890 4323 ·
