2840 5008
1214 330 1340 398 IIII

193 506 435 593 [Illud
462 507 625 570 item
653 527 792 569 non
822 513 927 568 est
953 504 1326 569 mirandum
1345 553 1360 579 ,
1386 507 1693 589 corporis
1722 507 1870 592 ipsa

96 621 310 709 quod
343 629 596 684 natura
627 620 845 683 cibum
876 620 1137 703 quaerit
1166 620 1488 704 cuiusque
1519 620 1868 684 animantis
1887 670 1900 684 .

37 754 53 799 J
97 738 382 823 quippe
416 734 660 797 etenim
687 732 894 796 fluere
923 741 1127 816 atque
1156 732 1475 796 recedere
1507 754 1797 819 corpora
1822 737 2023 799 rebus

91 851 331 915 multa
363 847 585 911 modis
614 848 835 911 multis
868 846 1067 910 docui
1085 895 1099 920 ‚
1122 845 1245 910 sed
1274 847 1557 931 plurima
1588 846 1839 913 debent

93 987 182 1029 ex
218 962 649 1038 animalibu'3
673 982 845 1045 quae
876 961 1032 1045 quia
1061 969 1217 1025 sunt
1248 962 1544 1026 exercita
1569 973 1756 1026 motu
1778 1011 1793 1037 ,

35 1095 65 1141 ι’
90 1079 325 1142 multa
359 1098 485 1161 per
517 1096 593 1138 os
624 1075 1018 1139 exhalantur
1037 1124 1051 1150 ‚
1076 1096 1225 1137 cum
1253 1075 1571 1161 languida
1600 1076 1917 1140 anhelant
1935 1127 1949 1151 ‚

35 1210 51 1254 3
91 1193 472 1274 multaque
500 1209 623 1275 per
653 1188 968 1253 sudorem
998 1210 1081 1251 ex
1111 1188 1247 1254 alto
1278 1209 1516 1273 pressa
1544 1188 1883 1254 feruntur.

35 1326 53 1367 5
91 1307 203 1369 his
236 1305 464 1390 igitur
492 1303 695 1366 rebus
723 1303 1006 1367 rarescit
1035 1323 1282 1386 corpus
1313 1313 1382 1365 et
1410 1304 1624 1366 omnis

96 1419 476 1484 subruitur
504 1424 780 1492 natura3
812 1415 1008 1480 dolor
1038 1436 1238 1501 quam
1267 1418 1700 1502 consequitur
1728 1440 1897 1482 rem.
1935 1461 1942 1470 -

96 1540 495 1620 propterea
524 1531 783 1615 capitur
813 1532 999 1594 cibus
1017 1578 1032 1605 ,
1055 1537 1132 1593 ut
1160 1529 1493 1594 suffulciat
1520 1540 1707 1596 artus

100 1658 172 1712 et
201 1653 491 1710 recreet
517 1645 695 1709 vires
723 1645 897 1708 inter
929 1643 1125 1707 datus
1143 1690 1159 1717 ‚
1183 1651 1385 1728 atque
1415 1651 1757 1729 patentem

95 1784 226 1847 per
258 1760 574 1823 membra
603 1780 681 1823 ac
711 1779 918 1822 venas
945 1767 1024 1822 ut
1052 1778 1343 1820 amorem
1375 1766 1650 1842 opturet
1680 1759 1948 1824 edendi.

33 1893 51 1937 o
91 1897 307 1939 umor
338 1875 503 1936 item
534 1872 819 1937 discedit
845 1873 913 1934 in
944 1871 1163 1934 omnia
1193 1891 1365 1955 quae
1393 1871 1544 1936 loca
1573 1894 1857 1958 cumque

95 1994 416 2077 poscunt
444 2007 772 2050 umorem:
793 1987 1290 2071 glomerataque
1319 1987 1527 2049 multa
1556 1988 1828 2072 vaporis

97 2122 415 2187 corpora
433 2148 449 2175 ‚
472 2120 645 2184 quae
674 2100 1019 2163 stomacho
1053 2100 1378 2184 praebent
1403 2100 1715 2164 incendia
1741 2111 2006 2180 nostro,

96 2216 428 2300 dissupat
459 2212 822 2277 adveniens
853 2215 1071 2299 liquor
1100 2234 1180 2278 ac
1207 2214 1566 2298 restinguit
1594 2222 1671 2278 ut
1697 2215 1945 2300 ignem,

95 2351 309 2393 urere
346 2350 431 2391 ne
460 2328 676 2413 possit
704 2328 885 2391 calor
916 2328 1192 2413 amplius
1223 2328 1451 2392 aridus
1465 2340 1700 2422 artus.

31 2462 48 2504 ε,
89 2445 194 2509 sic
225 2444 443 2530 igitur
471 2443 593 2506 tibi
622 2442 863 2506 anhela
892 2443 1033 2506 sitis
1066 2441 1151 2506 de
1182 2464 1468 2528 corpore
1496 2452 1731 2508 nostro

92 2559 407 2624 abluitur
424 2606 440 2633 ‚
463 2558 559 2620 sic
590 2557 895 2641 expletur
923 2557 1142 2620 ieiuna
1171 2556 1415 2642 cupido
1433 2559 1487 2641 .]

180 2672 397 2736 Nunc
429 2672 541 2756 qui
570 2672 685 2735 fiat
713 2671 809 2733 uti
842 2690 1080 2756 passus
1108 2671 1414 2755 proferre
1447 2692 1793 2757 queamuS‚

94 2809 259 2850 cum
290 2786 600 2849 volumus
620 2833 634 2859 ,
657 2785 971 2870 varieque
1003 2783 1234 2848 datum
1262 2785 1350 2849 sit
1378 2786 1673 2849 membra
1699 2807 2002 2862 movere,

96 2911 171 2966 et
205 2920 387 2984 quae
418 2920 528 2961 res
557 2906 819 2962 tantum
846 2899 980 2963 hoc
1012 2900 1230 2962 oneris
1260 2899 1664 2983 protrudere
1693 2902 1908 2964 nostri

29 3033 49 3077 ο
93 3014 417 3100 corporis
447 3013 757 3088 insuerit,
780 3012 1027 3076 dicam:
1052 3023 1128 3077 tu
1157 3014 1430 3099 percipe
1462 3014 1669 3078 dicta.

94 3128 261 3191 dico
295 3128 514 3191 animo
546 3134 782 3190 nostro
815 3128 1097 3210 primum
1125 3128 1478 3191 simulacra
1503 3128 1769 3192 meandi

93 3241 417 3305 accidere
447 3250 654 3326 atque
683 3242 968 3304 animum
995 3241 1263 3325 pulsare
1282 3290 1298 3317 ‚
1320 3252 1395 3305 ut
1426 3241 1711 3306 diximus
1741 3253 1924 3307 ante.

93 3354 267 3418 inde
295 3357 608 3420 voluntas
636 3355 745 3419 fit:
769 3375 986 3439 neque
1019 3355 1189 3418 enim
1217 3356 1440 3419 facere
1469 3357 1700 3442 incipit
1725 3358 1925 3422 ullam

88 3491 249 3533 rem
277 3472 634 3555 quisquam
653 3517 669 3544 ‚
694 3489 889 3553 quam
920 3490 1105 3531 mens
1136 3469 1435 3555 providit
1464 3471 1626 3557 quid
1656 3473 1819 3536 velit
1848 3479 2032 3536 ante.

27 3602 45 3645 ὀ
85 3582 168 3647 id
206 3583 390 3666 quod
419 3581 738 3669 providet
756 3631 771 3658 ‚
793 3584 967 3647 illius
995 3583 1094 3647 rei
1125 3591 1391 3648 constat
1418 3585 1637 3671 imago
1656 3635 1669 3648 .

91 3717 263 3780 ergo
294 3698 549 3761 animus
583 3719 731 3760 cum
762 3718 909 3760 sese
937 3698 1034 3761 ita
1062 3707 1440 3763 commovet
1467 3707 1544 3764 ut
1572 3700 1730 3763 velit
1758 3699 1854 3761 ire

86 3813 299 3894 inque
328 3810 520 3902 gredi
540 3859 556 3886 ‚
582 3810 737 3874 ferit
766 3811 1100 3895 extemplo
1134 3834 1305 3897 quae
1334 3815 1401 3876 in
1433 3834 1718 3899 corpore
1748 3820 1926 3887 tot0‚

90 3945 226 4009 per
253 3927 547 3990 membra
576 3933 781 4009 atque
810 3933 998 3989 artus
1017 3971 1032 3999 ‚
1057 3928 1294 3991 animai
1324 3927 1560 3993 dissita
1586 3929 1689 3993 vis
1720 3937 1853 3991 est:

307 4110 501 4117 ———-

2273 337 2404 403 143

93 4206 209 4253 862
243 4219 368 4270 quae
402 4211 674 4259 omissum.
730 4203 750 4273 ΙΙ
805 4212 903 4256 876
942 4205 1114 4257 ieluna
1168 4203 1189 4275 ΙΙ
1244 4214 1340 4258 877
1379 4208 1473 4259 ssat
1512 4208 1532 4278 Η
1568 4225 1815 4278 quemus.
1866 4209 1886 4281 ΙΙ
1937 4216 2034 4261 878
2072 4227 2299 4279 vareque
2335 4212 2355 4278 ΙΙ

92 4288 209 4336 879
244 4288 413 4339 onoris
449 4288 470 4354 ΙΙ
513 4293 612 4339 884
652 4306 805 4356 quam
842 4297 1109 4342 omissum.
1149 4290 1168 4357 Η
1207 4296 1302 4340 885
1342 4300 1588 4343 constare
1629 4294 1648 4362 Η
1686 4299 1784 4345 886
1820 4293 1941 4363 Ego
