2840 5008
1202 391 1294 458 Ill
2217 389 2342 457 151

89 584 270 648 quae
305 584 350 625 a
386 564 649 627 ceteris
679 562 1158 646 fortedifferre
1189 563 1550 627 videantur
1583 611 1598 637 ‚
1645 586 1736 627 ea*
1754 563 1941 647 quod
1970 563 2036 626 in
2068 584 2201 626 uno
2235 583 2348 627 eo·
2382 551 2389 559 ⁶

89 661 398 745 demque
432 662 777 727 vocabulo
809 669 969 726 sunt
997 683 1135 726 non
1166 663 1485 728 differunt
1514 710 1529 736 ‚
1570 686 1612 736 1,
1631 662 1753 725 559
1783 663 2127 727 disturbans
2154 663 2343 726 disso-

87 762 395 846 luemque
410 809 432 840 ,
458 783 566 836 111,
583 760 705 824 706
731 763 1038 825 manando
1067 763 1478 826 dissoluuntur
1493 810 1511 841 ‚
1531 784 1619 835 vl,
1638 760 1760 824 446
1790 762 2027 824 demisit
2045 762 2342 826 dissoluit-

89 882 250 944 que-,-
273 858 705 943 praesertim
729 880 876 922 cum
899 858 1139 924 horum
1163 881 1367 924 unum
1389 860 1461 922 in
1482 860 1656 924 libro
1681 864 1875 923 sexto
1902 858 1989 922 sit
2006 906 2022 932 ‚
2045 858 2113 920 in
2145 879 2343 941 quem

88 963 303 1040 poeta
323 957 573 1021 nullos
597 957 1122 1042 spondiazontas
1146 958 1416 1023 admisit
1460 1008 1474 1021 .
1523 980 1695 1043 quae
1725 977 1874 1021 cum
1904 955 1998 1020 ita
2019 957 2157 1021 sint
2178 1003 2193 1030 ,
2225 955 2343 1020 de-

90 1055 552 1121 liberandum
592 1063 808 1120 restat
852 1056 1079 1140 siquid
1118 1057 1401 1142 propius
1447 1056 1536 1119 ad
1591 1055 1991 1139 scripturam
2036 1053 2344 1118 codicum
2397 1038 2420 1050 ⁸

93 1153 506 1218 accedens
484 1154 775 1218 inveniri
799 1154 1076 1238 possit,
1125 1176 1323 1240 quam
1354 1152 1543 1239 quod
1576 1154 1736 1218 mihi
1764 1160 2054 1217 mentem
2096 1156 2341 1237 poetae

95 1253 356 1338 optime
393 1252 787 1336 exprimere
814 1252 1124 1328 videtur,
1163 1256 1248 1318 At
1274 1265 1485 1350 contra
1513 1253 1788 1337 lapidum
1817 1253 2143 1315 conlectum
2174 1271 2258 1313 sP
2276 1273 2341 1311 1-

96 1374 347 1416 Rl'rus
380 1373 606 1415 Acl-:R
635 1353 859 1416 Noenu
880 1363 1101 1437 polest·-

262 1448 418 1516 203.
467 1471 847 1526 QuoruAM
891 1472 1137 1513 Amul
1187 1469 1508 1511 NATURA
1555 1469 1965 1510 REPERTA.
2011 1430 2341 1510 Marullus

95 1550 399 1634 quoniam
430 1571 620 1622 EST,
652 1555 728 1612 ut
755 1569 956 1612 versu
992 1546 1141 1610 130.
1302 1547 1308 1554 ’

262 1645 417 1710 207.
453 1645 520 1711 Ο
535 1670 572 1709 P
591 1668 631 1709 o
647 1669 741 1709 ar
758 1667 851 1708 tm
871 1666 915 1707 A
952 1693 965 1707 .
1004 1644 1109 1706 lta
1119 1667 1172 1729 p
1194 1642 1477 1729 simplici
1497 1641 1609 1705 hic
1631 1650 1699 1706 et
1726 1643 1797 1706 in
1820 1665 1880 1718 v,
1896 1642 2018 1707 807
2054 1650 2341 1726 uterque

101 1743 323 1807 codex
341 1790 359 1819 ‚
386 1743 736 1829 oblongus
764 1742 951 1805 solus
979 1741 1048 1804 in
1079 1764 1138 1815 v,
1158 1740 1280 1804 606
1298 1788 1314 1815 ‚
1339 1740 1714 1825 quadratus
1745 1765 1835 1817 ν1,
1852 1741 1977 1806 318
1997 1741 2120 1805 893
2141 1791 2154 1804 .

264 1841 419 1911 210.
469 1863 558 1905 ss
590 1863 871 1905 Possm
904 1861 1558 1904 cononomsaAm
1580 1887 1593 1901 .
1617 1839 1934 1925 Impressi
1963 1861 2032 1902 s1
2054 1887 2070 1902 .

261 1939 415 2005 222.
465 1939 869 2003 Semnus
912 1936 1354 2002 ‘UNGUENTE
1413 1955 1748 2002 SUAvls‘.
1794 1936 2184 2016 Quadratus
2227 1931 2339 2001 un-
2411 1925 2418 1930 ’

100 2050 347 2121 yuentes
370 2087 385 2101 .
411 2037 578 2102 Itali
599 2039 888 2122 mquemi
910 2086 923 2100 .
950 2036 1035 2099 de
1061 2059 1101 2100 U
1116 2059 1157 2099 N
1176 2058 1215 2099 e
1232 2059 1382 2099 uns
1399 2058 1491 2098 TE
1508 2060 1530 2097 1
1554 2036 1867 2122 genetivo
1892 2056 2224 2120 exponam
2250 2035 2337 2100 ad

106 2160 187 2212 lv,
205 2136 331 2202 602
354 2150 395 2201 .’
2364 2140 2387 2159 ⁰

267 2235 417 2300 227.
453 2259 547 2299 111
578 2256 783 2298 'roro
819 2255 1182 2297 conrom:
1215 2255 1481 2297 RERUM
1513 2281 1527 2295 .
1560 2230 2007 2297 Scribendum
2038 2238 2144 2295 est
2173 2253 2301 2295 nm
2325 2279 2338 2293 .

106 2354 255 2397 nam
284 2333 777 2418 praecesserat
806 2333 927 2397 Nil
952 2334 1141 2396 oculis
1169 2344 1369 2396 tamen
1399 2355 1522 2395 esse
1549 2332 1752 2395 minor
1777 2355 1874 2395 res
1903 2332 2038 2415 ipsa
2065 2331 2339 2394 videtur:

111 2438 175 2495 et
193 2432 519 2517 quamvis
540 2437 726 2496 recte
751 2430 1015 2495 dicatur
1034 2453 1331 2494 summum
1357 2453 1577 2515 empus
1598 2453 1804 2493 rerum
1829 2429 1960 2514 (sic
1981 2428 2338 2492 Lucretius

109 2530 172 2593 in
201 2554 290 2605 ιν,
306 2531 392 2597 43
416 2531 572 2614 64),
606 2551 740 2615 quo
773 2529 999 2613 aliqua
1026 2530 1126 2593 rei
1155 2522 1481 2613 cuiusque
1510 2549 1673 2614 pars
1704 2528 2148 2614 significatur,
2174 2535 2242 2591 et
2269 2527 2340 2590 in

115 2650 197 2704 iv,
215 2630 337 2694 525
366 2655 487 2696 suo
511 2630 801 2714 pepulere
843 2628 947 2691 ubi
976 2651 1227 2712 corpore
1265 2651 1505 2691 sensum
1525 2675 1543 2705 ‚
1571 2627 1733 2690 item
1771 2650 2183 2713 quaecumque
2225 2634 2342 2689 aut

112 2738 302 2793 cetera
331 2731 544 2794 celant
570 2750 822 2813 corpore
848 2727 916 2790 in
948 2749 1017 2799 11,
1035 2725 1155 2789 673
1179 2726 1302 2790 678
1339 2775 1356 2805 ,
1405 2725 1663 2789 scilicet
1703 2746 1825 2789 suo
1860 2724 2158 2809 vquicque
2190 2746 2338 2789 cor-

114 2846 275 2907 pore
310 2875 327 2902 ‚
370 2847 603 2910 neque
631 2826 849 2890 minus
877 2833 1065 2889 recte
1092 2826 1161 2888 in
1187 2825 1550 2910 negatione
1579 2826 1749 2888 nulla
1777 2835 2021 2888 aeterno
2052 2847 2304 2909 corpore
2320 2872 2338 2902 ‚

113 2921 280 2988 libro
311 2948 355 2999 1,
374 2924 508 2989 242
531 2971 546 2998 ,
576 2935 760 2989 totum
789 2932 1012 2988 tamen
1042 2947 1262 3008 corpus
1290 2947 1500 2991 rerum
1527 2922 1642 2987 vix
1673 2923 1838 2987 satis
1869 2923 2142 3007 proprie
2174 2922 2338 2985 dici-

116 3028 222 3085 tur
241 3071 254 3085 .
289 3032 598 3088 ceterum
627 3025 721 3087 rei
741 3022 1126 3087 Lucretium
1150 3030 1219 3086 et
1241 3044 1374 3086 una
1398 3022 1662 3108 syllaba
1685 3028 1755 3087 et
1779 3020 2043 3088 duabus
2067 3070 2082 3097 ,
2111 3022 2339 3107 priore

118 3127 335 3185 autem
366 3128 692 3207 correpta
717 3142 1077 3205 numquam
1107 3121 1415 3205 posuisse
1448 3121 1614 3184 satis
1646 3126 1919 3185 constat
1934 3142 1956 3204 ει
1980 3118 2103 3183 sed
2130 3120 2341 3183 miror

120 3219 230 3300 qui
255 3220 378 3284 fiat
407 3227 492 3285 ut
516 3220 764 3303 prioris
796 3219 1095 3305 syllabae
1126 3219 1490 3303 productio
1522 3219 1861 3304 plerisque
1884 3217 2196 3282 videatur
2228 3240 2339 3282 co-

118 3316 297 3381 micis
329 3338 608 3403 quoque
635 3318 857 3402 poi-itis
889 3317 1087 3382 valde
1117 3317 1462 3381 familiaris
1492 3317 1702 3381 fuisse
1734 3366 1746 3379 .
1797 3323 1983 3381 certe
2026 3337 2152 3401 ego
2196 3316 2336 3378 eius

120 3414 297 3479 modi
314 3418 433 3480 vix
457 3416 818 3500 quicquam
842 3415 1027 3501 apud
1048 3438 1168 3481 eos
1192 3417 1492 3500 reperire
1514 3417 1709 3501 potui
1733 3465 1749 3492 ,
1783 3417 1911 3480 nisi
1936 3413 2121 3500 quod
2136 3414 2337 3478 Plau-

121 3516 225 3575 tus
267 3514 477 3579 semel
516 3514 584 3576 in
612 3513 827 3579 Milite
871 3537 939 3589 11,
965 3515 1016 3593 1,
1034 3514 1115 3578 25
1146 3514 1320 3579 dixit
1360 3516 1625 3600 Maynai
1668 3523 1760 3578 re'i
1787 3514 2064 3599 publicai
2096 3514 2337 3596 qratia,

123 3606 428 3696 idemque
456 3611 662 3675 semel
681 3613 851 3677 Aula
878 3613 944 3675 in
968 3612 1146 3677 Fidei
1159 3612 1391 3698 fanum
1413 3613 1485 3675 in
1506 3612 1853 3675 Aulularia
1875 3633 1970 3682 111,
1990 3608 2047 3683 6,
2066 3608 2161 3671 47.
2181 3608 2334 3673 Rei-

125 3705 254 3771 zius
272 3709 343 3772 in
365 3708 605 3774 eadem
618 3709 968 3774 Aulularia
991 3733 1060 3784 11,
1084 3711 1136 3784 1,
1155 3709 1193 3772 2
1217 3731 1355 3773 non
1379 3710 1523 3774 sine
1548 3709 1772 3793 specie
1804 3707 2147 3795 Meaifide’i
2175 3710 2332 3772 tuai-

128 3824 234 3887 que
260 3817 387 3871 re'i.
423 3807 547 3872 sed
571 3806 969 3873 Terentius
952 3829 1026 3870 111
1047 3807 1376 3892 Adelphis
1406 3830 1477 3881 11,
1504 3806 1553 3880 1,
1573 3806 1647 3868 21
1682 3805 1832 3890 quid
1855 3803 1965 3868 Ιιόο
1992 3805 2136 3868 reist
2163 3804 2337 3871 dixit

128 3903 344 3980 potius
375 3907 596 3970 tribus
624 3905 902 3991 syllabis
935 3927 1133 4017 quam
1169 3910 1507 3990 quattuor,
1529 3909 1605 3989 ut
1626 3901 1932 3966 Bentleio
1956 3903 2169 3967 visum
2195 3913 2336 3978 est,

133 3999 236 4079 qui
256 4023 390 4066 non
413 4010 600 4068 recte
623 4004 898 4088 scripsit
919 4005 1035 4066 reii
1057 4015 1182 4067 est.
1212 4002 1372 4066 item
1392 4001 1458 4064 in
1486 3996 1743 4063 Andria
1765 4023 1835 4074 11,
1854 3999 1910 4075 6,
1928 3998 2010 4063 26
2041 4002 2208 4081 Quid
2224 4004 2337 4069 hoo

134 4106 209 4157 est
233 4098 365 4163 rei?
386 4102 540 4187 quid
558 4101 658 4165 laic
677 4103 797 4166 volt
814 4112 1110 4165 veterator
1130 4102 1275 4164 sibi.
1262 4099 1291 4147 ⁶2
1314 4119 1449 4160 non
1473 4099 1635 4160 reii.
1673 4118 1892 4182 neque
1920 4098 2099 4163 idem
2127 4100 2334 4165 Bent-

134 4188 292 4258 leius
333 4220 605 4263 versum
646 4198 1074 4263 Phormionis
1118 4220 1215 4273 111,
1251 4197 1302 4276 1,
1339 4196 1414 4259 10
1465 4194 1565 4258 ita
1608 4203 1941 4281 temptare
1985 4196 2219 4263 debuit
2262 4208 2338 4262 ut

132 4292 273 4371 speia·
300 4294 557 4362 faceret
585 4297 850 4363 duabus
882 4297 1159 4383 syllabis
1208 4346 1221 4360 .
1270 4301 1565 4359 ceterum
1593 4295 1662 4358 in
1690 4294 1797 4359 his
1828 4295 2099 4379 quintae
2131 4295 2334 4360 decli-

139 4389 417 4459 nationis
444 4396 673 4459 formis
703 4398 727 4459 i
757 4395 1010 4480 duplex
1037 4415 1256 4479 neque
1298 4392 1646 4477 rationem,
1667 4393 1877 4458 habet
1917 4414 2134 4477 neque
2181 4416 2335 4457 auc-
