2840 5008
1199 367 1262 488 i1
2203 421 2336 490 123

110 604 291 661 veste
322 598 492 659 inter
523 618 628 659 eos
655 596 1003 658 distractam
1031 597 1325 680 sanquine
1352 595 1539 658 multo
1570 595 1971 679 Disperiisse)
2001 640 2017 669 ‚
2055 616 2194 657 11011
2224 594 2339 659 (16-

108 696 219 757 bet
250 694 467 758 scribi
499 695 857 772 distractus,
880 693 1003 757 sed
1033 716 1074 755 D
1093 716 1116 755 1
1134 713 1490 757 s‘rRAc‘rA
1523 703 1606 756 est
1636 741 1650 755 .
1687 692 1916 777 itaque
1945 692 2074 756 hos
2105 715 2341 759 versus

112 802 173 855 et
200 791 616 858 emendatos
648 791 1086 876 etelegantes
1118 813 1264 854 6886
1295 791 1400 853 aio
1418 839 1438 869 ,
1462 790 1520 853 si
1550 788 1639 853 ad
1663 790 1844 853 hunc
1871 790 2146 854 modum
2176 793 2340 856 scri·

109 891 391 958 bantur,
431 890 611 977 Utfit
635 877 829 952 ubi'in
846 907 1081 975 parvas
1097 890 1302 973 parcis
1330 889 1692 972 discerpitur
1718 910 1980 951 AUREA
2008 889 2305 975 Purpura
2323 941 2341 971 ‚

102 989 554 1073 poeniceusque
583 987 745 1050 color
776 988 1133 1050 clarissimu’
1162 987 1348 1049 multo
1379 1034 1394 1061 ,
1426 985 1679 1050 Filatim
1707 1009 1844 1049 cum
1874 1009 2002 1049 ms
2019 1009 2223 1050 TRAc
2242 1011 2336 1051 TA

111 1095 216 1162 est,
231 1108 272 1146 n
293 1108 314 1146 1
334 1106 367 1148 s
382 1108 424 1146 P
440 1107 482 1145 E
499 1107 545 1146 R
564 1107 639 1147 G1
655 1108 694 1146 T
708 1106 751 1146 u
768 1107 808 1146 a
824 1086 1016 1148 omnis
1034 1132 1049 1147 .
1067 1104 1271 1147 unum
1294 1090 1513 1146 restat
1530 1130 1546 1158 ‚
1565 1083 1751 1166 quo‘d
1767 1082 2057 1147 Adolfus
2076 1084 2337 1149 Schmi-

115 1184 254 1247 dius
273 1231 290 1259 ‚
318 1185 430 1248 vir
464 1183 912 1257 clarissimus,
933 1184 1003 1246 in
1034 1183 1540 1246 accuratissima
1570 1181 1656 1245 de
1686 1202 1988 1265 purpura
2018 1181 2338 1247 disserta-

112 1282 284 1345 tione
324 1281 780 1369 (forsclcunqen
824 1282 947 1367 auf
964 1282 1099 1344 dem
1121 1280 1345 1364 yebiete
1374 1281 1478 1343 des
1506 1279 1853 1343 altertlzums
1883 1300 1906 1341 1
1933 1300 1997 1362 p.
2021 1278 2190 1364 101)
2214 1303 2339 1365 pu-

112 1379 367 1441 niceum
399 1379 704 1442 colorem
732 1400 1075 1464 purpurae
1107 1378 1401 1442 adscribi
1430 1399 1635 1461 posse
1666 1383 1867 1462 negat
1902 1399 1915 1438 :
1952 1376 2136 1439 illum
2168 1381 2338 1443 enim

112 1477 455 1560 proprium
491 1498 647 1540 esse
677 1477 861 1540 cocci
880 1500 895 1552 ς
913 1477 1040 1540 nisi
1071 1475 1256 1561 quod
1284 1475 1465 1539 idem
1495 1475 1582 1560 (p.
1611 1475 1751 1554 147)
1779 1475 1850 1537 in
1872 1474 2161 1561 hysgino
2187 1499 2336 1542 coc-

117 1593 257 1636 cum
279 1576 408 1638 sub
429 1574 654 1660 Tyrio
677 1573 887 1638 fuisse
910 1572 1224 1637 concedit
1241 1621 1254 1636 .
1280 1581 1351 1636 at
1374 1573 1725 1636 Seneca'in
1745 1572 1992 1637 Medea
2014 1573 2093 1636 99
2116 1586 2342 1639 ostrum

108 1673 435 1753 puniceum
481 1671 661 1735 dixit
686 1718 701 1745 ‚
748 1671 923 1736 Oslro
950 1673 1038 1734 sic
1066 1672 1271 1734 niveus
1287 1672 1552 1755 puniceo
1584 1672 1750 1734 color
1777 1670 2075 1757 Perfusus
2101 1674 2307 1737 rubuit
2320 1700 2341 1737 .·

119 1788 325 1851 neque
356 1771 700 1854 poeniceus
746 1768 933 1832 color
974 1775 1090 1831 aut
1136 1789 1178 1830 a
1219 1766 1562 1830 Phoenice
1603 1775 1790 1831 terra
1835 1776 1952 1831 aut
1998 1790 2039 1830 a
2077 1770 2339 1853 palmae

116 1862 327 1929 fructu
348 1913 363 1941 ‚
387 1876 470 1930 ut
495 1865 716 1930 Gellio
746 1866 963 1929 visum
992 1873 1097 1928 est
1126 1864 1296 1940 11‚26
1315 1913 1331 1940 ‚
1351 1886 1598 1929 nomen
1631 1865 1856 1941 duxit,
1881 1866 2006 1931 sed
2035 1888 2075 1929 a
2105 1869 2340 1934 Poenis.

116 1960 241 2025 1106
285 1969 355 2026 et
398 1964 712 2050 syllabae
753 1963 1063 2027 modulus
1109 1962 1314 2027 docet
1341 2011 1357 2038 ‚
1390 1964 1506 2048 qui
1551 1963 1777 2027 differt
1819 1985 1859 2026 a
1900 1964 2164 2029 Graeco
2210 1968 2340 2052 (sic

118 2058 390 2124 Plautus
420 2062 495 2124 in
526 2061 871 2126 Pseudulo
903 2085 945 2135 1,
963 2062 1021 2136 2,
1038 2061 1118 2124 92
1156 2063 1309 2126 Orus
1338 2110 1356 2140 ‚
1400 2062 1795 2124 Phoenicium
1817 2109 1833 2138 ,
1865 2065 2148 2145 poenicio
2178 2068 2341 2128 co'rio

121 2157 321 2220 invises
336 2161 712 2244 per-qulam)
736 2210 753 2239 ‚
795 2169 863 2225 et
889 2159 1127 2224 Varro'
1158 2161 1338 2223 clare
1381 2160 1683 2223 ostendit
1717 2159 1815 2223 ‘de
1844 2160 2071 2246 lingua
2098 2163 2341 2228 Latina

121 2253 281 2317 libro
312 2278 356 2318 v
382 2280 452 2340 p.
480 2258 600 2320 117
619 2307 632 2321 .
654 2257 851 2322 huius
880 2260 1090 2321 verba
1108 2305 1122 2332 ‚
1150 2258 1308 2343 quia
1338 2257 1721 2321 Schmidius
1749 2278 1886 2320 non
1916 2256 2106 2322 recte
2130 2262 2340 2345 cepit,

125 2351 361 2416 subieci
396 2403 410 2417 .
458 2355 655 2419 Lana
691 2355 1001 2419 Graecum
1032 2404 1050 2434 ,
1093 2366 1161 2417 ut
1184 2356 1474 2442 Polybius
1518 2367 1573 2419 et
1608 2356 2014 2419 Callimachus
2040 2360 2339 2424 scribunt.

118 2471 393 2535 purpura
441 2477 483 2516 a
518 2449 848 2539 perpurae
889 2454 1256 2516 maritumae
1315 2454 1513 2517 colore
1549 2500 1567 2533 ,
1613 2464 1679 2517 ut
1709 2455 2039 2538 poenicum
2081 2454 2342 2539 (codex
2379 2508 2386 2517 .

123 2545 550 2615 Florentinus
584 2536 846 2615 eoleient
862 2552 1181 2636 penicum)
1208 2600 1227 2630 ‚
1267 2553 1432 2637 quod
1472 2576 1511 2615 a
1552 2553 1770 2615 Poenis
1797 2554 2077 2637 primum
2116 2556 2342 2619 dicitur

125 2645 305 2710 alla'ta
335 2697 349 2711 .
390 2648 533 2712 1106
566 2657 670 2712 est
699 2696 715 2723 ‚
759 2649 1113 2732 poenicum
1142 2649 1304 2711 item
1332 2657 1408 2712 ut
1437 2671 1740 2735 purpura
1771 2670 1811 2712 a
1841 2650 2068 2713 colore
2098 2672 2341 2717 nomen

124 2738 321 2807 habet
348 2793 363 2819 ,
396 2744 590 2829 quod
621 2767 702 2809 60
733 2746 948 2809 tincta
975 2746 1130 2809 lana
1160 2766 1201 2808 a
1228 2745 1476 2810 Poenis
1506 2747 1790 2830 primum
1821 2747 2067 2810 dicitur
2098 2749 2337 2815 allata.

129 2844 411 2905 ceterum
429 2845 739 2929 punicum
768 2854 838 2906 et
853 2845 1189 2929 puniceum
1227 2845 1610 2927 promiscue
1645 2843 1964 2908 dixerunt
1994 2844 2079 2908 de
2110 2848 2340 2913 colore

130 2941 192 2996 et
216 2935 298 3000 (16
327 2948 534 3025 gente
558 2989 573 3003 .
601 2951 678 3003 ut
694 2942 1025 3026 poenicum
1039 2940 1264 3005 Varro
1287 2948 1355 3005 et
1369 2941 1699 3005 Horatius
1716 2943 1784 3005 in
1803 2942 2026 3030 epodo
2056 2967 2127 3006 ix
2153 2948 2341 3012 victus

128 3029 294 3097 hostis
310 3041 548 3121 ptmico
577 3039 872 3123 Luyubre
910 3040 1165 3102 mutabit
1201 3040 1225 3125 (
1242 3040 1340 3102 sic
1371 3041 1805 3105 scribendum
1835 3050 1942 3105 est
1976 3063 2116 3105 non
2142 3056 2339 3109 muta-

127 3130 236 3213 vit)
262 3156 478 3219 sayum
498 3183 514 3211 ‚
537 3135 634 3199 ita
655 3138 891 3221 punica
918 3136 1548 3221 rostroePropertius
1577 3138 1648 3201 in
1676 3161 1765 3213 iv,
1784 3139 1924 3214 3,32
1957 3147 2026 3202 et
2056 3138 2341 3206 Ovidius

130 3244 415 3295 amorum
455 3255 531 3308 11,
547 3232 605 3307 6,
622 3232 703 3297 22
740 3283 752 3295 .
797 3241 1035 3298 contra
1073 3234 1184 3297 lex
1230 3234 1490 3298 Thoria
1531 3235 1610 3298 75
1655 3236 1803 3300 bello
1834 3237 2113 3302 Poinicio
2142 3262 2340 3323 prosc·

128 3345 286 3390 Sumo
300 3376 318 3406 ‚
342 3338 412 3393 et
437 3330 620 3394 idem
652 3329 939 3394 Ovidius
965 3332 1037 3394 in
1065 3330 1257 3396 Ibide
1286 3331 1410 3396 280
1439 3334 1500 3396 A
1530 3333 1681 3397 duce
1712 3334 2007 3397 Puniceo.

285 3424 425 3490 833.
460 3449 680 3503 QUAM
721 3416 1190 3494 mscsni‘m‘r
1225 3477 1238 3490 .
1277 3427 1434 3493 Hoc
1466 3431 1537 3494 in
1568 3431 1804 3495 codice
1835 3432 2209 3519 archetypo
2238 3434 2341 3499 fu-

129 3515 254 3580 isse
282 3532 605 3608 apparet:
634 3520 789 3589 nam
819 3527 1152 3613 oblongus
1189 3527 1398 3592 habet
1427 3530 1739 3594 discedunt
1761 3579 1780 3610 ,
1815 3530 2189 3615 quadratus
2219 3536 2341 3598 dis·

134 3617 761 3687 ceduant.Marullus
792 3646 1292 3689 mscsnAN‘r.
1520 3648 1530 3658 ’

283 3718 424 3783 840.
442 3720 632 3783 Nam
647 3744 670 3783 1
685 3744 784 3784 Nu
801 3744 834 3785 8
858 3745 1013 3786 HAE
1030 3747 1064 3787 6
1086 3772 1100 3786 .
1118 3724 1322 3807 Apud
1336 3723 1613 3788 Festum
1626 3724 1833 3809 p.321‚
1848 3726 1927 3789 34
1942 3725 2003 3788 N
2019 3748 2057 3788 E
2076 3730 2345 3795 ominus.

284 3814 677 3892 841..Q1JA1·:
723 3841 927 3883 SUNT
970 3843 1195 3885 Anus
1241 3844 1490 3885 11811118
1534 3844 1885 3885 ΡΒινΑτΛ
1930 3846 2343 3901 NOTAQUE.
2448 3899 2452 3903 ,

138 3901 512 3980 Quadratus
542 3927 842 4001 notaquae
874 3965 888 3979 .
921 3914 1350 3982 scribendum
1382 3925 1488 3981 est
1515 3941 1556 3980 N
1574 3940 1834 3982 o'rARE
1879 3969 1893 3983 .
1935 3920 2032 3984 ita
2060 3922 2129 3985 in
2158 3947 2201 3998 1,
2221 3925 2345 3991 700

139 4003 474 4082 quidnobis
516 4014 733 4075 certius
771 4014 919 4099 ipsis
954 4014 1248 4078 Sensibus
1290 4023 1414 4078 esse
1444 4026 1641 4100 potest
1665 4065 1683 4095 ,
1729 4019 1837 4103 qui
1879 4043 2024 4083 vera
2043 4070 2050 4079 .
2068 4045 2142 4085 ac
2164 4021 2346 4108 falsa

140 4109 385 4169 notemus
401 4107 433 4171 52
453 4109 820 4174 Lambinus
848 4112 1265 4195 ineptissime
1295 4114 1435 4176 aliis
1456 4113 1633 4176 rebus
1653 4117 1927 4202 notisque
1940 4165 1958 4195 ‚
1983 4117 2340 4183 Wakefiel-

143 4191 258 4259 dus
273 4207 521 4285 privata
548 4218 831 4271 notarum
861 4209 1069 4293 (haec
1101 4211 1272 4274 enim
1300 4210 1478 4273 inter
1509 4232 1582 4274 se
1614 4213 1997 4301 coniungit)
2022 4215 2341 4279 absurde.

292 4300 428 4366 842.
460 4325 702 4368 sonos
733 4328 925 4370 rom
957 4330 1089 4370 ITA
1121 4331 1436 4372 cononi:
1461 4358 1475 4372 .
1501 4307 1894 4387 Quadratus
1920 4311 2080 4373 solus
2101 4360 2114 4373 .
2145 4311 2345 4376 huius

143 4406 472 4464 corrector
503 4409 573 4464 et
604 4405 809 4469 ceteri
837 4408 962 4470 solo
993 4428 1025 4470 s
1043 4430 1079 4468 P
1097 4428 1136 4469 0
1156 4430 1193 4468 L
1210 4430 1232 4469 1
1250 4401 1386 4470 A„
1424 4408 1619 4471 colore
1641 4457 1651 4470 .
