2840 5008
502 394 639 460 326
1593 392 1656 458 V

501 575 797 634 tassent.
831 573 1087 651 quanto
1116 567 1370 632 rectius
1401 576 1550 631 erat
1580 573 1699 629 aut
1728 571 1958 630 cetera
1983 575 2387 652 argumenta
2415 570 2702 635 conside»

498 686 651 730 rare
693 673 811 730 aut
852 664 1019 729 illud
1059 666 1279 750 ipsum
1323 667 1371 728 ii
1415 666 1660 750 quibus
1702 664 1944 729 finibus
1988 664 2458 731 contineretur
2501 667 2705 732 denuo

500 785 823 849 quaerere
837 765 851 828 Ξ
867 762 1028 828 mihi
1038 763 1328 848 paucula
1344 763 1645 830 delibare
1663 763 1828 828 libet
1839 812 1859 842 ,
1872 784 1957 828 ne
1972 763 2168 828 nimis
2186 787 2549 830 excurram
2564 816 2577 830 .
2590 769 2709 851 pri-

497 885 677 932 mum
688 863 1086 949 Propertius
1103 885 1240 928 non
1258 863 1462 927 modo
1483 863 1827 928 distractis
1846 863 2124 949 syllabis
2141 864 2208 926 in
2227 865 2554 948 genetivo
2573 867 2712 931 sub-

501 963 947 1028 stantivorum
966 982 1128 1027 casu
1146 962 1401 1046 primus
1417 1009 1433 1032 ,
1453 960 1578 1026 sed
1596 962 1797 1025 etiam
1815 960 2151 1048 disyllabo
2171 982 2211 1024 a
2229 967 2429 1024 recto
2448 963 2715 1027 tribrevi

502 1062 689 1126 solus
719 1082 883 1125 usus
914 1068 1019 1125 est
1034 1108 1051 1136 ‚
1081 1082 1231 1126 cum
1254 1060 1427 1125 dixit
1457 1083 1637 1125 amna
1659 1060 1837 1124 Mari
1859 1068 1928 1123 et
1947 1048 2283 1146 benefacta
2306 1059 2495 1126 Mari
2509 1109 2530 1140 ,
2567 1062 2622 1125 T
2615 1085 2715 1124 unc

501 1161 694 1224 animi
719 1183 930 1225 venere
957 1160 1117 1225 Deci
1136 1208 1154 1239 ,
1198 1159 1465 1224 contudit
1504 1180 1684 1222 arma
1722 1157 1900 1236 Tati,
1943 1157 2097 1228 item
2128 1157 2307 1222 hasta
2346 1159 2496 1221 Tati
2527 1166 2597 1222 et
2622 1162 2718 1223 <ira

510 1258 569 1322 T
561 1260 677 1322 ati.
708 1257 841 1323 hoc
870 1258 1045 1321 enim
1073 1257 1294 1321 nullus
1323 1263 1703 1321 ceterorum
1730 1256 2032 1319 imitatus
2063 1263 2167 1319 est
2184 1302 2202 1330 ‚
2232 1277 2362 1319 nec
2385 1256 2593 1320 facile
2616 1256 2717 1320 ad-

503 1354 719 1421 ducor
748 1365 825 1422 ut
854 1356 1123 1421 credam
1155 1354 1471 1420 Ovidium
1500 1354 1705 1419 semel
1742 1354 1801 1418 T
1793 1355 1883 1418 ati
1908 1353 2262 1438 scripsisse
2295 1355 2368 1418 in
2398 1354 2719 1419 fastorum

504 1477 547 1530 1,
565 1454 726 1519 260.
769 1456 838 1519 in
885 1454 1194 1519 versibus
1225 1454 1552 1518 scaenicis
1580 1460 1847 1517 veteres
1875 1451 1983 1516 his
2013 1445 2369 1537 disyllabis
2399 1454 2514 1517 usi
2544 1461 2719 1526 sunt,

503 1553 628 1618 sed
665 1552 1125 1637 paucissimis,
1155 1553 1323 1636 preti
1361 1553 1466 1616 viti
1507 1551 1684 1635 (non
1719 1552 1862 1635 9εηί
1903 1551 2033 1613 lani
2057 1549 2187 1636 soli
2226 1551 2345 1614 soli
2372 1552 2542 1635 spoli
2563 1549 2721 1636 qlod?

500 1651 730 1735 studi),
761 1659 831 1714 et
859 1657 1020 1762 post
1047 1649 1418 1735 Vergilium
1458 1669 1692 1723 nemo,
1736 1646 1926 1711 cuius
1956 1656 2062 1713 est
2087 1647 2157 1712 in
2187 1647 2450 1713 Sabino
2481 1651 2724 1713 volantis

499 1751 787 1833 impetum
814 1749 963 1812 cisi:
1000 1746 1356 1812 Phaedrus
1388 1754 1459 1811 et
1487 1747 1748 1813 Seneca
1764 1747 1956 1830 pretii
1982 1748 2170 1810 senii.
2216 1754 2291 1811 at
2316 1746 2389 1810 in
2419 1747 2721 1811 versibus

501 1846 911 1911 hexametris
937 1846 1206 1911 diversa
1237 1853 1341 1910 est
1362 1847 1752 1912 observatio
1772 1894 1785 1908 .
1816 1845 1885 1908 in
1907 1844 2176 1909 Moreto
2196 1893 2211 1916 ,
2243 1844 2438 1929 quod
2464 1867 2721 1909 carmen

501 1944 908 2031 Vergilianis
938 1951 1162 2011 aetate
1191 1966 1317 2030 par
1347 1967 1498 2010 esse
1530 1944 1836 2009 existimo
1855 1992 1871 2019 ‚
1900 1943 1984 2009 89
2007 1945 2159 2009 Inde
2188 1967 2397 2008 comas
2427 1946 2568 2029 apii
2588 1968 2719 2030 yra-

506 2046 649 2110 ciles
676 2093 694 2123 ‚
748 2045 895 2131 ipse
944 2044 1278 2131 Vergilius
1331 2045 1402 2108 in
1446 2043 1789 2109 Aeneidos
1837 2065 1934 2117 111,
1958 2041 2079 2107 702
2122 2041 2534 2129 Iuniani-sque
2582 2042 2721 2108 Gela

486 2144 675 2234 fluvii
702 2145 1049 2229 coquomine
1077 2144 1239 2208 dicta
1262 2169 1282 2207 .·
1325 2142 1411 2206 de
1454 2142 1588 2207 hoc
1634 2141 1808 2205 enim
1837 2142 2042 2204 versu
2064 2187 2080 2215 ‚
2126 2161 2326 2225 quem
2357 2140 2572 2204 Silius
2599 2163 2719 2212 x1v‚
2796 2199 2797 2218 ,

503 2242 627 2307 218
656 2251 727 2308 ει
752 2242 1158 2307 Claudianus
1189 2241 1277 2306 de
1304 2248 1508 2326 raptu
1531 2240 1722 2304 Pros,
1751 2262 1823 2314 11,
1841 2239 1921 2303 58
1947 2237 2187 2302 imitati
2215 2245 2381 2301 sunt
2398 2285 2415 2314 ‚
2432 2237 2718 2324 Wagne·
2796 2313 2797 2316 Ἴ

506 2363 654 2406 rum
698 2341 950 2406 rectius
992 2341 1060 2405 in
1092 2339 1585 2406 commentariis
1616 2337 1707 2402 ad
1748 2338 1993 2402 librum
2024 2360 2102 2401 111
2145 2335 2458 2401 iudicare
2492 2358 2718 2402 censeo

507 2461 705 2525 quam
736 2440 825 2503 ad
855 2463 945 2515 xx,
970 2439 1079 2503 151
1104 2486 1120 2513 ‚
1149 2459 1369 2524 neque
1390 2434 1962 2523 praetereundum
1985 2442 2090 2499 est
2111 2440 2385 2520 poetam
2404 2483 2421 2511 ‚
2452 2458 2610 2500 cum
2636 2435 2717 2498 di-

507 2540 599 2605 cit
629 2541 949 2626 campique
984 2538 1162 2604 Geloi
1180 2587 1199 2618 ‚
1238 2537 1397 2603 Gela
1416 2585 1436 2616 ‚
1466 2535 1744 2601 Homeri
1775 2534 1889 2597 illa
1920 2534 2294 2618 exprimere
2317 2582 2332 2609 ,
2365 2556 2551 2619 quae
2580 2542 2721 2600 sunt

504 2638 576 2701 in
607 2650 639 2702 Β
668 2637 921 2702 Iliados
952 2637 1112 2711 711,
1156 2636 1331 2720 trapa}
1365 2633 1646 2698 Bonnam
1676 2633 1938 2705 λίΜΝΗΝ,
1984 2630 2206 2695 ΒοίΒΗΝ
2241 2633 2334 2696 nal
2369 2631 2415 2694 Γ
2418 2634 2718 2718 λαφῨραε.

508 2743 665 2800 ante
694 2734 893 2800 huius
922 2743 1230 2819 tempora
1251 2734 1481 2798 Attius
1510 2731 1743 2795 maluit
1753 2730 1989 2820 fluviae
2016 2729 2087 2793 in
2116 2729 2471 2794 Oenomao
2494 2779 2512 2806 ‚
2559 2730 2723 2817 apud

504 2832 798 2897 Nonium
826 2856 892 2918 p.
910 2834 1008 2912 73,
1026 2834 1107 2897 25
1131 2882 1145 2897 .
1190 2832 1315 2897 sed
1343 2839 1424 2896 ιιι
1450 2829 1833 2916 Vergilius,
1861 2828 1960 2899 ita
1989 2826 2266 2893 Gratius
2302 2828 2381 2894 18
2411 2829 2499 2895 38
2532 2831 2722 2901 Latii,

505 2933 688 3017 spatii
719 2930 1158 2995 Germanicus
1188 2932 1349 3006 531,
1391 2931 1463 2994 in
1492 2929 1778 3016 plurium
1809 2926 2220 3014 syllabarum
2247 2929 2608 2994 vocabulis
2639 2929 2722 2992 di-

510 3030 717 3094 ducta
745 3030 1038 3116 genetivi
1067 3028 1284 3095 forma
1313 3051 1454 3092 non
1480 3028 1623 3093 usi.
1670 3046 2071 3113 quamquam
2109 3025 2280 3090 haec
2320 3024 2470 3090 fere
2514 3026 2721 3091 adiec-

507 3130 647 3193 tiva
669 3137 859 3203 sunt,
890 3136 1075 3193 certe
1098 3129 1381 3208 Latium,
1402 3128 1732 3212 itemque,
1753 3125 1883 3188 nisi
1909 3123 2142 3197 fallor,
2166 3144 2245 3187 ea
2267 3144 2447 3207 quae
2468 3124 2721 3189 incerto

509 3249 678 3291 sexu
701 3234 894 3303 sunt,
923 3229 1134 3313 apium
1163 3229 1369 3312 apius,
1382 3225 1867 3316 fluviwfluvia:
1892 3223 1962 3286 in
1991 3221 2338 3286 adiectivis
2368 3229 2604 3286 autem
2624 3244 2722 3309 ge·

479 3326 774 3388 'netivus
812 3326 1084 3389 brevior
1123 3325 1346 3388 locum
1385 3345 1526 3387 non
1559 3323 1772 3386 habet
1792 3367 1809 3396 ‚
1854 3328 1924 3384 et
1963 3319 2353 3384 observavit
2389 3319 2722 3405 Hauptius

507 3423 604 3487 ita
643 3422 976 3487 Catullum
1021 3421 1270 3484 dixisse
1313 3421 1633 3506 gignendi
1676 3440 1838 3484 casu
1882 3442 1917 3482 o
1957 3417 2108 3481 mihi
2146 3417 2340 3480 nuntii
2382 3418 2547 3482 beati
2589 3419 2721 3497 9,5‚

509 3542 731 3606 neque
773 3539 1175 3605 quemquam
1215 3520 1428 3598 nunti,
1474 3518 1779 3602 quamvis
1827 3516 2171 3580 Ciceronis
2216 3516 2354 3579 sint
2397 3520 2627 3603 aquari
2662 3524 2724 3579 et

509 3621 823 3707 saqittari.
869 3625 1095 3681 manet
1124 3624 1348 3700 tamen
1376 3618 1601 3700 ,spatii5
1633 3615 1820 3700 quod
1850 3614 1906 3677 si
1939 3601 2196 3698 antiqui
2225 3635 2391 3685 usus
2426 3625 2565 3689 est,
2592 3613 2720 3677 Ho·
2764 3646 2772 3650 ·

511 3719 725 3783 ratius
756 3732 1029 3802 quoque
1059 3723 1127 3780 et
1162 3716 1376 3799 Caprii
1403 3715 1619 3798 prima
1660 3720 1978 3798 correpta
2020 3720 2086 3776 et
2127 3712 2363 3787 eadem
2395 3713 2723 3798 producta

520 3819 707 3901 Capri
738 3816 989 3880 dixisse
1019 3824 1136 3879 aut
1166 3806 1516 3879 arbitrium
1543 3815 1869 3878 lectorum
1898 3812 2138 3876 fecisse
2170 3812 2399 3896 potuit
2421 3861 2436 3877 .
2477 3810 2596 3874 sed
2639 3809 2725 3872 ad

511 3914 941 3997 Propertium
983 3914 1221 3979 redibo
1247 3961 1262 3988 ‚
1310 3935 1507 3998 quem
1548 3912 1812 3976 minime
1848 3917 2243 3974 novatorem
2271 3908 2487 3973 fuisse
2517 3908 2723 3981 soluS‚

511 4019 679 4097 puto
698 4058 714 4086 ‚
735 4010 1065 4097 Forbiger
1087 4013 1214 4077 sibi
1237 4012 1606 4096 persuasit:
1640 4017 1822 4074 certe
1851 4030 2045 4073 nemo
2077 4015 2235 4071 ante
2255 4006 2443 4083 hunc
2471 4007 2725 4092 longius

514 4113 599 4175 ab
630 4110 908 4194 antiqua
943 4111 1255 4174 castitate
1297 4110 1625 4183 sermonis
1667 4108 1990 4171 recessit.
2032 4106 2262 4189 itaque
2294 4103 2725 4169 Germanicus

515 4209 784 4295 quidem
804 4209 875 4272 in
899 4208 1026 4271 hac
1046 4231 1123 4272 re
1145 4217 1445 4271 veterem
1468 4204 2021 4271 consuetudinem
2043 4202 2348 4287 sequitur
2366 4250 2382 4277 ,
2405 4205 2571 4268 item
2592 4202 2725 4266 Ma-

512 4309 711 4373 nilius
734 4357 749 4382 ‚
780 4306 1095 4371 laudator
1125 4306 1391 4369 Pisonis
1426 4305 1827 4389 Calpurnius
1846 4351 1861 4378 ‚
1891 4301 2200 4365 Persius:
2234 4307 2483 4364 contra
2510 4299 2726 4387 primi,

513 4413 589 4468 ut
620 4428 660 4467 a
687 4406 993 4470 Bentleio
1035 4411 1218 4467 recte
1262 4405 1696 4468 observatum
1739 4408 1878 4477 est,
1923 4398 2318 4481 Propertius
2351 4406 2425 4463 et
2456 4398 2725 4463 Ovidius
