2840 5008
466 348 607 417 232
1531 345 1628 414 IV

464 525 534 587 in
562 520 1051 606 Amphitruone
1079 520 1302 584 Plauti
1334 544 1374 595 1,
1415 519 1605 594 1‚249
1633 543 1794 584 mmo
1826 521 2010 586 Ιιὶσειο
2040 570 2056 596 ,
2098 522 2219 588 ubi
2251 531 2450 586 vetus
2492 523 2712 606 paulo

466 620 718 683 rectius
748 619 972 683 Nonne
1000 641 1108 704 eqo
1135 642 1298 682 mmo
1318 619 1429 682 isto
1458 630 1594 681 ante
1622 620 1793 682 dedis
1818 618 2103 684 nostras?
2129 621 2201 683 in
2224 619 2534 685 Aeneide
2556 621 2712 684 Me·

472 716 664 781 dicea
689 716 856 794 Quid
872 718 1079 780 istruis
1100 718 1315 802 prima
1331 738 1530 780 manu
1548 717 1616 780 in
1634 739 1750 791 xn,
1769 717 1890 780 796
1904 766 1918 780 .
1940 717 2122 802 apud
2142 718 2442 781 Nonium
2460 740 2530 802 p.
2558 719 2682 781 137
2697 765 2713 791 ‚

469 815 549 878 33
580 816 758 895 Quod
781 817 836 878 si
863 827 930 879 ut
956 818 1157 879 decuit
1180 818 1396 879 istdres
1423 838 1657 878 mecum
1680 862 1695 888 ,
1723 837 1788 899 p.
1806 812 1945 890 468,
1962 814 2039 879 21
2073 817 2234 879 idem
2265 816 2500 880 [sticho
2518 865 2535 890 ‚
2566 815 2710 887 486,

470 912 551 976 23
591 916 745 977 istuc
793 914 1062 977 Istas-ime
1083 962 1100 992 ,
1146 912 1286 991 522,
1306 912 1387 977 25
1434 915 1661 976 adistas
1685 959 1699 973 .
1753 913 1822 974 in
1867 914 2274 976 contrariam
2317 922 2599 997 partem
2642 915 2711 976 in

467 1008 674 1072 Nonii
696 1010 866 1074 libro
890 1031 1251 1094 numquam
1271 1016 1626 1093 peccatum
1652 1018 1757 1074 est
1779 1034 1795 1085 ς
1828 1032 1961 1095 quo
1985 1010 2186 1074 valde
2209 1011 2529 1075 firmatur
2555 1033 2711 1075 auc-

466 1109 709 1171 toritas
751 1109 1164 1193 pronominis
1208 1107 1547 1172 decurtati
1578 1105 1662 1170 de
1695 1128 1829 1191 quo
1862 1107 2005 1170 dixi
2036 1107 2126 1170 ad
2166 1107 2414 1172 librum
2460 1131 2570 1183 111,
2588 1109 2711 1172 954

469 1227 533 1289 p.
572 1206 719 1270 197.
765 1206 890 1270 sed
922 1227 1001 1269 eo
1032 1205 1236 1270 modo
1270 1205 1507 1270 eadem
1535 1205 1901 1269 Bobiensia
1931 1205 2192 1269 scholia
2217 1205 2289 1268 in
2320 1207 2711 1270 orationem

467 1325 597 1388 pro
619 1305 807 1391 Sylla
828 1328 891 1389 p.
912 1305 1052 1379 368,
1069 1304 1143 1368 21
1173 1306 1259 1368 ad
1273 1315 1667 1367 scm-mentum
1677 1304 1836 1392 fidei
1850 1352 1867 1382 ‚
1896 1303 1967 1366 in
1990 1303 2324 1368 Varronis
2353 1303 2444 1368 de
2473 1305 2714 1390 lingua

469 1402 711 1465 Latina
738 1403 912 1468 libro
936 1426 1034 1467 vn
1063 1403 1259 1487 p.35l
1287 1404 1395 1489 qui
1426 1402 1708 1464 scribitur
1735 1424 1863 1486 pro
1897 1403 2246 1466 inscribitur
2263 1451 2282 1481 ,
2324 1403 2396 1465 in
2418 1403 2713 1466 Arnobii

468 1500 644 1564 libro
669 1523 728 1574 v,
746 1523 810 1584 p.
838 1501 954 1564 174
976 1513 1155 1587 atque
1172 1501 1409 1564 striculi
1425 1500 1704 1584 pusioni-s
1718 1548 1736 1580 ,
1766 1499 1838 1563 id
1862 1506 1968 1563 est
1994 1500 2311 1587 laq-striculi
2328 1549 2341 1563 .
2370 1501 2473 1563 ita
2498 1500 2710 1586 vulgo

469 1608 628 1660 slera
668 1618 795 1680 pro
840 1597 1080 1683 hystera
1103 1647 1117 1661 .
1160 1599 1229 1661 in
1271 1596 1606 1664 Iuvenalis
1651 1619 1763 1671 vn,
1781 1595 1899 1660 231
1948 1597 2367 1677 Pithos-anus
2427 1600 2513 1663 Ut
2554 1601 2714 1684 ἱεραί

468 1695 718 1757 storiaS.
762 1694 829 1756 in
863 1695 1266 1759 Columellas
1311 1695 1485 1759 libro
1517 1718 1607 1769 xx,
1646 1695 1752 1770 1‚5
1785 1703 1853 1759 et
1887 1696 1962 1759 15
1985 1743 2001 1770 ‚
2045 1696 2204 1759 item
2232 1697 2304 1759 in
2331 1719 2454 1771 xn,
2472 1697 2540 1776 2,
2562 1697 2604 1760 6
2643 1704 2710 1760 et

469 1791 528 1865 3,
547 1791 585 1854 5
618 1791 1031 1856 Schomaclzus
1059 1794 1200 1857 sive
1233 1793 1606 1858 Scomaclzus
1633 1815 1759 1877 pro
1781 1794 2173 1865 Lechomacho
2193 1844 2206 1857 .
2237 1795 2452 1858 multo
2480 1796 2708 1859 minus

471 1889 948 1976 frequentatur
977 1919 1009 1957 e
1038 1900 1194 1957 ante
1222 1919 1253 1957 s
1279 1894 1610 1977 impurum
1632 1941 1646 1957 .
1689 1895 1983 1979 &spatium
2010 1893 2080 1956 in
2112 1914 2404 1978 corpore
2423 1914 2709 1979 ⁴groma-

470 1991 761 2054 ticorum
789 2011 857 2075 p.
877 1990 1076 2066 402,2
1097 2039 1110 2055 .
1144 1991 1324 2075 apud
1356 1991 1646 2055 Nonium
1680 2013 1740 2076 p.
1767 1991 1959 2066 1628
1990 2002 2289 2075 escrapte,
2332 1993 2548 2055 estetid
2567 1990 2708 2069 367,

472 2086 653 2167 2917,
696 2086 967 2174 εξςοερτνα
996 2089 1254 2169 481,27,
1301 2088 1618 2154 Essenona
1647 2089 1880 2167 99,31.
1925 2089 2090 2175 quod
2116 2087 2383 2152 Exerces
2426 2091 2493 2152 in
2532 2089 2708 2152 Var-

471 2187 656 2250 ronis
689 2186 775 2250 de
800 2187 1028 2272 lingua
1055 2187 1297 2250 Latina
1326 2208 1424 2249 v11
1456 2208 1522 2271 p.
1541 2188 1679 2251 307.
1725 2188 2209 2272 exeo-ampelium·
2221 2187 2321 2249 *m
2350 2186 2569 2251 schol.
2599 2187 2705 2250 Iu-

472 2284 727 2348 venalis
748 2307 834 2360 Vl,
853 2284 975 2348 519
990 2334 1003 2347 .
1029 2296 1345 2369 espec-tare
1366 2305 1493 2367 pro
1516 2296 1788 2369 spectare
1808 2282 2424 2368 frequentissimum
2442 2332 2458 2359 ‚
2482 2286 2704 2348 rarius

471 2385 970 2467 sperqisceretur,
1012 2382 1197 2468 quod
1236 2381 1447 2445 habet
1477 2381 1739 2446 Nonius
1768 2403 1832 2467 p.
1850 2382 1991 2457 473,
2011 2383 2081 2457 3,
2128 2390 2195 2445 et
2222 2385 2433 2447 scaria
2475 2405 2541 2467 p.
2570 2383 2702 2456 108,

474 2477 557 2545 28
575 2528 590 2543 .
619 2482 1018 2546 semeiatibus
1044 2503 1170 2568 pro
1202 2503 1276 2544 ex
1307 2481 1674 2545 cruciatibus
1699 2481 1770 2547 in
1800 2481 2085 2546 Arnobii
2115 2504 2166 2544 11
2195 2502 2260 2565 p.
2278 2480 2376 2543 77.

641 2580 784 2645 284.
859 2580 1290 2645 ΟοΝΤιΝυο
1358 2602 1404 2642 A
1469 2601 1713 2643 Noms
1787 2603 1869 2643 1N
1933 2602 2092 2643 EUM
2164 2601 2315 2655 QUE
2383 2602 2700 2644 rr-:R‘run

476 2700 559 2739 lM
576 2699 730 2742 Aoo
778 2679 830 2741 P
847 2702 1050 2743 Envr:
1067 2702 1205 2741 rur
1232 2726 1245 2740 .
1274 2676 1743 2742 Wakefieldus
1761 2724 1776 2751 ‚
1820 2672 2208 2741 Latinitatis
2249 2685 2491 2741 auctor
2520 2679 2697 2741 miri-

473 2776 641 2837 ficus
659 2822 675 2849 ,
698 2785 965 2840 veteres
995 2780 1060 2840 in
1084 2801 1222 2840 eam
1245 2778 1496 2841 dixisse
1517 2824 1533 2851 ‚
1563 2798 1712 2840 cum
1737 2784 2048 2840 neutrum
2077 2797 2289 2862 genus
2319 2776 2695 2861 significan-

477 2872 635 2935 dum
680 2882 861 2938 esset
894 2923 908 2949 ,
953 2876 1335 2958 suspicatur
1364 2923 1379 2950 ‚
1434 2875 1642 2959 idque
1686 2874 2055 2959 Forbigero
2080 2921 2096 2948 ‚
2140 2873 2393 2936 homini
2434 2875 2695 2939 minime

476 2972 845 3055 suspicaci,
887 2994 1025 3035 non
1051 2973 1495 3056 improbabile
1525 2972 1832 3036 videtur.
1862 2972 2069 3036 nihilo
2101 2971 2317 3034 minus
2346 2970 2483 3033 hoc
2514 2993 2693 3059 egre·

474 3070 583 3154 gio
609 3070 888 3133 artificio
912 3069 1090 3132 infra
1110 3070 1179 3132 in
1200 3069 1373 3133 libro
1398 3093 1488 3144 v1,
1515 3070 1675 3133 1064
1697 3069 1798 3131 uti
1822 3069 2312 3134 obliviscuntur
2331 3117 2344 3131 .
2375 3070 2446 3132 ni
2461 3071 2693 3135 mirum

474 3170 701 3233 multis
743 3179 905 3254 post
933 3169 1321 3232 Lucretium
1367 3169 1653 3233 saeculis
1694 3168 1827 3231 hoc
1857 3189 2232 3251 pronomen
2260 3168 2554 3232 faciebat
2583 3172 2689 3234 ali-

474 3268 690 3352 quibus
730 3268 1120 3347 dubietatem,
1165 3275 1243 3330 ut
1289 3267 1453 3330 dicit
1493 3266 1857 3330 Palaemon
1901 3266 2373 3351 grammaticus
2417 3288 2482 3350 p.
2509 3267 2689 3342 1378,

462 3365 806 3449 praecipue
849 3366 917 3425 in
944 3368 1284 3429 accusat-ivo
1326 3390 1474 3429 casu
1501 3414 1518 3445 ,
1565 3372 1633 3428 et
1660 3366 2076 3449 Augustinus
2118 3385 2182 3448 p.
2207 3364 2367 3428 1995
2398 3365 2687 3430 Putschii

476 3462 739 3525 curiose
770 3460 975 3523 docet
1003 3482 1141 3524 non
1173 3484 1321 3525 esse
1354 3461 1713 3526 dicendum
1731 3485 1852 3548 per
1880 3486 2019 3525 eum
2046 3465 2160 3526 iter
2178 3511 2191 3524 .
2233 3462 2603 3528 Lambinus
2631 3467 2687 3527 in

473 3562 544 3624 id
568 3561 750 3625 haec.
782 3560 1045 3624 adeone
1076 3558 1346 3624 difficile
1374 3559 1503 3624 fuit
1533 3583 1836 3624 mmmm
1877 3559 2223 3626 scribere?
2265 3559 2402 3624 hoc
2433 3570 2686 3625 senten·

473 3661 610 3723 tiae
656 3661 971 3724 convenit
993 3710 1007 3736 ‚
1052 3666 1123 3722 ,et
1153 3662 1476 3746 pervenire
1519 3659 1830 3723 absolute
1871 3660 2167 3743 positum
2210 3657 2300 3722 ad
2342 3659 2582 3723 librum
2607 3682 2688 3733 vx,

475 3758 597 3822 324
626 3758 1144 3824 illustrabimus.
1777 3755 1780 3760 ’

641 3856 781 3919 288.
811 3857 871 3920 D
887 3881 908 3919 1
928 3881 959 3921 s
977 3881 1015 3920 T
1032 3880 1078 3920 A
1092 3881 1134 3920 R
1148 3880 1185 3919 Ε
1215 3878 1306 3920 Av
1337 3879 1368 3919 s
1385 3880 1424 3919 P
1439 3880 1477 3918 E
1493 3879 1528 3919 c
1545 3878 1635 3918 UL
1655 3877 1694 3918 o
1718 3902 1731 3917 .
1767 3854 2130 3937 Corrector
2150 3855 2429 3941 oblongi
2454 3864 2523 3919 et
2540 3876 2686 3941 qua-

476 3952 711 4016 dratus
736 3978 776 4015 a
794 3957 1066 4038 specula
1099 3955 1223 4019 sed
1244 3963 1554 4039 praestat
1578 3954 1770 4038 sequi
1792 3975 2060 4017 manum
2083 3954 2369 4038 primam
2394 3955 2686 4041 oblongi:

473 4049 770 4132 videnda
800 4059 959 4114 sunt
989 4074 1162 4137 quae
1194 4055 1485 4117 observo
1517 4050 1607 4114 ad
1635 4074 1725 4126 vx,
1749 4051 1865 4115 105
1898 4051 2053 4114 925.

642 4148 783 4212 323.
810 4149 856 4213 S
874 4147 1129 4214 ERVE‘T
1161 4173 1198 4212 E
1214 4174 1253 4213 r
1285 4174 1323 4213 L
1344 4173 1364 4213 1
1383 4172 1538 4214 sAM
1557 4200 1570 4212 .
1594 4149 1673 4214 In
1693 4148 2028 4234 quadrato
2049 4157 2431 4213 correctum
2451 4162 2508 4214 et
2531 4172 2684 4213 Em-

474 4272 506 4311 s
525 4270 631 4310 AM
648 4297 666 4327 ‚
695 4269 917 4333 neque
948 4248 1142 4310 aliter
1170 4249 1506 4311 Antonius
1540 4247 1738 4311 Marii
1770 4254 1839 4311 et
1864 4247 2276 4312 Veronensis
2301 4247 2546 4312 editio.
2575 4248 2683 4312 sed

472 4368 646 4410 unus
695 4369 778 4410 cx
810 4346 1312 4422 correctoribus
1346 4345 1664 4430 quadrati
1708 4346 1777 4409 in
1807 4346 1940 4410 hoc
1981 4346 2132 4410 loco
2163 4346 2681 4431 ingeniosissime
