2840 5008
1172 375 1266 442 III

68 563 130 618 et
156 562 396 617 tame'n
429 551 622 616 haud
653 571 983 636 quaquam
1016 555 1286 611 nostros
1318 556 1480 613 tunc
1508 549 1619 612 illa
1650 569 1769 634 per
1800 558 1986 613 artus

65 671 256 755 longe
289 669 383 732 ab
421 666 766 731 sensiferis
796 662 1158 750 primordia
1187 662 1479 727 motibus
1512 671 1764 736 errant,

11 804 29 848 5
65 807 204 848 cum
236 790 614 867 correptus
644 780 845 843 homo
878 790 961 842 'ex
991 800 1228 842 somno
1259 799 1332 841 se
1363 778 1614 863 colligit
1641 779 1815 864 ipse.

65 899 267 962 multo
299 897 518 982 igitur
547 901 831 957 mortem
846 893 1074 956 ‘minus
1105 891 1194 956 ad
1223 914 1350 956 nos
1380 867 1528 955 esse
1559 891 2029 978 putandumst3

66 1016 115 1078 si
141 1014 370 1077 minus
408 1031 559 1073 esse
587 1016 818 1095 potest
848 1029 1046 1092 quam
1077 1006 1262 1093 quod
1292 1007 1385 1070 nil
1414 1027 1563 1070 esse
1591 1008 1923 1072 videmus:

64 1129 271 1191 maior
304 1127 492 1189 enim
523 1124 760 1187 turbae
791 1122 1105 1185 disiectus
1135 1121 1436 1186 materiai
1504 1109 1510 1115 ⁵

68 1241 514 1325 consequitur
546 1240 680 1302 leto
700 1286 715 1312 ‚
736 1259 860 1301 nec
889 1237 1239 1321 quisquam
1272 1235 1656 1321 expergitus
1689 1245 1943 1311 exst-at,

11 1375 34 1420 ο
66 1356 304 1442 frigida
338 1376 545 1441 quem
578 1352 783 1415 semel
812 1359 914 1414 est
940 1351 1101 1415 vitai
1131 1371 1343 1436 pausa
1372 1358 1629 1413 secuta.

143 1471 470 1555 Denique
499 1468 556 1531 si
584 1487 819 1530 vocem
847 1487 1070 1528 rerum
1098 1474 1337 1530 natura
1365 1474 1644 1551 repente

68 1587 281 1651 mittat
316 1592 392 1648 et
419 1584 557 1647 hoc
586 1581 778 1645 alicui
807 1589 1108 1644 nostrum
1138 1581 1232 1644 sic
1259 1581 1564 1666 increpet
1590 1581 1770 1666 ipsa,

64 1694 239 1785 ‘quid
269 1700 402 1764 tibi
435 1704 627 1762 tanto
659 1703 963 1781 operest,
984 1695 1281 1759 mortalis
1300 1743 1315 1770 ,
1339 1694 1525 1780 quod
1554 1695 1742 1759 nimis
1773 1698 1991 1782 aegris

69 1816 359 1878 luctibus
389 1810 704 1897 indulges
722 1810 753 1873 P
777 1809 938 1895 quid
966 1817 1249 1872 mortem
1278 1811 1614 1895 congemis
1644 1811 1914 1875 ac'fles‘?

13 1944 33 1988 5
66 1949 207 1991 nam
238 1928 465 2014 gratis
494 1925 623 1990 fuit
649 1925 818 1989 haec
848 1925 967 1989 tibi
996 1924 1137 1987 vita
1167 1931 1321 1987 ante
1353 1933 1506 1989 acta
1534 1926 1882 2012 priorque,

73 2052 131 2106 et
157 2064 299 2106 non
332 2042 562 2107 omnia
591 2047 933 2125 pertusum
964 2048 1286 2124 congesta
1317 2042 1507 2125 quasi
1536 2040 1603 2102 in
1632 2061 1755 2103 vas

73 2156 428 2221 commoda
455 2155 828 2241 perfluxere
859 2162 1060 2239 atque
1088 2154 1352 2240 ingrata
1380 2155 1730 2218 interiere:

74 2295 181 2335 cur
209 2285 355 2356 non
385 2278 466 2334 ut
494 2269 732 2356 plenus
762 2270 939 2333 vitae
970 2270 1254 2332 conviva·
1281 2268 1543 2332 recedis
1561 2318 1578 2344 ‚

73 2407 280 2471 aequo
314 2385 678 2469 animoque
710 2384 892 2469 capis
924 2405 1225 2447 securam
1244 2433 1259 2460 ‚
1283 2384 1489 2449 stulte
1509 2433 1525 2460 ‚
1550 2385 1836 2469 quietem
1853 2387 1887 2448 P

11 2517 37 2562 ,ο
72 2502 164 2564 sin
194 2524 274 2565 ea
307 2522 486 2587 quae
515 2498 772 2563 fructus
804 2521 1086 2586 cumque
1119 2521 1189 2563 es
1220 2499 1480 2586 periere
1509 2500 1818 2586 profusa,

72 2618 337 2702 vitaque
367 2616 441 2679 in
471 2613 794 2678 offensust
812 2663 827 2689 ‚
852 2637 971 2677 cur
1001 2615 1278 2700 amplius
1309 2613 1563 2678 addere
1596 2616 1891 2700 quaeriS‚

75 2752 328 2794 rursum
361 2730 549 2815 quod
579 2737 812 2813 pereat
840 2729 1008 2792 male
1039 2737 1107 2792 et
1132 2730 1464 2814 ingratum
1496 2730 1763 2821 occidat
1793 2752 2016 2809 omne,

75 2867 197 2908 non
226 2846 460 2932 potius
490 2845 669 2908 vitae
698 2843 892 2907 finem
920 2843 1083 2907 facis
1114 2852 1316 2929 atque
1345 2844 1639 2909 laboris?

76 2981 213 3023 nam
242 2961 373 3025 tibi
402 2967 754 3045 praeterea
784 2957 971 3043 quod
999 2958 1336 3023 machiner
1362 2959 1857 3046 inveniamque,

11 3087 42 3132 ιε)
79 3074 253 3157 quod
282 3075 555 3160 placeat
573 3121 588 3148 ,
609 3074 704 3136 nil
734 3081 867 3137 est:
894 3073 1126 3138 eadem
1156 3081 1314 3137 sunt
1343 3075 1565 3137 omnia
1591 3096 1883 3162 semper.

77 3189 124 3250 si
151 3189 268 3252 tibi
301 3211 441 3253 non
472 3188 660 3251 annis
692 3209 935 3274 corpus
964 3188 1093 3252 iam
1122 3196 1376 3252 marcet
1406 3196 1474 3251 et
1502 3197 1686 3254 artus

84 3303 361 3368 confecti
391 3303 710 3388 languent
729 3351 744 3378 ,
767 3301 999 3366 eadem
1027 3309 1247 3366 tamen
1279 3302 1499 3365 omnia
1527 3312 1815 3381 restant,

39 3401 50 3416 ’
80 3419 284 3482 omnia
315 3418 371 3481 si
403 3438 645 3503 pergas
676 3416 964 3481 vivendo
994 3418 1260 3481 vincere
1291 3417 1539 3493 saecla,

80 3539 268 3617 atque
303 3534 501 3596 etiam
527 3532 754 3618 potius
773 3580 788 3607 ,
812 3532 868 3594 si
894 3553 1253 3617 numquam
1282 3532 1374 3595 sis
1400 3532 1764 3597 moriturus
1780 3536 1812 3609 ‚⁹

11 3656 44 3703 ⁵0
80 3646 230 3729 quid
256 3645 750 3732 respondemus
769 3694 784 3721 ,
806 3646 932 3710 nisi
958 3647 1198 3710 iustam
1226 3645 1576 3711 intendere
1606 3648 1786 3712 litem

77 3775 370 3827 naturam
403 3771 470 3827 et
498 3782 726 3824 veram
756 3762 978 3826 verbis
1011 3782 1347 3845 exponere
1378 3762 1693 3825 causam?

11 3888 41 3930 »5
76 3876 381 3959 grandior
410 3877 521 3940 hic
551 3896 712 3939 vero
744 3875 800 3938 si
826 3875 956 3938 iam
985 3875 1340 3960 seniorque
1372 3885 1692 3962 queratur

11 4001 43 4044 »2
78 3997 263 4075 atque
293 3992 550 4058 obitum
579 3990 978 4055 lamentetur
1008 3990 1205 4054 miser
1236 3991 1516 4076 amplius
1546 4013 1761 4078 aequo
1780 4041 1795 4069 ‚

2201 375 2231 442 J
2254 374 2343 440 09

83 4274 168 4319 935
206 4272 330 4324 haec
366 4280 632 4326 omissum.
684 4271 704 4341 ΙΙ
759 4277 855 4322 941
897 4271 1159 4325 offensost
1203 4273 1223 4341 ΙΙ
1273 4278 1370 4324 943
1409 4274 1534 4325 iacis
1571 4276 1591 4341 Η
1640 4280 1736 4326 945
1776 4276 1951 4344 placet
2002 4275 2022 4343 ΙΙ
2070 4282 2165 4328 947
2205 4276 2318 4327 lan-

84 4364 260 4417 guente
295 4355 314 4423 Η
354 4362 548 4408 restat.
588 4353 607 4423 ΙΙ
647 4360 746 4407 948
782 4372 974 4425 perges
1015 4356 1034 4425 Η
1070 4361 1168 4407 950
1206 4356 1250 4407 si
