2840 5008
453 331 587 398 126
1510 332 1640 401 1111
1698 405 1704 413 ,

443 508 649 570 multa
666 556 681 582 ‚
706 506 1005 571 dolorem
1036 506 1244 571 oculis
1275 528 1446 593 quae
1475 508 1757 594 gignunt
1781 510 2213 575 insinuando,

442 621 659 685 lurida
685 631 1038 709 praeterea
1064 622 1231 686 fiunt
1261 644 1435 707 quae
1465 644 1747 708 cumque
1777 633 2048 689 tuentur

441 738 737 821 arquati,
769 738 923 823 quia
950 737 1194 802 luroris
1224 737 1311 801 de
1342 760 1627 826 corpore
1658 760 1886 802 eorum

443 852 693 916 semina
721 854 925 917 multa
951 852 1165 917 fluunt
1193 854 1560 917 simulacris
1589 854 1787 917 obvia
1813 875 2032 917 rerum
2051 904 2065 929 ‚

299 983 396 1029 310
441 968 780 1053 multaque
810 977 966 1033 sunt
995 968 1205 1032 oculis
1232 969 1300 1031 in
1333 990 1560 1032 eorum
1591 967 1879 1053 denique
1905 971 2139 1042 mixta,

444 1105 613 1169 quae
645 1092 928 1168 contage
958 1104 1080 1147 sua
1106 1082 1473 1168 palloribus
1504 1084 1723 1147 omnia
1750 1084 2062 1170 pingunt.

442 1221 477 1261 e
506 1200 800 1263 tenebris
830 1207 1049 1263 autem
1080 1219 1251 1283 quae
1280 1205 1437 1261 sunt
1463 1198 1530 1261 in
1560 1199 1708 1262 luce
1737 1169 1997 1264 tuemur

437 1323 800 1402 propterea
829 1314 986 1400 quia
1004 1360 1018 1389 ‚
1044 1335 1191 1376 cum
1218 1314 1498 1400 propior
1529 1314 1825 1400 caliginis
1855 1322 1972 1379 661·

435 1440 578 1496 ater
605 1431 730 1494 init
758 1429 987 1492 oculos
1015 1429 1199 1512 prior
1231 1436 1300 1492 et
1326 1427 1636 1514 possedit
1664 1439 1939 1515 apertos
1958 1480 1972 1505 ‚

292 1563 389 1609 315
427 1546 800 1631 insequitur
829 1542 1126 1607 candens
1156 1543 1506 1607 confestim
1535 1543 1793 1608 lucidus
1824 1552 1966 1621 aer,

436 1662 549 1747 qui
579 1660 771 1746 quasi
797 1667 1043 1746 purgat
1073 1680 1189 1722 eos
1219 1680 1297 1722 ac
1325 1659 1550 1744 nigras
1579 1657 1855 1723 discutit
1881 1653 2148 1724 umbras

432 1777 604 1842 aeris
633 1776 837 1839 illius:
860 1796 1012 1838 nam
1039 1774 1263 1837 multis
1292 1775 1596 1860 partibus
1624 1774 1734 1839 1116
1766 1783 1867 1839 est

430 1891 736 1956 mobilior
764 1891 1119 1974 multisque
1149 1889 1462 1953 minutior
1492 1897 1559 1953 et
1586 1910 1786 1974 mage,
1802 1889 2094 1976 pollens.

435 2008 547 2092 qui
575 2007 766 2069 simul
795 2015 996 2091 atque
1024 2006 1166 2068 vias
1199 2004 1541 2067 oculorum
1570 2004 1716 2068 luce
1745 2004 2028 2090 replevit

287 2139 383 2186 320
428 2130 630 2208 atque
658 2130 816 2208 pate
845 2121 1036 2196 fecit,
1069 2141 1236 2204 quas
1265 2127 1417 2184 ante
1449 2118 1810 2183 obsederat
1838 2126 2014 2192 ater,

429 2244 586 2302 aera
615 2236 930 2301 continuo
959 2219 1180 2298 rerum
1210 2233 1561 2298 simulacra
1590 2243 1933 2310 secuntur,

430 2373 599 2437 quae
629 2352 758 2415 sita
785 2359 945 2415 sunt
970 2350 1040 2412 in
1065 2350 1214 2413 luce
1232 2397 1247 2424 ‚
1268 2350 1741 2435 lacessuntque
1769 2358 1846 2414 ut
1872 2348 2241 2416 videamus.

282 2484 379 2532 348
423 2467 609 2555 quod
640 2474 878 2532 contra
903 2465 1126 2530 facere
1154 2464 1223 2528 in
1251 2464 1544 2529 tenebris
1578 2486 1614 2527 e
1641 2464 1790 2528 luce
1818 2466 2164 2551 nequimus

423 2592 788 2671 propterea
817 2583 973 2668 quia
998 2580 1338 2670 posterior
1368 2564 1667 2665 caliginis
1692 2587 1805 2644 aer

282 2715 378 2760 350
423 2700 710 2762 crassior
738 2698 1109 2783 insequitur
1127 2744 1142 2773 ‚
1168 2696 1281 2782 qui
1310 2703 1552 2759 cuncta
1577 2695 1902 2761 foramina
1931 2697 2220 2782 complet

424 2812 806 2898 obsiditque
835 2814 977 2877 vias
1008 2813 1383 2887 oculorum,
1405 2833 1490 2874 116
1520 2812 1868 2875 simulacra

419 2930 685 3015 possint
711 2928 990 2991 ullarum
1020 2949 1239 2991 rerum
1271 2927 1573 2990 coniecta
1599 2946 1896 2988 movere.

425 3042 922 3129 quadratasque
950 3043 1189 3130 procul
1220 3041 1423 3105 turris
1454 3063 1600 3104 cum
1632 3041 1957 3105 cernimus
1987 3043 2201 3113 urbis,

419 3168 782 3246 propterea
808 3158 884 3222 fit
910 3159 1007 3222 uti
1035 3156 1390 3242 videantur
1420 3178 1620 3243 saepe
1651 3155 2009 3231 rutundae‚

277 3291 373 3337 355
419 3275 699 3360 angulus
732 3281 1019 3360 optusus
1051 3273 1206 3358 quia
1231 3274 1431 3358 longe
1461 3273 1753 3336 cernitur
1783 3273 2027 3343 omnis,

419 3391 560 3454 sive
591 3391 783 3454 etiam
811 3389 1035 3476 potius
1066 3409 1203 3451 11011
1233 3388 1524 3451 cernitur
1555 3409 1632 3451 ac
1662 3388 1835 3472 perit
1864 3388 2003 3450 eius

413 3506 612 3592 plaga
640 3527 764 3570 nec
794 3503 882 3568 ad
911 3510 1178 3566 nostras
1208 3502 1383 3566 acies
1412 3503 1779 3589 perlabitur
1806 3505 2009 3579 ictuS‚

416 3627 572 3685 6616
599 3642 722 3707 per
750 3619 1025 3683 multum
1059 3619 1214 3704 quia
1245 3616 1401 3680 dum
1431 3618 1779 3682 simulacra
1806 3618 2141 3701 feruntur,

417 3737 598 3821 cogit
624 3735 987 3799 hebescere
1020 3748 1164 3798 eum
1197 3734 1448 3798 crebris
1479 3733 1838 3819 offensibus
1868 3739 2009 3797 6ὃ1.

271 3868 368 3914 300
412 3849 546 3914 1106
573 3852 689 3915 ubi
717 3851 987 3935 suffugit
1016 3872 1279 3913 sensum
1313 3849 1505 3913 simul
1533 3849 1813 3934 angulus
1846 3848 2055 3912 omnis
2072 3895 2088 3921 ,ι

418 4172 515 4219 309
552 4166 716 4219 mault
786 4167 806 4236 ΙΙ
871 4172 966 4218 313
1005 4166 1252 4235 proprior
1291 4166 1309 4234 ΙΙ
1348 4170 1444 4218 317
1482 4164 1638 4217 ullius
1678 4164 1697 4233 ΙΙ
1736 4169 1830 4216 321
1872 4163 2023 4216 Aera
2057 4171 2321 4218 omissum.
2362 4164 2382 4231 ΙΙ
2421 4170 2516 4216 351
2562 4164 2676 4219 Ob-

418 4249 544 4303 sidit
581 4251 703 4320 quia
755 4250 774 4318 ΙΙ
830 4256 926 4301 352
967 4255 1210 4301 contecta
1246 4251 1472 4301 moveri.
1528 4250 1547 4318 ΙΙ
1604 4255 1701 4299 355
1740 4253 1957 4317 optutus
2017 4249 2037 4316 ΙΙ
2093 4254 2189 4300 357
2229 4246 2429 4316 Plagas
2484 4249 2503 4316 ΙΙ
2562 4259 2677 4302 ates

418 4333 705 4386 deriabitur
2477 4342 2490 4353 ‘
