2840 5008
473 360 562 426 36
737 348 749 359 ³
1587 359 1618 425 Ι

470 553 619 594 nam
653 530 953 614 dispulsa
982 551 1103 592 suo
1137 528 1221 591 de
1251 536 1448 591 coetu
1479 530 1777 592 materiai

471 646 665 731 copia
693 645 979 741 ferretur
1006 663 1314 732 magnum
1345 664 1467 729 per
1495 644 1689 707 inane
1720 644 1972 718 soluta,

469 744 611 825 sive
641 759 810 823 adeo
840 758 1066 846 potius
1096 779 1450 841 numquam
1483 766 1804 839 concreta
1834 768 2130 821 creasset
2219 777 2228 780 ·

307 893 434 940 1020
464 876 663 938 ullam
690 895 831 937 rem
851 922 865 948 ‚
891 874 1202 957 quoniam
1233 873 1381 957 cogi
1412 873 1690 936 disiecta
1718 874 2094 957 nequisset.

468 1012 619 1053 nam
650 996 832 1052 certe
861 1008 1079 1071 neque
1111 989 1386 1051 consilio
1416 988 1781 1072 primordia
1807 993 2026 1051 rerum

468 1103 704 1167 ordine
735 1124 807 1166 se
838 1124 960 1165 suo
992 1124 1298 1187 quaeque
1332 1103 1553 1187 sagaci
1585 1111 1804 1166 mente
1834 1103 2142 1165 locarunt

378 1222 393 1235 “
465 1241 591 1282 nec
623 1240 793 1303 quos
825 1238 1128 1302 quaeque
1161 1215 1400 1279 darent
1429 1226 1649 1280 motus
1679 1217 1993 1301 pepigere
2021 1216 2364 1301 profecto,

468 1333 592 1397 secl
622 1333 777 1418 quia
802 1331 1008 1395 multa
1037 1330 1255 1394 modis
1285 1331 1505 1395 multis
1536 1337 1789 1394 mutata
1817 1352 1940 1416 per
1970 1353 2163 1393 omne

307 1465 434 1510 1025
467 1470 550 1510 ex
576 1447 831 1510 infinito
860 1453 1189 1508 vexantur
1220 1446 1475 1530 percita
1502 1446 1745 1531 plagiS‚

467 1582 660 1625 omne
690 1581 901 1645 genus
930 1568 1147 1623 motus
1181 1567 1249 1621 et
1278 1569 1512 1623 coetus
1544 1542 1956 1644 experiundo

465 1675 734 1739 tandem
767 1674 1132 1738 deveniunt
1159 1675 1226 1736 in
1257 1675 1408 1737 talis
1442 1674 1916 1761 disposituraS‚

468 1790 772 1874 qualibus
802 1790 970 1852 haec
999 1811 1217 1852 rerum
1250 1790 1553 1852 consistit
1582 1811 1833 1869 summa
1864 1796 2121 1859 creata,

469 1911 538 1966 et
563 1903 809 1967 multos
843 1905 1035 1967 etiam
1064 1925 1344 1988 magnos
1376 1912 1643 1967 servata
1671 1925 1792 1988 per
1823 1926 2033 1967 annos

304 2033 432 2080 1030
461 2024 538 2080 ut
568 2018 772 2081 semel
796 2019 864 2080 in
895 2022 1116 2081 motus
1149 2018 1517 2081 coniectast
1547 2018 2031 2091 convenientiS‚

466 2131 666 2194 efficit
692 2138 769 2194 ut
796 2131 998 2215 largis
1029 2132 1295 2194 avidum
1321 2154 1503 2195 mare
1534 2132 1817 2195 fluminis
1845 2131 2043 2195 undis

462 2247 798 2330 integrent
828 2266 1053 2307 amnes
1086 2251 1153 2305 et
1182 2244 1341 2306 solis
1370 2252 1553 2306 terra
1582 2269 1834 2333 vapore

464 2358 607 2423 fota
635 2366 842 2423 novet
870 2357 1046 2421 fetus
1077 2357 1558 2440 summissaque
1588 2369 1754 2440 gens·
1781 2362 2184 2423 animantum

463 2474 701 2538 floreat
731 2481 798 2538 et
825 2474 1056 2538 vivant
1085 2471 1385 2536 labentes
1417 2471 1709 2534 aetheris
1737 2472 1954 2556 ignes3
1981 2552 1989 2563 υ

303 2606 430 2651 1035
466 2589 652 2674 quod
682 2590 863 2652 nullo
894 2587 1194 2651 facerent
1221 2594 1420 2671 pacto
1444 2635 1458 2661 ,
1481 2586 1608 2649 nisi
1633 2586 1928 2649 materiai

469 2725 554 2766 ex
581 2704 837 2766 infinito
872 2703 1157 2766 suboriri
1191 2703 1383 2787 copia
1410 2707 1693 2796 posset„-
1772 2729 1779 2736 ·

463 2816 642 2880 unde
674 2818 912 2879 amissa
944 2817 1164 2880 solent
1191 2837 1509 2900 reparare
1536 2817 1604 2879 in
1633 2824 1934 2906 tempore
1966 2835 2268 2899 quaeque
2291 2865 2304 2876 .

462 2952 614 2992 nam
645 2929 754 2992 vel
781 2930 880 2992 uti
908 2931 1172 3015 privata
1203 2931 1350 2992 cibo
1382 2938 1624 2994 natura
1654 2931 2055 2992 animantum

465 3043 705 3106 diffluit
734 3044 1043 3106 amittens
1077 3065 1319 3128 corpus
1340 3093 1354 3119 ‚
1382 3045 1475 3107 sic
1508 3044 1726 3106 omnia
1757 3042 2005 3106 debent

302 3174 428 3220 1040
463 3156 739 3238 dissolui
771 3157 962 3220 simul
992 3180 1068 3220 ac
1102 3157 1347 3220 defecit
1376 3157 1812 3242 suppedit-are

459 3272 768 3334 materies
799 3271 1020 3356 aliqua
1048 3272 1307 3335 ratione
1338 3294 1573 3335 aversa
1603 3273 1873 3357 viaque.

458 3406 584 3447 nec
612 3387 848 3470 plagae
877 3395 1164 3469 possunt
1195 3388 1609 3451 extrinsecus
1638 3386 1935 3470 undique
1966 3407 2279 3450 summam

460 3521 864 3565 conservare
897 3523 1186 3576 omnem,
1213 3524 1382 3587 quae
1414 3524 1696 3585 cumque
1728 3509 1828 3565 est
1860 3501 2234 3568 conciliata.

461 3614 706 3677 cudere
739 3615 909 3677 enim
941 3616 1175 3679 crebro
1208 3625 1492 3702 possunt
1520 3623 1912 3700 partemque
1941 3615 2217 3685 morari,
2295 3668 2299 3671 Α

298 3743 424 3789 1045
459 3728 614 3791 (111111
643 3730 914 3793 veniant
946 3730 1111 3793 aliae
1143 3752 1220 3793 ac
1251 3731 1545 3818 suppleri
1578 3751 1830 3792 summa
1860 3738 2174 3813 queatur:

426 3892 431 3896 .
460 3843 632 3933 inter
665 3843 820 3905 dum
850 3845 1104 3907 resilire
1133 3853 1353 3909 tamen
1385 3854 1714 3930 coguntur
1748 3852 1815 3910 et
1842 3866 1976 3907 una

460 4161 588 4207 1017
627 4164 834 4207 coetum
891 4154 910 4225 ΙΙ
970 4162 1100 4207 1019
1140 4164 1378 4208 oreasset
1433 4158 1451 4224 ΙΙ
1513 4162 1639 4206 1023
1679 4172 1915 4224 quaeque
1953 4157 2129 4225 sagaci
2166 4162 2342 4206 mente
2378 4153 2687 4215 locarunt.
2734 4168 2755 4236 Η
2839 4223 2840 4238 ¹

462 4243 588 4288 1028
626 4239 784 4289 rebus
854 4238 873 4305 ΙΙ
937 4244 1065 4289 1033
1105 4255 1408 4305 summaque
1471 4238 1490 4304 ΙΙ
1555 4243 1681 4289 1034
1721 4237 1973 4291 Floreant
2011 4242 2030 4309 Η
2072 4244 2198 4289 1037
2238 4238 2489 4289 ammissa
2531 4239 2551 4310 ΙΙ
2609 4254 2754 4300 1040

456 4318 720 4371 Dissoluit
758 4320 776 4388 ΙΙ
821 4326 944 4371 1041
990 4320 1096 4377 via.
