2840 5008
451 333 487 363 ο
581 348 589 353 ·
1158 338 1159 341 ¹
1707 366 1717 372 .

1201 373 1230 440 Ι
2231 375 2317 444 21

129 550 271 613 auris
294 548 444 611 mihi
468 596 486 625 ‚
533 548 862 611 splemmius
903 545 1301 630 (Lambinus
1334 546 1756 629 Mem-miada)
1783 595 1800 623 ‚
1844 557 1900 609 et
1939 558 1992 610 te
2020 545 2326 610 Semotum

131 672 163 710 a
184 648 330 715 curis
358 646 576 709 adhibe
606 671 628 726 ‚-
667 643 852 728 quod
896 651 999 713 est
1035 644 1274 708 durum
1307 650 1374 707 et
1407 643 1780 728 quaesitum
1814 693 1826 706 .
1863 645 2026 708 mihi
2053 645 2322 708 verissi-

130 765 275 807 mum
306 744 667 809 videbatur
699 750 767 806 et
795 790 810 817 ‚
845 742 1100 827 nequid
1131 741 1540 807 dissimulem
1562 788 1577 815 ,
1614 740 1839 805 adhuc
1868 743 2061 805 unice
2093 751 2323 826 aptum

128 842 362 907 videtur
388 864 616 905 vacuas
637 843 819 921 ,auris
847 864 890 904 A
908 863 991 903 NI
1009 864 1113 904 MU
1131 864 1175 903 M
1194 863 1233 916 Q
1252 863 1291 905 u
1308 864 1344 903 E
1376 889 1391 915 ‚
1428 860 1553 926 age
1571 887 1586 914 ‚
1611 839 1917 914 Memmi,
1950 836 2255 904 Semotum
2284 866 2325 904 a

129 941 263 1009 curis
305 939 517 1002 adhibe
558 961 766 1002 veram
800 940 886 1001 ad
909 941 1205 1020 rationem
1237 989 1249 1002 .
1283 938 1550 1002 interim
1592 937 1879 1002 Iacobus
1907 936 2322 1023 Bernaysius

131 1058 262 1123 cum⁸
281 1059 319 1100 a
343 1036 728 1100 Veronensi
757 1038 1128 1121 interprete
1152 1036 1437 1122 Vergilii
1467 1036 1556 1099 ad
1582 1035 1947 1120 georgicon
1976 1059 2053 1098 111
2073 1084 2087 1111 ,
2117 1036 2157 1099 3
2187 1036 2321 1099 Lu-

128 1134 308 1199 cretio
334 1133 506 1211 haec
536 1135 751 1199 verba
780 1133 1078 1205 adscribi
1109 1134 1395 1200 vidisset
1414 1182 1432 1209 ‚
1466 1157 1694 1198 vacuas
1724 1157 1904 1196 aures
1933 1134 2321 1220 animumque

128 1253 349 1294 SAcAo
366 1255 402 1293 E
418 1256 463 1294 Μ
487 1279 502 1306 ,
535 1253 625 1300 ea⁴
648 1233 898 1296 rectius
932 1231 1021 1296 ad
1061 1220 1287 1317 operis
1309 1233 1569 1297 initium
1593 1230 1832 1296 referri
1857 1233 2096 1295 statuit
2120 1252 2326 1317 quam

127 1327 198 1391 ad
232 1328 461 1392 librum
500 1353 590 1405 lv,
612 1329 733 1393 912
751 1377 767 1404 ‚
804 1331 919 1396 ubi
950 1337 1056 1394 est
1094 1332 1151 1394 T
1142 1354 1186 1393 u
1213 1331 1364 1393 mihi
1390 1332 1473 1393 da
1504 1331 1693 1393 tenuis
1723 1353 1903 1393 aures
1933 1332 2331 1415 animumque

125 1449 370 1509 sayacem
399 1475 413 1502 ‚
448 1449 591 1490 non
617 1452 843 1491 vacuas
874 1477 887 1491 .
931 1428 1036 1491 cui
1079 1427 1287 1492 docto
1317 1429 1466 1492 viro
1498 1435 1574 1492 ut
1601 1449 1740 1491 non
1767 1448 2046 1511 possum
2077 1421 2318 1490 contra

128 1522 321 1587 dicere
337 1572 352 1599 ,
373 1525 470 1588 ita
492 1526 698 1589 miror
719 1525 1002 1589 eundem
1021 1526 1094 1589 id
1110 1545 1248 1589 non
1264 1526 1518 1590 vidisse
1538 1574 1554 1598 ,
1580 1525 1766 1610 quod
1782 1572 1797 1600 ‚
1823 1525 1880 1589 si
1905 1524 2067 1589 illud
2085 1546 2319 1597 verum

128 1621 239 1696 sit,
267 1623 642 1686 necessario
686 1621 1140 1707 consequatur
1170 1672 1185 1698 ‚
1220 1630 1295 1686 ut
1338 1632 1497 1687 ante
1539 1624 1668 1687 hos
1698 1635 1937 1688 versus
1967 1671 1983 1697 ,
2029 1623 2143 1689 ubi
2184 1644 2316 1685 em-

127 1718 313 1782 blema
353 1722 437 1786 ab
479 1721 617 1784 hoc
658 1720 812 1783 loco
859 1719 1141 1783 alienum
1193 1719 1696 1804 repudiavimus
1736 1768 1751 1795 ,
1815 1741 1980 1784 vera
2020 1720 2318 1791 Lucretii

128 1819 304 1881 verba
323 1819 647 1904 perierint
676 1841 691 1881 ε
725 1840 881 1882 nam
907 1825 985 1881 ut
1006 1824 1213 1904 pocta
1234 1840 1275 1882 a
1296 1817 1566 1883 Venere
1590 1819 1965 1882 orationem
1991 1817 2080 1881 ad
2101 1818 2315 1881 Mem-

127 1915 292 1977 mium
329 1937 411 1979 ne
449 1916 721 1980 nomine
764 1915 1035 2001 quidem
1077 1916 1490 2002 appellatum
1536 1915 1929 1981 deflecteret
1957 1916 2101 1980 fieri
2130 1916 2313 1979 nullo

126 2012 297 2076 modo
324 2016 544 2099 potuit
560 2063 577 2077 .
801 2017 806 2023 ’

264 2111 351 2174 57.
395 2112 685 2192 Quovr:
728 2133 1007 2175 EADEM
1050 2135 1402 2177 nussum.
1437 2111 1640 2198 Apud
1671 2111 2031 2185 Senecam,
2064 2111 2177 2195 qui
2205 2111 2311 2173 his

130 2215 411 2290 quattuor
454 2210 768 2275 versibus
812 2211 1025 2273 utitur
1064 2258 1078 2285 ‚
1102 2272 1107 2277 ,
1132 2211 1198 2273 in
1247 2210 1538 2295 epistula
1576 2232 1710 2272 xcv
1739 2258 1755 2285 ‚
1811 2211 2061 2295 Quoque
2103 2209 2314 2273 eadem

125 2326 332 2368 NCYSUS·

262 2403 361 2466 66.
395 2427 816 2468 Mon'rAms
858 2427 1218 2469 TOLLERE
1261 2414 1588 2470 OON‘TRA
1615 2405 1782 2470 Eszr
1815 2427 2123 2469 ocunos
2164 2426 2308 2467 Au-

127 2518 239 2562 sus·
269 2550 281 2563 .
333 2501 516 2582 Quae
560 2502 692 2567 hos
739 2524 977 2570 versus
1020 2502 1444 2586 praecedunt
1473 2551 1489 2578 ‚
1536 2525 1765 2567 eorum
1810 2511 2003 2589 parte
2049 2502 2309 2567 Nonius
2337 2513 2342 2518 '

126 2615 257 2660 usus
285 2608 383 2663 est
407 2601 651 2686 p.314‚
675 2601 757 2664 28
788 2609 857 2664 et
885 2601 1007 2664 379
1026 2650 1041 2676 ‚
1073 2603 1147 2666 13
1166 2650 1182 2678 ‚
1203 2604 1363 2666 item
1394 2626 1460 2688 p.
1479 2602 1599 2667 327
1617 2651 1633 2678 ,
1658 2604 1686 2666 1
1707 2651 1723 2678 ‚
1754 2603 1886 2666 alia
1913 2609 2110 2687 parte
2138 2602 2310 2666 Lac-

124 2696 336 2759 tantius
370 2699 869 2763 institutionum
902 2722 1002 2775 111,
1026 2699 1105 2763 27
1124 2747 1140 2774 ,
1172 2701 1244 2763 10
1273 2701 1401 2774 ita,
1436 2703 1607 2780 Quae
1633 2726 1757 2765 sese
1788 2704 1941 2766 caeli
1969 2700 2310 2786 reqionibus

125 2797 436 2879 ostentabat.
481 2798 586 2861 sic
615 2803 799 2861 certe
827 2797 921 2861 ibi
953 2797 1160 2861 editio
1200 2797 1462 2862 Veneta
1493 2800 1648 2863 anni
1682 2800 1834 2862 147-l
1874 2808 1940 2863 et
1968 2798 2308 2862 Rostock-

126 2892 306 2955 censis
333 2894 484 2958 1476
502 2943 517 2970 ,
549 2896 710 2958 item
742 2896 962 2959 codex
984 2918 1164 2962 nunc
1185 2897 1642 2961 Berolinensis
1666 2898 1910 2982 (theol.
1929 2898 2129 2982 381),
2153 2897 2309 2961 olim

123 2982 495 3057 Erfurtensis
524 3042 540 3068 ‚
578 2994 873 3077 scriptus
905 3016 1079 3059 anno
1115 2996 1482 3061 14682nam
1513 2997 1648 3061 duo
1681 2995 1790 3060 alii
1819 3044 1835 3072 ‚
1873 2997 1988 3082 qui
2017 2996 2171 3059 olim
2203 2994 2305 3058 fu-

126 3095 287 3150 erunt
307 3082 561 3155 ⁴‘domus
591 3090 887 3177 gloriose
909 3093 1184 3180 virginis
1206 3096 1424 3159 Marie
1444 3097 1515 3159 in
1534 3094 2023 3159 Evertzclusen
2044 3092 2304 3158 ordinis

126 3186 557 3253 canonicorum
590 3188 995 3274 regularium
1026 3191 1468 3257 Treverensis
1501 3193 1820 3257 diocesis’
1851 3190 2302 3275 (eorum-alte-

124 3298 242 3342 rum
268 3283 494 3367 (theol.
513 3286 639 3350 277
656 3287 680 3371 )
710 3285 1072 3374 descripsit
1104 3312 1187 3353 ex
1219 3290 1449 3354 altero‘
1469 3290 1664 3374 (266)
1690 3285 2095 3354 ‘Anthonius
2125 3289 2306 3371 Raid

125 3373 192 3438 de
211 3377 602 3449 Salmenroir
625 3406 801 3448 anno
828 3386 1054 3471 1469’)
1073 3435 1088 3462 ,
1108 3388 1155 3451 ii
1178 3409 1445 3451 versum
1473 3389 1570 3451 sic
1594 3389 1918 3473 scriptum
1946 3377 2301 3462 exhibent,

123 3476 208 3555 qui
229 3501 283 3572 sq
310 3483 415 3544 celi
440 3483 786 3568 reqionibus
815 3487 1155 3548 ostentavit.
1186 3485 1602 3570 ineptissime
1633 3485 1910 3549 Servius
1943 3485 2032 3549 ad
2059 3485 2303 3549 Aenei-

124 3567 228 3635 dos
252 3597 365 3640 vm
397 3626 412 3654 ‚
450 3580 567 3645 187
600 3591 706 3643 auc
730 3581 1059 3644 secundum
1088 3582 1445 3647 Lucretium
1473 3586 1812 3668 superstitio
1846 3594 1929 3646 est
1952 3593 2299 3667 superstan-

122 3667 243 3732 tium
266 3687 461 3739 rerum
481 3726 498 3756 ,
526 3678 597 3740 id
623 3689 707 3741 est
734 3679 1077 3743 caelestium
1105 3687 1162 3744 et
1188 3682 1537 3744 divinarum
1552 3728 1570 3759 ,
1593 3681 1662 3743 id
1689 3692 1774 3742 est
1799 3702 1955 3765 quae
1979 3701 2163 3762 super
2189 3702 2299 3742 nos

122 3774 274 3848 stant,
304 3774 500 3839 inanis
540 3789 596 3839 et
621 3776 962 3864 mperfluus
990 3779 1170 3842 timor
1205 3763 1238 3841 .’
1261 3800 1434 3863 quae
1467 3777 1970 3860 exscripserunt
1995 3774 2300 3840 Isidorus

123 3863 408 3949 Originum
438 3897 598 3948 vm,
619 3875 656 3937 3
676 3921 691 3948 ,
711 3875 748 3937 7
782 3882 850 3937 et
880 3876 1120 3938 tertius
1149 3874 1693 3962 mythographus
1721 3873 1863 3937 Mai
1890 3897 1953 3959 p.
1978 3873 2095 3937 184
2128 3923 2141 3937 .
2186 3874 2298 3938 hic

121 3970 255 4026 vero
280 3966 531 4035 Nonius
561 3994 624 4056 p.
648 3972 767 4035 411
791 4004 811 4047 ,»
830 3971 868 4034 2
887 4020 902 4046 ,
932 3975 1046 4038 ubi
1079 3976 1316 4038 tendere
1346 3996 1545 4058 quam
1572 3972 1762 4036 vario
1794 3971 1998 4036 modo
2030 3971 2298 4037 dicatur

123 4064 382 4131 ostendit
407 4116 423 4142 ,
456 4072 732 4134 mortalis
759 4071 998 4158 tendere
1027 4084 1237 4135 contra
1268 4072 1614 4139 Estoculos
1642 4094 1826 4135 ausus
1848 4096 1868 4133 .·
1895 4070 2049 4135 libri
2079 4073 2298 4134 nostri

123 4154 319 4225 tollere.
347 4163 584 4231 horum
616 4174 974 4251 utrumque
1005 4169 1376 4232 rectissime
1405 4168 1662 4232 habere
1693 4168 2035 4232 Bentleius
2068 4176 2293 4231 osten-

123 4246 205 4314 dit
219 4258 296 4319 ad
311 4260 661 4328 Horatium
680 4286 880 4329 carm.
900 4288 923 4327 1
939 4265 1005 4339 ‚3
1020 4315 1035 4341 ‚
1060 4267 1135 4330 18
1154 4274 1222 4330 et
1242 4267 1437 4349 epist.
1457 4290 1478 4328 1
1495 4314 1509 4341 ‚
1537 4268 1589 4339 1,
1609 4264 1690 4329 28
1707 4313 1723 4340 ,
1740 4288 1960 4350 neque
1975 4266 2290 4348 Philippo

120 4342 424 4437 Wagnero
449 4363 951 4428 concedendum
973 4371 1141 4448 puto
1167 4364 1353 4449 quod
1377 4364 1541 4431 dicit
1564 4364 1652 4427 ad
1670 4362 2009 4428 Aeneidos
2033 4384 2080 4425 11
2098 4409 2112 4436 ,
2134 4362 2257 4425 405
2275 4410 2290 4437 ,
