2840 5008
1140 385 1266 454 1111
2194 384 2327 456 119

75 562 223 648 quid
253 560 490 626 cordis
524 562 764 648 globus
796 568 912 624 aut
942 559 1166 625 oculi?
1190 559 1354 644 quid
1383 560 1728 623 membra?
1751 560 1917 645 quid
1946 562 2179 625 artus?
2271 609 2280 615 .
2331 605 2334 612 -

19 698 39 742 ο
73 677 381 762 quantula
411 678 611 741 sunt!
636 675 795 762 quid
825 683 1174 761 praeterea
1203 674 1565 760 primordia
1594 697 1926 761 quaeque,
1951 675 1956 680 ’

70 792 233 857 unde
264 793 500 856 anima
529 800 729 877 atque
759 792 956 856 animi
985 798 1252 855 constet
1279 797 1522 855 natura
1549 792 2014 857 necessumst?

69 929 278 971 nonne
310 907 516 972 vides
550 924 748 992 quam
777 908 910 970 sint
938 906 1204 971 subtilia
1236 907 1897 991 quamque-minuta?

70 1031 412 1107 praeterea
443 1044 621 1108 quae
650 1043 931 1106 cumque
961 1043 1084 1084 suo
1117 1020 1203 1084 de
1235 1026 1521 1108 corpore
1540 1021 1829 1085 *odorem
1907 1067 1913 1074 -

69 1138 371 1223 expirant
401 1159 629 1201 acrem
649 1186 663 1213 ‚
687 1158 976 1221 panaces
996 1185 1011 1211 ,
1035 1137 1369 1201 absinthia
1397 1143 1644 1211 taetra,

19 1272 31 1314 s
64 1253 560 1337 habrotonique
589 1273 828 1337 graves
859 1261 929 1316 et
957 1252 1177 1316 tristia·
1201 1259 1590 1326 centaurea,

67 1390 340 1453 quorum
370 1389 583 1432 unum
617 1366 882 1452 quidvis
909 1368 1147 1432 leviter
1178 1368 1233 1430 si
1262 1366 1439 1431 forte
1470 1366 1734 1430 duobus

1097 1530 1132 1565 ³1⁸

975 1713 1087 1797 qui
1115 1711 1384 1775 fulmine
1415 1712 1598 1775 claro

68 1830 272 1891 omnia
304 1850 429 1914 per
462 1831 726 1892 sonitus
757 1835 942 1891 arcet
958 1876 974 1902 ‚
996 1835 1242 1891 terram
1264 1876 1279 1902 ‚
1301 1847 1484 1890 mare
1503 1876 1518 1903 ‚
1541 1828 1826 1891 caelum.

1096 1988 1131 2025 ³1⁸

19 2186 32 2230 ι·
69 2172 211 2254 quin
237 2174 475 2258 potius
505 2192 750 2235 noscas
780 2192 999 2234 rerum
1030 2171 1380 2235 simulacra
1408 2173 1639 2257 vagari

68 2287 257 2351 multa
283 2286 509 2351 modis
541 2287 762 2351 multis
781 2334 795 2361 ‚
815 2286 999 2349 nulla
1028 2287 1126 2361 vi,
1151 2308 1479 2371 cassaque
1511 2288 1759 2351 sensu?

110 2401 321 2485 {Sed
349 2423 437 2466 ne
468 2400 646 2465 forte
675 2409 871 2486 putes
903 2422 981 2464 ea
1011 2400 1271 2465 demum
1302 2401 1448 2465 sela
1475 2403 1732 2487 vagari,

19 2531 34 2575 ο
68 2538 222 2600 quae
253 2539 542 2603 cumque
572 2518 655 2581 ab
682 2518 885 2580 rebus
916 2493 1139 2581 rerum
1167 2518 1519 2581 simulacra
1547 2518 1901 2593 recedunt,

70 2642 211 2696 sunt
239 2634 435 2696 etiam
467 2653 640 2717 quae
671 2640 914 2716 sponte
944 2654 1066 2695 sua
1093 2633 1456 2717 gignuntur
1488 2641 1555 2696 et
1581 2634 1729 2718 ipsa

71 2750 551 2813 constituuntur
580 2747 648 2809 in
677 2746 809 2810 hoc
840 2746 1024 2809 caelo
1044 2794 1059 2821 ‚
1084 2747 1198 2830 qui
1231 2745 1471 2811 dicitur
1502 2753 1646 2823 aer,

19 2875 36 2918 5
69 2883 221 2944 quae
250 2863 475 2927 multis
504 2860 792 2925 formata
818 2860 1034 2925 modis
1065 2861 1343 2925 sublime
1371 2861 1709 2935 feruntur,

21 2990 35 3034 1
70 2998 175 3041 nec
202 2977 495 3063 speciem
523 2984 780 3040 mutare
812 2998 997 3041 suam
1028 2976 1345 3060 liquentia
1373 2985 1647 3063 cessant

70 3101 126 3156 et
151 3093 471 3177 cuiusque
499 3090 682 3155 modi
710 3090 1073 3154 formarum
1102 3099 1364 3155 vertere
1391 3092 1461 3154 in
1492 3114 1681 3168 oras3

19 3219 35 3263 3
66 3217 129 3270 ut
151 3211 363 3271 nubes
391 3206 589 3270 facile
615 3207 790 3271 inter
820 3205 978 3269 dum
1006 3228 1444 3288 concrescere
1472 3207 1540 3269 in
1570 3207 1707 3271 alto

68 3324 374 3386 cernimus
406 3330 476 3386 et
502 3320 735 3384 mundi
761 3322 1050 3407 speciem
1079 3321 1331 3385 violare
1361 3343 1693 3396 serenam,

19 3448 34 3492 5
66 3442 207 3500 aera
231 3438 596 3501 mulcentes
625 3445 843 3501 motu:
867 3459 1018 3500 nam
1048 3457 1249 3521 saepe
1282 3436 1640 3522 Gigantum

69 3572 176 3615 ora
201 3553 425 3616 volare
453 3550 769 3616 videntur
800 3559 867 3614 et
895 3552 1192 3615 umbram
1225 3550 1473 3616 ducere
1499 3552 1635 3616 late
1655 3602 1669 3626 ‚

66 3646 221 3730 inter
251 3666 406 3731 dum
436 3666 655 3751 magni
683 3675 946 3730 montes
977 3667 1341 3752 avolsaque
1371 3688 1538 3730 saxa

65 3783 378 3847 montibus
409 3788 566 3845 ante
595 3782 691 3843 ire
724 3791 789 3844 et
817 3781 1024 3845 solem
1055 3781 1416 3846 succedere
1446 3789 1746 3868 praeter,

19 3909 34 3953 θ
64 3895 197 3961 inde
225 3899 390 3962 alios
422 3896 695 3960 trahere
725 3904 929 3982 atque
955 3895 1275 3961 inducere
1304 3896 1502 3959 belua
1530 3896 1787 3960 nimbos
1810 3897 1863 3979 .]

19 4022 34 4067 3
130 4012 316 4077 Nunc
349 4035 431 4076 ea
463 4032 663 4096 quam
692 4010 868 4076 facili
900 4019 967 4075 et
995 4012 1193 4076 celeri
1221 4013 1479 4075 ratione
1510 4019 1840 4097 genantur

68 4137 507 4214 perpetuoque
536 4125 749 4190 fluant
777 4127 860 4190 ab
891 4128 1092 4191 rebus
1114 4127 1443 4213 lapsaque
1473 4126 1723 4192 cedant

73 4378 148 4424 142
180 4375 359 4429 horas.
401 4374 422 4442 ΙΙ
465 4380 561 4427 143
604 4383 885 4444 gerantur.
