2840 5008
498 418 632 485 136
1571 419 1634 487 11

495 598 848 655 contracta
888 589 1277 654 Terentium
1324 591 1390 654 in
1441 592 1769 677 Adelphis
1815 615 1885 667 11,
1903 591 1962 668 2,
1987 593 2059 656 17
2106 613 2364 678 ponere
2416 593 2720 678 potuisse

492 689 837 754 Bentleius
852 695 1058 774 negat
1074 712 1089 764 3
1108 688 1222 752 vix
1240 697 1427 753 recte
1445 738 1460 766 ,
1481 712 1628 754 cum
1645 692 1714 753 in
1733 692 2012 754 deorsum
2030 691 2369 777 disyllabo
2387 692 2557 755 item
2574 693 2720 754 bre-

492 810 643 853 vem
664 809 811 852 cum
828 788 1032 873 longa
1051 787 1360 851 contrahi
1377 810 1463 851 ex
1476 810 1556 852 eo
1570 797 1896 873 appareat
1910 788 2098 873 quod
2109 788 2435 852 dixerunt
2447 790 2717 853 deosum.

492 908 632 950 non
663 895 770 951 est
806 895 1030 951 tamen
1058 885 1426 950 verendum
1457 888 1696 970 nequis
1727 887 1964 950 eodem
1992 887 2133 948 iure
2164 893 2444 969 poetam
2477 886 2719 949 Culicis

494 985 576 1048 66
607 986 827 1050 Boethi
865 1006 1109 1049 nomen
1149 984 1412 1048 duabus
1443 970 1722 1069 s'yllabis
1755 984 2076 1047 extulisse
2108 981 2347 1046 credat
2367 1030 2384 1054 ,
2420 1004 2577 1045 cum
2604 1004 2719 1045 no·

492 1084 804 1148 vissimus
829 1083 1051 1147 editor
1070 1082 1309 1146 librum
1333 1081 1812 1165 interpolatum
1836 1080 2028 1164 sequi
2051 1079 2390 1153 maluerit,
2414 1082 2718 1164 quamvis

495 1181 745 1266 optime
775 1182 980 1245 sciret
1009 1201 1156 1243 cum
1178 1181 1410 1242 Alcone
1437 1178 1684 1242 nullum
1712 1179 2113 1242 caelatorem
2145 1177 2369 1261 aptius
2403 1179 2721 1263 coniungi

492 1299 699 1362 posse
731 1300 929 1363 quam
961 1279 1270 1343 Rhoecum
1302 1276 1591 1340 Samium
1632 1324 1644 1338 .
1708 1274 1830 1339 sed
1863 1274 2147 1338 Gellium
2174 1276 2557 1359 praeterire
2588 1299 2721 1340 non

496 1378 714 1441 debeo
760 1426 777 1456 ,
826 1377 939 1460 qui
978 1376 1152 1440 dixit
1178 1376 1246 1437 in
1278 1398 1346 1448 11,
1372 1375 1445 1438 17
1477 1375 1697 1461 Neque
1724 1397 1863 1438 cero
1894 1398 2006 1438 con
2022 1375 2339 1459 particula
2367 1385 2501 1437 tum
2527 1377 2722 1438 solum

482 1477 852 1560 producitur
878 1523 896 1553 ‚
944 1497 1081 1538 cum
1122 1497 1196 1536 ea
1223 1474 1425 1536 littera
1452 1474 1527 1535 de
1555 1495 1680 1558 qua
1715 1471 1923 1536 Cicero
1953 1473 2101 1536 dicit
2128 1471 2298 1556 (hoc
2330 1480 2438 1535 est
2450 1472 2533 1558 f)
2565 1474 2721 1536 inse-

496 1575 702 1658 quitur
718 1599 740 1634 .·
757 1595 904 1636 nam
932 1583 990 1636 et
1023 1573 1167 1635 Cato
1196 1582 1251 1634 et
1280 1571 1607 1635 Sallustius
1629 1564 2022 1657 ‘foenoribus’
2052 1570 2271 1654 (immo
2285 1570 2691 1656 facinoribus
2707 1596 2726 1632 :

497 1670 592 1732 sic
635 1678 819 1735 certe
855 1669 1212 1733 Sallustius
1251 1670 1321 1732 in
1353 1670 1640 1734 Catilina
1667 1668 1766 1742 23,
1793 1670 1860 1753 l)
1901 1670 2183 1754 inquiunt
2214 1662 2563 1753 ‘coopertus
2588 1672 2728 1746 est',

487 1779 810 1851 praeterea
839 1770 1148 1852 colliyatus
1181 1779 1238 1830 et
1264 1790 1526 1831 conexus
1543 1768 1841 1852 producte
1881 1768 2104 1829 dicitur
2139 1815 2152 1829 .
2196 1765 2375 1829 idem
2415 1767 2487 1828 in
2530 1789 2622 1841 ιν,
2647 1767 2726 1829 17

496 1865 624 1930 Sed
643 1889 835 1953 neque
862 1866 934 1929 ob
959 1888 1152 1951 neque
1189 1866 1297 1929 sub
1314 1867 1688 1951 praepositio
1719 1865 2106 1949 producendi
2143 1863 2361 1927 habent
2393 1874 2694 1928 naturam
2709 1913 2727 1943 ,

492 1986 684 2049 neque
722 1965 863 2027 item
906 1987 1017 2027 con
1044 2012 1062 2042 ‚
1104 1964 1223 2027 nisi
1265 1987 1402 2027 cum
1443 1985 1578 2027 eam
1601 1964 1853 2027 ,litterae
1892 1972 2175 2026 secuntur
2216 1984 2375 2047 quae
2414 1964 2482 2024 in
2525 1964 2731 2025 verbis

495 2064 793 2125 constituit
820 2075 877 2127 et
902 2062 1158 2150 confecit
1180 2064 1510 2127 secundum
1540 2083 1675 2124 eam
1692 2061 1939 2146 primae
1967 2055 2104 2123 sunt
2124 2106 2139 2134 ,
2186 2061 2281 2122 vel
2306 2082 2444 2123 cum
2472 2062 2730 2124 eliditur

494 2182 571 2224 ex
598 2185 673 2224 ea
699 2184 742 2223 n
772 2162 1000 2241 littera,
1035 2163 1191 2225 sicut
1217 2159 1544 2225 Sallustius
1555 2153 1574 2178 ⁶
1573 2158 1979 2245 facinoribus'
1999 2159 2209 2243 inquit
2231 2151 2249 2175 ⁰
2264 2158 2597 2242 coopertus-⁹
2617 2207 2630 2221 .
2655 2159 2730 2221 in

492 2258 602 2322 his
642 2258 999 2324 falsissima
1042 2267 1201 2324 sunt
1243 2270 1555 2344 coopertus
1596 2265 1664 2322 et
1707 2258 2020 2342 colliyatus
2061 2304 2079 2335 ,
2124 2256 2193 2318 in
2226 2256 2471 2339 quibus
2501 2279 2539 2319 o
2570 2277 2730 2320 cor-

495 2356 766 2440 ripitur.
794 2356 1046 2421 Gellius
1070 2358 1346 2441 scripsit
1366 2368 1640 2441 copertus
1662 2363 1731 2418 et
1753 2357 2065 2440 coiuyatus
2077 2378 2102 2434 ,-
2125 2354 2732 2437 quorumalterum

495 2476 702 2540 supra
727 2455 1132 2520 firmavimus
1155 2504 1169 2530 ,
1195 2455 1387 2539 eique
1411 2453 1807 2517 simillimum
1838 2459 1943 2516 est
1974 2451 2162 2537 quod
2186 2450 2441 2516 Gellius
2472 2454 2732 2520 subicit

496 2576 640 2638 0090
674 2580 695 2616 .·
738 2553 824 2618 de
866 2554 1107 2617 ceteris
1150 2555 1513 2618 observare
1552 2552 1712 2615 licet
1752 2574 1821 2614 co
1861 2549 2268 2635 productum
2297 2551 2442 2614 sine
2473 2573 2732 2638 excep-

493 2652 679 2714 tione
709 2653 911 2717 scribi
939 2659 1095 2716 ante
1119 2675 1204 2737 yn
1247 2651 1640 2736 (coqnoscere
1668 2671 1992 2734 coynomen
2022 2650 2296 2733 coynatio
2326 2651 2511 2713 coniti
2553 2654 2729 2714 coni-

492 2773 631 2812 vere
660 2762 962 2814 conectere
992 2752 1312 2815 conubium
1347 2798 1365 2829 ,
1414 2771 1455 2812 a
1496 2748 1739 2832 quibus
1779 2745 2096 2810 differunt
2126 2768 2445 2830 conyerere
2477 2754 2552 2815 et.
2578 2772 2728 2812 con-

493 2849 860 2933 numerare)
892 2896 907 2922 ,
955 2872 1067 2912 con
1098 2856 1165 2912 et
1195 2873 1263 2912 co
1295 2847 1561 2933 syllaba
1588 2847 1793 2932 longa
1819 2845 2203 2929 promiscue
2233 2851 2391 2908 ante
2418 2847 2444 2908 i
2472 2866 2725 2911 conso·

494 2951 761 3007 nantem
811 2953 879 3009 et
924 2945 1110 3029 apud
1138 2946 1634 3009 vetustissimos
1680 2950 1838 3007 ante
1882 2968 1924 3007 u
1972 2949 2455 3006 consonantem
2500 2942 2618 3006 vel
2655 2968 2722 3008 c.

494 3042 914 3106 notissimum
945 3051 1050 3106 est
1078 3047 1303 3127 cojeere
1343 3043 1485 3106 sive
1517 3032 1769 3107 eoiicere
1803 3091 1818 3117 ‚
1872 3040 2056 3126 quod
2089 3039 2571 3119 Quintilianum
2603 3062 2723 3128 ag·-

493 3162 776 3205 noscere
807 3139 946 3205 dixi
978 3139 1065 3204 ad
1098 3138 1334 3203 Gaium
1366 3162 1463 3214 111,
1486 3140 1605 3203 119
1652 3188 1666 3203 .
1715 3142 1945 3205 coicere
1975 3139 2161 3222 apud
2187 3137 2480 3200 Nonium
2509 3161 2573 3222 p.
2595 3139 2722 3202 267

494 3237 619 3301 268
649 3239 973 3322 scriptum
1003 3244 1108 3301 est
1137 3238 1395 3301 octiens
1415 3287 1429 3300 .
1451 3239 1549 3301 ita
1577 3237 1755 3301 idem
1783 3259 1846 3321 p.
1867 3236 2007 3311 506,
2025 3236 2105 3299 23
2138 3257 2173 3299 e
2198 3235 2456 3300 Lucilio
2493 3237 2724 3302 Goicito

410 3334 411 3337 ’
494 3346 549 3398 te
575 3337 733 3399 intro
763 3344 830 3399 et
859 3357 945 3399 ex
967 3335 1287 3399 Terentio
1319 3337 1610 3400 coicerem
1631 3357 1697 3419 p.
1714 3335 1813 3410 87,
1833 3335 1947 3409 31,
1970 3334 2084 3397 ubi
2105 3333 2359 3396 Paulus
2391 3328 2721 3419 diaconus

493 3455 560 3517 p.
583 3432 702 3496 124
732 3435 986 3498 coiciam
1009 3483 1023 3498 .
1051 3434 1120 3498 in
1155 3432 1481 3497 Varronis
1510 3455 1732 3497 rerum
1759 3440 1924 3496 rust.
1956 3432 2173 3507 111,14,
2191 3431 2233 3494 4
2261 3431 2415 3495 coici
2441 3478 2455 3493 .
2484 3430 2722 3515 itaque

497 3531 853 3597 Caesarem
885 3534 1180 3597 scribere
1204 3531 1474 3595 solitum
1502 3530 1709 3595 fuisse
1740 3552 1776 3594 e
1807 3529 2297 3593 commentariis
2322 3527 2725 3614 Nipperdeii

382 3698 385 3703 ,
497 3640 784 3717 apparet
807 3633 893 3717 (p.
912 3632 1035 3696 295
1066 3631 1188 3696 304
1219 3631 1340 3694 313
1369 3631 1496 3694 448
1524 3629 1646 3692 455
1675 3629 1798 3692 473
1829 3628 2008 3712 551),
2039 3628 2152 3712 qui
2175 3649 2295 3691 cur
2314 3627 2390 3691 id
2418 3626 2727 3710 recipere

494 3733 784 3795 noluerit
811 3753 947 3794 non
977 3731 1177 3793 video
1209 3778 1222 3791 .
1269 3731 1644 3794 coicerentur
1669 3728 1739 3790 in
1771 3727 1973 3790 Caelii
2004 3726 2090 3790 ad
2125 3725 2511 3789 Ciceronem
2542 3727 2714 3809 epis-

496 3830 639 3891 tula
666 3829 783 3903 8,ss
818 3879 831 3892 .
870 3830 939 3891 in
979 3829 1189 3912 ipsius
1223 3827 1566 3891 Ciceronis
1599 3826 1900 3910 epist.-1x‚
1918 3823 2071 3899 20,1
2105 3825 2456 3902 coieeimuS,
2479 3824 2723 3898 x,30‚3

497 3927 725 3988 coicere
756 3975 768 3988 .
813 3928 1175 3989 coiiciuntur
1201 3925 1270 3987 in
1303 3923 1592 3986 Vitruvii
1619 3923 1794 3988 libro
1827 3944 1897 3996 11,
1915 3922 1973 3994 4,
1993 3921 2031 3984 3
2048 3970 2065 4000 ,
2090 3921 2425 3983 coiciantur
2454 3922 2724 3984 coiciun-

497 4035 596 4086 tur
618 4024 867 4085 coicitur
898 4046 966 4093 ιι,
987 4022 1042 4095 5,
1080 4022 1107 4083 1
1142 4022 1180 4085 2
1211 4021 1250 4083 3
1271 4070 1285 4095 ,
1306 4021 1466 4083 item
1495 4023 1553 4095 7,
1573 4020 1610 4082 5
1641 4019 1891 4095 νιι,8,4
1926 4019 2020 4091 14,
2046 4018 2073 4080 1
2107 4040 2171 4092 x,
2189 4016 2247 4090 2,
2266 4016 2305 4079 6
2341 4017 2494 4091 12,2
2515 4067 2527 4080 .
2552 4019 2723 4081 00]ιὶ-

498 4123 577 4184 cit
591 4118 921 4206 glossaria
939 4120 1236 4185 Labbaei
1263 4166 1277 4182 .
1303 4118 1523 4181 codex
1539 4118 1722 4181 Festi
1743 4119 1951 4181 coiecit
1966 4138 2028 4200 p.
2049 4114 2189 4193 344,
2208 4113 2286 4177 31
2313 4163 2327 4176 .
2354 4117 2726 4180 coiecturam

494 4219 752 4282 Fronto
797 4239 859 4301 p.
879 4215 1002 4280 290
1049 4267 1061 4280 .
1106 4218 1177 4280 in
1217 4222 1494 4278 senatus
1526 4214 1836 4277 consulto
1871 4213 1955 4276 de
1984 4212 2527 4277 Bacchanalibus
2561 4236 2724 4277 com-

494 4319 689 4381 vovise
719 4317 1090 4379 coventionid
1115 4363 1131 4392 ‚
1173 4315 1594 4378 consoluerunt
1621 4313 2008 4397 conspondise
2039 4311 2397 4374 cosoleretur
2419 4336 2440 4372 .·
2486 4313 2724 4374 cos-mit-

496 4426 616 4476 tere
635 4413 818 4498 apud
831 4413 1100 4477 Festum
1122 4435 1183 4496 p.
1205 4412 1279 4473 51
1305 4461 1316 4472 .
1337 4410 1460 4474 sed
1482 4411 1867 4473 conauditum
1894 4417 1961 4473 et
1984 4410 2345 4493 coninquere
2367 4409 2424 4470 si
2443 4408 2726 4483 fuerunt
