2840 5008
523 373 656 439 146
1579 372 1705 440 IIII

511 544 826 608 bracchia
855 545 1347 629 palpebraeque
1377 539 1632 609 cadunt
1650 595 1666 621 ‚
1686 547 2116 632 poplitesque
2145 553 2418 617 cubanti

512 632 714 744 saepe
742 668 964 722 tamen
993 659 1492 723 summittuntur
1520 661 1814 745 virisque
1840 663 2190 740 resolvunt
2218 714 2231 727 .

515 772 757 836 deinde
790 774 1005 837 cibum
1035 774 1337 858 sequitur
1367 793 1673 850 somnus,
1699 776 1855 860 quia
1873 823 1888 850 ‚
1912 797 2083 861 quae
2111 778 2274 843 facit
2303 787 2445 860 aer,

365 903 462 948 955
507 887 675 950 haec
707 887 937 951 eadem
968 889 1154 951 cibus
1174 937 1188 963 ,
1209 889 1279 951 in
1308 911 1515 953 venas
1547 889 1703 952 dum
1734 889 1985 954 diditur
2015 893 2257 968 omnis,

511 1002 745 1066 efficit.
772 1011 838 1066 et
866 1002 1072 1065 multo
1105 1021 1313 1087 sopor
1340 1004 1449 1066 ille
1479 1005 1905 1088 gravissimus
1938 1014 2188 1080 exstat,

510 1139 704 1202 quem
736 1124 920 1180 satur
950 1124 1064 1181 aut
1092 1117 1310 1182 lassus
1339 1118 1567 1201 capias
1586 1166 1601 1191 ‚
1627 1119 1783 1202 quia
1810 1118 2092 1204 plurima
2119 1130 2256 1183 tum
2289 1143 2362 1184 se

508 1254 795 1317 corpora
824 1231 1230 1294 conturbant
1257 1251 1499 1316 magno
1532 1240 1816 1294 contusa
1843 1233 2073 1297 labore
2091 1283 2104 1296 .

504 1346 579 1409 fit
606 1347 866 1409 ratione
898 1344 1128 1408 eadem
1159 1346 1504 1410 coniectus
1533 1346 1772 1429 partim
1804 1347 2040 1409 animai

358 1476 458 1522 960
504 1461 700 1523 altior
719 1509 733 1533 ‚
757 1468 958 1543 atq'ue
987 1459 1168 1523 foras
1201 1460 1449 1522 eiectus
1480 1460 1726 1543 largior
1757 1461 1929 1535 eiuS‚

478 1556 573 1637 'et
602 1573 873 1637 divisior
901 1574 1076 1636 inter
1104 1595 1179 1636 se
1208 1595 1287 1636 ac
1319 1573 1705 1637 distractior
1734 1583 1957 1637 actus.

579 1688 671 1752 Et
700 1710 834 1773 quo
868 1689 1150 1772 quisque
1179 1686 1319 1750 fere
1348 1688 1575 1752 studio
1608 1687 1959 1752 devinctus
1988 1689 2340 1765 adhaeret,

499 1811 616 1866 aut
647 1804 885 1886 quibus
913 1804 981 1864 in
1011 1803 1211 1866 rebus
1244 1803 1519 1866 multum
1549 1824 1774 1866 sumus
1805 1811 1960 1867 ante
1990 1807 2229 1868 morati

498 1924 701 2001 atque
731 1918 797 1979 in
829 1938 907 1979 ea
937 1918 1197 1980 ratione
1226 1917 1351 1979 fuit
1382 1925 1699 1981 contenta
1729 1919 1938 2002 magis
1966 1941 2153 1982 mens
2171 1968 2185 1992 ‚

351 2047 447 2092 965
492 2031 560 2094 in
591 2032 836 2094 somnis
867 2031 1097 2094 eadem
1125 2031 1517 2116 plerumque
1547 2032 1848 2095 videmur
1877 2033 2096 2109 obire3

496 2145 811 2209 causidici
843 2167 1079 2210 causas
1109 2167 1309 2230 agere
1343 2155 1409 2210 et
1441 2167 1841 2231 componere
1871 2147 2085 2230 leges,

490 2260 1005 2346 induperatores
1034 2281 1333 2344 pugnare
1364 2239 1443 2322 ac
1472 2261 1728 2345 proelia
1756 2262 1972 2336 obire,

490 2383 735 2440 nautae
766 2381 1181 2437 contractum
1212 2395 1360 2436 cum
1390 2376 1606 2437 ventis
1640 2363 1883 2459 degere
1914 2376 2188 2449 bellum,

489 2514 618 2555 nos
649 2512 846 2576 agere
877 2488 1009 2552 hoc
1040 2497 1259 2552 autem
1290 2497 1358 2553 et
1385 2497 1691 2553 naturam
1724 2512 2046 2574 quaerere
2074 2513 2294 2556 rerum

346 2621 446 2667 970
492 2627 754 2691 semper
785 2613 850 2668 et
877 2605 1213 2668 inventam
1246 2605 1481 2690 patriis
1514 2626 1851 2689 exponere
1884 2605 2162 2669 chartiS.

490 2729 712 2783 cetera
743 2720 837 2782 sic
869 2719 1088 2783 studia
1117 2729 1318 2803 atque
1349 2728 1530 2782 artes
1559 2719 1948 2805 plerumque
1978 2720 2287 2785 vident-ur

486 2834 555 2896 in
584 2834 832 2896 somnis
864 2836 1115 2897 animos
1146 2834 1484 2897 hominum
1514 2834 1833 2897 frustrata
1861 2842 2118 2896 tenere.

488 2957 555 3011 et
585 2948 699 3031 qui
729 2969 1009 3031 cumque
1041 2948 1183 3012 dies
1212 2949 1459 3011 multos
1497 2969 1579 3010 ex
1610 2947 1844 3010 ordine
1873 2948 2047 3011 ludis

485 3060 803 3126 adsiduas
836 3061 1170 3126 dederunt
1199 3084 1474 3146 operas,
1500 3063 1889 3146 plerumque
1918 3063 2217 3127 videmus
2239 3114 2253 3139 ‚

338 3191 435 3237 975
483 3198 628 3240 cum
656 3178 784 3240 iam
815 3177 1216 3249 destiterunt
1247 3200 1325 3240 ea
1353 3178 2043 3263 sensibus‘usurparffi

482 3293 765 3356 relicuas
794 3302 1014 3356 tamen
1048 3314 1194 3356 esse
1224 3294 1366 3357 vias
1394 3293 1462 3356 in
1491 3286 1709 3355 mente
1740 3294 2059 3376 patentiS‚

485 3430 618 3493 qua
637 3405 909 3492 'possint
940 3406 1172 3470 eadem
1202 3430 1423 3471 rerum
1455 3409 1802 3471 simulacra
1832 3410 2090 3472 venire:

480 3546 602 3610 per
629 3524 873 3586 multos
903 3524 1130 3606 itaque
1159 3523 1270 3585 illa
1301 3522 1443 3585 dies
1476 3523 1709 3586 eadem
1740 3524 2185 3588 obversantur

479 3646 634 3702 ante
666 3639 900 3702 oculos
923 3687 937 3712 ‚
962 3637 1157 3700 etiam
1188 3638 1539 3723 vigilantes
1569 3648 1644 3711 ut
1673 3638 2026 3702 videantur

332 3767 430 3813 980
479 3774 750 3817 cernere
781 3753 1082 3816 saltantis
1116 3761 1183 3816 et
1211 3753 1433 3817 mollia
1462 3756 1755 3818 membra
1784 3755 2112 3818 moventis
2130 3804 2144 3828 ‚

478 3874 547 3929 et
575 3868 872 3931 citharae
902 3867 1223 3950 liquidum
1254 3891 1519 3932 carmen
1551 3867 1979 3952 chordasque
2009 3869 2344 3953 loquentis

477 3981 747 4043 auribus
779 3983 1082 4066 accipere
1103 4030 1116 4055 ‚
1142 3991 1209 4045 et
1240 4005 1626 4048 consessum
1656 4005 1930 4047 cernere
1963 3983 2244 4047 eundem

475 4097 834 4179 scenaique
863 4095 1055 4158 simul
1082 4098 1302 4161 varios
1335 4097 1691 4183 splendere
1724 4098 2038 4163 decores,

473 4348 570 4394 959
607 4350 759 4412 parte
794 4341 813 4410 Η
854 4348 948 4393 961
992 4343 1158 4395 intus,
1196 4346 1213 4411 Η
1254 4351 1350 4395 982
1391 4361 1710 4397 consensum
1749 4348 1767 4415 Η
1808 4353 1902 4398 983
1943 4346 2246 4416 Scenatqne
