<?xml version="1.0" encoding="UTF-8"?>
<!DOCTYPE html PUBLIC "-//W3C//DTD XHTML 1.0 Transitional//EN"
    "http://www.w3.org/TR/xhtml1/DTD/xhtml1-transitional.dtd">
<html xmlns="http://www.w3.org/1999/xhtml" xml:lang="en" lang="en">
 <head>
  <title>
</title>
<meta http-equiv="Content-Type" content="text/html;charset=utf-8" />
  <meta name='ocr-system' content='tesseract 3.04.00' />
  <meta name='ocr-capabilities' content='ocr_page ocr_carea ocr_par ocr_line ocrx_word'/>
</head>
<body>
  <div class='ocr_page' id='page_1' title='image "./tlucreticarider02lachgoog_0093.png"; bbox 0 0 2840 5008; ppageno 0'>
   <div class='ocr_carea' id='block_1_1' title="bbox 1144 378 1240 446">
    <p class='ocr_par' dir='ltr' id='par_1_1' title="bbox 1144 378 1240 446">
     <span class='ocr_line' id='line_1_1' title="bbox 1144 378 1240 446; baseline 0.01 -1"><span class='ocrx_word' id='word_1_1' title='bbox 1144 378 1240 446; x_wconf 92' lang='lat' dir='ltr'>III</span> 
     </span>
    </p>
   </div>
   <div class='ocr_carea' id='block_1_2' title="bbox 62 526 1826 1325">
    <p class='ocr_par' dir='ltr' id='par_1_2' title="bbox 62 526 1826 982">
     <span class='ocr_line' id='line_1_2' title="bbox 66 526 1774 638; baseline 0.001 -21"><span class='ocrx_word' id='word_1_2' title='bbox 66 575 294 638; x_wconf 85' lang='lat' dir='ltr'>suppus</span> <span class='ocrx_word' id='word_1_3' title='bbox 314 602 329 628; x_wconf 92' lang='lat'>‚</span> <span class='ocrx_word' id='word_1_4' title='bbox 356 561 428 617; x_wconf 93' lang='lat' dir='ltr'>et</span> <span class='ocrx_word' id='word_1_5' title='bbox 457 553 534 615; x_wconf 91' lang='lat' dir='ltr'>in</span> <span class='ocrx_word' id='word_1_6' title='bbox 567 560 756 616; x_wconf 89' lang='lat' dir='ltr'>terra</span> <span class='ocrx_word' id='word_1_7' title='bbox 782 551 1021 616; x_wconf 89' lang='lat' dir='ltr'>mentis</span> <span class='ocrx_word' id='word_1_8' title='bbox 1052 553 1166 636; x_wconf 88' lang='lat' dir='ltr'>qui</span> <span class='ocrx_word' id='word_1_9' title='bbox 1193 526 1488 637; x_wconf 73' lang='lat' dir='ltr'>gignitur</span> <span class='ocrx_word' id='word_1_10' title='bbox 1516 560 1740 618; x_wconf 86' lang='lat' dir='ltr'>aestus</span> <span class='ocrx_word' id='word_1_11' title='bbox 1760 605 1774 627; x_wconf 88' lang='lat'><strong>‚</strong></span> 
     </span>
     <span class='ocr_line' id='line_1_3' title="bbox 62 665 1826 752; baseline -0.001 -21"><span class='ocrx_word' id='word_1_12' title='bbox 62 670 210 731; x_wconf 90' lang='lat' dir='ltr'>inter</span> <span class='ocrx_word' id='word_1_13' title='bbox 240 666 551 751; x_wconf 88' lang='lat' dir='ltr'>dumque</span> <span class='ocrx_word' id='word_1_14' title='bbox 586 668 781 752; x_wconf 84' lang='lat' dir='ltr'>quasi</span> <span class='ocrx_word' id='word_1_15' title='bbox 810 665 1175 751; x_wconf 83' lang='lat' dir='ltr'>exurgendi</span> <span class='ocrx_word' id='word_1_16' title='bbox 1201 666 1458 730; x_wconf 90' lang='lat' dir='ltr'>incerta</span> <span class='ocrx_word' id='word_1_17' title='bbox 1486 668 1795 733; x_wconf 88' lang='lat' dir='ltr'>voluntas</span> <span class='ocrx_word' id='word_1_18' title='bbox 1813 717 1826 730; x_wconf 91' lang='lat'><strong>.</strong></span> 
     </span>
     <span class='ocr_line' id='line_1_4' title="bbox 64 780 1775 868; baseline 0.001 -23"><span class='ocrx_word' id='word_1_19' title='bbox 64 804 198 868; x_wconf 87' lang='lat' dir='ltr'>ergo</span> <span class='ocrx_word' id='word_1_20' title='bbox 230 803 648 867; x_wconf 82' lang='lat' dir='ltr'>corpoream</span> <span class='ocrx_word' id='word_1_21' title='bbox 677 788 979 844; x_wconf 89' lang='lat' dir='ltr'>naturam</span> <span class='ocrx_word' id='word_1_22' title='bbox 1007 780 1197 844; x_wconf 86' lang='lat' dir='ltr'>animi</span> <span class='ocrx_word' id='word_1_23' title='bbox 1229 803 1377 845; x_wconf 91' lang='lat' dir='ltr'>esse</span> <span class='ocrx_word' id='word_1_24' title='bbox 1404 793 1775 853; x_wconf 77' lang='lat' dir='ltr'>necessest,</span> 
     </span>
     <span class='ocr_line' id='line_1_5' title="bbox 65 895 1547 982; baseline 0 -22"><span class='ocrx_word' id='word_1_25' title='bbox 65 897 384 982; x_wconf 89' lang='lat' dir='ltr'>corporeis</span> <span class='ocrx_word' id='word_1_26' title='bbox 419 895 749 980; x_wconf 89' lang='lat' dir='ltr'>quoniam</span> <span class='ocrx_word' id='word_1_27' title='bbox 779 895 926 958; x_wconf 90' lang='lat' dir='ltr'>telis</span> <span class='ocrx_word' id='word_1_28' title='bbox 955 895 1224 980; x_wconf 92' lang='lat' dir='ltr'>ictuque</span> <span class='ocrx_word' id='word_1_29' title='bbox 1253 897 1547 960; x_wconf 90' lang='lat' dir='ltr'>laborat.</span> 
     </span>
    </p>

    <p class='ocr_par' dir='ltr' id='par_1_3' title="bbox 65 996 1793 1325">
     <span class='ocr_line' id='line_1_6' title="bbox 128 996 1793 1097; baseline 0 -22"><span class='ocrx_word' id='word_1_30' title='bbox 128 1011 187 1075; x_wconf 87' lang='lat' dir='ltr'>Is</span> <span class='ocrx_word' id='word_1_31' title='bbox 213 1011 336 1075; x_wconf 91' lang='lat' dir='ltr'>tibi</span> <span class='ocrx_word' id='word_1_32' title='bbox 364 1033 561 1074; x_wconf 90' lang='lat' dir='ltr'>nunc</span> <span class='ocrx_word' id='word_1_33' title='bbox 581 1010 848 1073; x_wconf 77' lang='lat' dir='ltr'>&#39;animus</span> <span class='ocrx_word' id='word_1_34' title='bbox 880 1010 1057 1093; x_wconf 89' lang='lat' dir='ltr'>quali</span> <span class='ocrx_word' id='word_1_35' title='bbox 1086 1009 1174 1074; x_wconf 92' lang='lat' dir='ltr'>sit</span> <span class='ocrx_word' id='word_1_36' title='bbox 1202 996 1488 1097; x_wconf 82' lang='lat' dir='ltr'>corpore</span> <span class='ocrx_word' id='word_1_37' title='bbox 1520 1020 1586 1076; x_wconf 90' lang='lat' dir='ltr'>et</span> <span class='ocrx_word' id='word_1_38' title='bbox 1614 1012 1793 1075; x_wconf 90' lang='lat' dir='ltr'>unde</span> 
     </span>
     <span class='ocr_line' id='line_1_7' title="bbox 65 1124 1668 1211; baseline 0.001 -24"><span class='ocrx_word' id='word_1_39' title='bbox 65 1126 425 1190; x_wconf 88' lang='lat' dir='ltr'>constiterit</span> <span class='ocrx_word' id='word_1_40' title='bbox 457 1146 742 1211; x_wconf 86' lang='lat' dir='ltr'>pergam</span> <span class='ocrx_word' id='word_1_41' title='bbox 770 1124 1091 1188; x_wconf 91' lang='lat' dir='ltr'>rationem</span> <span class='ocrx_word' id='word_1_42' title='bbox 1120 1124 1407 1189; x_wconf 82' lang='lat' dir='ltr'>reddere</span> <span class='ocrx_word' id='word_1_43' title='bbox 1440 1125 1637 1190; x_wconf 88' lang='lat' dir='ltr'>dictis</span> <span class='ocrx_word' id='word_1_44' title='bbox 1655 1176 1668 1189; x_wconf 91' lang='lat'><strong>.</strong></span> 
     </span>
     <span class='ocr_line' id='line_1_8' title="bbox 65 1238 1692 1325; baseline 0.001 -24"><span class='ocrx_word' id='word_1_45' title='bbox 65 1240 364 1325; x_wconf 89' lang='lat' dir='ltr'>principio</span> <span class='ocrx_word' id='word_1_46' title='bbox 399 1262 563 1304; x_wconf 89' lang='lat' dir='ltr'>esse</span> <span class='ocrx_word' id='word_1_47' title='bbox 596 1239 702 1302; x_wconf 88' lang='lat' dir='ltr'>aio</span> <span class='ocrx_word' id='word_1_48' title='bbox 732 1238 1164 1325; x_wconf 79' lang='lat' dir='ltr'>persuptilem</span> <span class='ocrx_word' id='word_1_49' title='bbox 1194 1246 1397 1323; x_wconf 90' lang='lat' dir='ltr'>atque</span> <span class='ocrx_word' id='word_1_50' title='bbox 1427 1241 1692 1305; x_wconf 87' lang='lat' dir='ltr'>minutis</span> 
     </span>
    </p>
   </div>
   <div class='ocr_carea' id='block_1_3' title="bbox 34 1352 1873 1557">
    <p class='ocr_par' dir='ltr' id='par_1_4' title="bbox 34 1352 1873 1557">
     <span class='ocr_line' id='line_1_9' title="bbox 34 1352 1855 1453; baseline 0.002 -37"><span class='ocrx_word' id='word_1_51' title='bbox 34 1392 35 1397; x_wconf 22' lang='grc' dir='ltr'><strong><em>κ</em></strong></span> <span class='ocrx_word' id='word_1_52' title='bbox 64 1376 361 1439; x_wconf 83' lang='lat' dir='ltr'>perquam</span> <span class='ocrx_word' id='word_1_53' title='bbox 393 1354 807 1440; x_wconf 77' lang='lat' dir='ltr'>corporibus</span> <span class='ocrx_word' id='word_1_54' title='bbox 835 1352 1084 1417; x_wconf 85' lang='lat' dir='ltr'>factum</span> <span class='ocrx_word' id='word_1_55' title='bbox 1116 1361 1427 1417; x_wconf 78' lang='lat' dir='ltr'>constare</span> <span class='ocrx_word' id='word_1_56' title='bbox 1449 1404 1464 1453; x_wconf 62' lang='lat'>3</span> <span class='ocrx_word' id='word_1_57' title='bbox 1486 1354 1558 1418; x_wconf 91' lang='lat' dir='ltr'>id</span> <span class='ocrx_word' id='word_1_58' title='bbox 1585 1355 1678 1419; x_wconf 91' lang='lat' dir='ltr'>ita</span> <span class='ocrx_word' id='word_1_59' title='bbox 1709 1378 1855 1419; x_wconf 82' lang='lat' dir='ltr'>esso</span> 
     </span>
     <span class='ocr_line' id='line_1_10' title="bbox 65 1468 1873 1557; baseline 0.001 -26"><span class='ocrx_word' id='word_1_60' title='bbox 65 1469 197 1533; x_wconf 91' lang='lat' dir='ltr'>hinc</span> <span class='ocrx_word' id='word_1_61' title='bbox 222 1470 383 1534; x_wconf 84' lang='lat' dir='ltr'>licet</span> <span class='ocrx_word' id='word_1_62' title='bbox 413 1468 746 1532; x_wconf 86' lang='lat' dir='ltr'>advertas</span> <span class='ocrx_word' id='word_1_63' title='bbox 775 1468 1057 1531; x_wconf 91' lang='lat' dir='ltr'>animum</span> <span class='ocrx_word' id='word_1_64' title='bbox 1086 1475 1163 1531; x_wconf 89' lang='lat' dir='ltr'>ut</span> <span class='ocrx_word' id='word_1_65' title='bbox 1190 1489 1595 1552; x_wconf 87' lang='lat' dir='ltr'>pernoscere</span> <span class='ocrx_word' id='word_1_66' title='bbox 1626 1471 1873 1557; x_wconf 79' lang='lat' dir='ltr'>possiS.</span> 
     </span>
    </p>
   </div>
   <div class='ocr_carea' id='block_1_4' title="bbox 25 1582 1840 3159">
    <p class='ocr_par' dir='ltr' id='par_1_5' title="bbox 62 1582 1749 1899">
     <span class='ocr_line' id='line_1_11' title="bbox 62 1582 1356 1659; baseline 0.001 -14"><span class='ocrx_word' id='word_1_67' title='bbox 62 1584 139 1647; x_wconf 90' lang='lat' dir='ltr'>nil</span> <span class='ocrx_word' id='word_1_68' title='bbox 163 1582 327 1648; x_wconf 90' lang='lat' dir='ltr'>adeo</span> <span class='ocrx_word' id='word_1_69' title='bbox 357 1584 514 1646; x_wconf 91' lang='lat' dir='ltr'>fieri</span> <span class='ocrx_word' id='word_1_70' title='bbox 548 1583 746 1647; x_wconf 90' lang='lat' dir='ltr'>celeri</span> <span class='ocrx_word' id='word_1_71' title='bbox 772 1584 1030 1647; x_wconf 91' lang='lat' dir='ltr'>ratione</span> <span class='ocrx_word' id='word_1_72' title='bbox 1061 1582 1356 1659; x_wconf 87' lang='lat' dir='ltr'>videtur,</span> 
     </span>
     <span class='ocr_line' id='line_1_12' title="bbox 65 1697 1749 1783; baseline 0.001 -24"><span class='ocrx_word' id='word_1_73' title='bbox 65 1719 235 1780; x_wconf 90' lang='lat' dir='ltr'>quam</span> <span class='ocrx_word' id='word_1_74' title='bbox 267 1699 399 1762; x_wconf 88' lang='lat' dir='ltr'>sibi</span> <span class='ocrx_word' id='word_1_75' title='bbox 427 1718 629 1761; x_wconf 88' lang='lat' dir='ltr'>mens</span> <span class='ocrx_word' id='word_1_76' title='bbox 657 1697 797 1761; x_wconf 91' lang='lat' dir='ltr'>fieri</span> <span class='ocrx_word' id='word_1_77' title='bbox 825 1698 1144 1783; x_wconf 90' lang='lat' dir='ltr'>proponit</span> <span class='ocrx_word' id='word_1_78' title='bbox 1175 1706 1242 1761; x_wconf 89' lang='lat' dir='ltr'>et</span> <span class='ocrx_word' id='word_1_79' title='bbox 1269 1697 1545 1762; x_wconf 89' lang='lat' dir='ltr'>inchoat</span> <span class='ocrx_word' id='word_1_80' title='bbox 1573 1700 1749 1783; x_wconf 87' lang='lat' dir='ltr'>ipsa:</span> 
     </span>
     <span class='ocr_line' id='line_1_13' title="bbox 64 1812 1664 1899; baseline 0.001 -24"><span class='ocrx_word' id='word_1_81' title='bbox 64 1814 222 1878; x_wconf 89' lang='lat' dir='ltr'>ocius</span> <span class='ocrx_word' id='word_1_82' title='bbox 252 1835 418 1899; x_wconf 85' lang='lat' dir='ltr'>ergo</span> <span class='ocrx_word' id='word_1_83' title='bbox 454 1812 718 1876; x_wconf 90' lang='lat' dir='ltr'>animus</span> <span class='ocrx_word' id='word_1_84' title='bbox 750 1834 946 1896; x_wconf 89' lang='lat' dir='ltr'>quam</span> <span class='ocrx_word' id='word_1_85' title='bbox 975 1834 1083 1875; x_wconf 90' lang='lat' dir='ltr'>res</span> <span class='ocrx_word' id='word_1_86' title='bbox 1115 1834 1187 1876; x_wconf 91' lang='lat' dir='ltr'>se</span> <span class='ocrx_word' id='word_1_87' title='bbox 1215 1813 1473 1899; x_wconf 88' lang='lat' dir='ltr'>perciet</span> <span class='ocrx_word' id='word_1_88' title='bbox 1502 1813 1664 1888; x_wconf 82' lang='lat' dir='ltr'>ulla,</span> 
     </span>
    </p>

    <p class='ocr_par' dir='ltr' id='par_1_6' title="bbox 30 1927 1834 2473">
     <span class='ocr_line' id='line_1_14' title="bbox 30 1927 1824 2015; baseline 0.001 -27"><span class='ocrx_word' id='word_1_89' title='bbox 30 1964 32 1979; x_wconf 73' lang='lat'>›</span> <span class='ocrx_word' id='word_1_90' title='bbox 62 1937 191 1991; x_wconf 85' lang='lat' dir='ltr'>ante</span> <span class='ocrx_word' id='word_1_91' title='bbox 220 1930 464 1993; x_wconf 89' lang='lat' dir='ltr'>oculos</span> <span class='ocrx_word' id='word_1_92' title='bbox 499 1949 784 2011; x_wconf 89' lang='lat' dir='ltr'>quorum</span> <span class='ocrx_word' id='word_1_93' title='bbox 813 1928 881 1991; x_wconf 94' lang='lat' dir='ltr'>in</span> <span class='ocrx_word' id='word_1_94' title='bbox 909 1938 1229 2015; x_wconf 90' lang='lat' dir='ltr'>promptu</span> <span class='ocrx_word' id='word_1_95' title='bbox 1256 1937 1499 1993; x_wconf 90' lang='lat' dir='ltr'>natura</span> <span class='ocrx_word' id='word_1_96' title='bbox 1528 1927 1824 1992; x_wconf 89' lang='lat' dir='ltr'>videtur:</span> 
     </span>
     <span class='ocr_line' id='line_1_15' title="bbox 64 2040 1834 2128; baseline 0.001 -24"><span class='ocrx_word' id='word_1_97' title='bbox 64 2051 120 2105; x_wconf 85' lang='lat' dir='ltr'>at</span> <span class='ocrx_word' id='word_1_98' title='bbox 145 2043 322 2128; x_wconf 86' lang='lat' dir='ltr'>quod</span> <span class='ocrx_word' id='word_1_99' title='bbox 345 2043 609 2107; x_wconf 87' lang='lat' dir='ltr'>mobile</span> <span class='ocrx_word' id='word_1_100' title='bbox 641 2050 827 2108; x_wconf 87' lang='lat' dir='ltr'>tanto</span> <span class='ocrx_word' id='word_1_101' title='bbox 858 2050 1161 2128; x_wconf 90' lang='lat' dir='ltr'>operest,</span> <span class='ocrx_word' id='word_1_102' title='bbox 1186 2052 1494 2117; x_wconf 82' lang='lat' dir='ltr'>constare</span> <span class='ocrx_word' id='word_1_103' title='bbox 1524 2040 1834 2106; x_wconf 87' lang='lat' dir='ltr'>rutundis</span> 
     </span>
     <span class='ocr_line' id='line_1_16' title="bbox 61 2155 1800 2243; baseline 0.001 -24"><span class='ocrx_word' id='word_1_104' title='bbox 61 2178 355 2242; x_wconf 86' lang='lat' dir='ltr'>perquam</span> <span class='ocrx_word' id='word_1_105' title='bbox 387 2156 758 2222; x_wconf 88' lang='lat' dir='ltr'>seminibus</span> <span class='ocrx_word' id='word_1_106' title='bbox 791 2155 991 2221; x_wconf 88' lang='lat' dir='ltr'>debet</span> <span class='ocrx_word' id='word_1_107' title='bbox 1018 2179 1478 2243; x_wconf 88' lang='lat' dir='ltr'>perquamque</span> <span class='ocrx_word' id='word_1_108' title='bbox 1507 2158 1800 2231; x_wconf 80' lang='lat' dir='ltr'>minutiS‚</span> 
     </span>
     <span class='ocr_line' id='line_1_17' title="bbox 65 2271 1599 2357; baseline 0.001 -25"><span class='ocrx_word' id='word_1_109' title='bbox 65 2274 321 2337; x_wconf 91' lang='lat' dir='ltr'>momine</span> <span class='ocrx_word' id='word_1_110' title='bbox 350 2275 455 2338; x_wconf 88' lang='lat' dir='ltr'>uti</span> <span class='ocrx_word' id='word_1_111' title='bbox 485 2293 705 2357; x_wconf 86' lang='lat' dir='ltr'>parvo</span> <span class='ocrx_word' id='word_1_112' title='bbox 733 2271 998 2357; x_wconf 90' lang='lat' dir='ltr'>possint</span> <span class='ocrx_word' id='word_1_113' title='bbox 1023 2271 1287 2356; x_wconf 92' lang='lat' dir='ltr'>inpulsa</span> <span class='ocrx_word' id='word_1_114' title='bbox 1314 2273 1599 2336; x_wconf 86' lang='lat' dir='ltr'>moveri.</span> 
     </span>
     <span class='ocr_line' id='line_1_18' title="bbox 62 2386 1827 2473; baseline 0 -25"><span class='ocrx_word' id='word_1_115' title='bbox 62 2407 318 2473; x_wconf 88' lang='lat' dir='ltr'>namque</span> <span class='ocrx_word' id='word_1_116' title='bbox 350 2394 674 2452; x_wconf 90' lang='lat' dir='ltr'>movetur</span> <span class='ocrx_word' id='word_1_117' title='bbox 702 2407 878 2471; x_wconf 88' lang='lat' dir='ltr'>aqua</span> <span class='ocrx_word' id='word_1_118' title='bbox 906 2393 974 2450; x_wconf 92' lang='lat' dir='ltr'>et</span> <span class='ocrx_word' id='word_1_119' title='bbox 1002 2386 1260 2449; x_wconf 90' lang='lat' dir='ltr'>tantillo</span> <span class='ocrx_word' id='word_1_120' title='bbox 1290 2387 1574 2450; x_wconf 91' lang='lat' dir='ltr'>momine</span> <span class='ocrx_word' id='word_1_121' title='bbox 1603 2386 1795 2449; x_wconf 88' lang='lat' dir='ltr'>flutat</span> <span class='ocrx_word' id='word_1_122' title='bbox 1814 2435 1827 2459; x_wconf 89' lang='lat'>‚</span> 
     </span>
    </p>

    <p class='ocr_par' dir='ltr' id='par_1_7' title="bbox 25 2501 1653 2817">
     <span class='ocr_line' id='line_1_19' title="bbox 25 2501 1653 2589; baseline 0.002 -29"><span class='ocrx_word' id='word_1_123' title='bbox 25 2515 34 2560; x_wconf 62' lang='grc' dir='ltr'><strong><em>υ</em></strong></span> <span class='ocrx_word' id='word_1_124' title='bbox 64 2502 279 2589; x_wconf 88' lang='lat' dir='ltr'>quippe</span> <span class='ocrx_word' id='word_1_125' title='bbox 308 2502 725 2568; x_wconf 86' lang='lat' dir='ltr'>volubilibus</span> <span class='ocrx_word' id='word_1_126' title='bbox 754 2501 1111 2587; x_wconf 87' lang='lat' dir='ltr'>parvisque</span> <span class='ocrx_word' id='word_1_127' title='bbox 1142 2509 1368 2565; x_wconf 90' lang='lat' dir='ltr'>creata</span> <span class='ocrx_word' id='word_1_128' title='bbox 1395 2501 1622 2587; x_wconf 82' lang='lat' dir='ltr'>figuris</span> <span class='ocrx_word' id='word_1_129' title='bbox 1640 2551 1653 2564; x_wconf 92' lang='lat'><strong>.</strong></span> 
     </span>
     <span class='ocr_line' id='line_1_20' title="bbox 65 2617 1470 2682; baseline 0.002 -6"><span class='ocrx_word' id='word_1_130' title='bbox 65 2624 123 2678; x_wconf 85' lang='lat' dir='ltr'>at</span> <span class='ocrx_word' id='word_1_131' title='bbox 146 2626 374 2682; x_wconf 88' lang='lat' dir='ltr'>contra</span> <span class='ocrx_word' id='word_1_132' title='bbox 403 2617 624 2681; x_wconf 84' lang='lat' dir='ltr'>mellis</span> <span class='ocrx_word' id='word_1_133' title='bbox 655 2617 1068 2680; x_wconf 90' lang='lat' dir='ltr'>constantior</span> <span class='ocrx_word' id='word_1_134' title='bbox 1099 2623 1202 2680; x_wconf 90' lang='lat' dir='ltr'>est</span> <span class='ocrx_word' id='word_1_135' title='bbox 1228 2623 1470 2680; x_wconf 90' lang='lat' dir='ltr'>natura</span> 
     </span>
     <span class='ocr_line' id='line_1_21' title="bbox 67 2731 1653 2817; baseline 0.003 -27"><span class='ocrx_word' id='word_1_136' title='bbox 67 2738 121 2792; x_wconf 88' lang='lat' dir='ltr'>et</span> <span class='ocrx_word' id='word_1_137' title='bbox 141 2731 304 2817; x_wconf 83' lang='lat' dir='ltr'>pigri</span> <span class='ocrx_word' id='word_1_138' title='bbox 332 2733 577 2797; x_wconf 90' lang='lat' dir='ltr'>latices</span> <span class='ocrx_word' id='word_1_139' title='bbox 608 2733 814 2817; x_wconf 85' lang='lat' dir='ltr'>magis</span> <span class='ocrx_word' id='word_1_140' title='bbox 846 2740 913 2794; x_wconf 90' lang='lat' dir='ltr'>et</span> <span class='ocrx_word' id='word_1_141' title='bbox 942 2732 1358 2795; x_wconf 89' lang='lat' dir='ltr'>cunctantior</span> <span class='ocrx_word' id='word_1_142' title='bbox 1389 2737 1612 2794; x_wconf 86' lang='lat' dir='ltr'>actus:</span> <span class='ocrx_word' id='word_1_143' title='bbox 1643 2796 1653 2806; x_wconf 73' lang='grc'><strong>,</strong></span> 
     </span>
    </p>

    <p class='ocr_par' dir='ltr' id='par_1_8' title="bbox 26 2843 1672 3044">
     <span class='ocr_line' id='line_1_22' title="bbox 26 2843 1597 2930; baseline 0.003 -26"><span class='ocrx_word' id='word_1_144' title='bbox 26 2871 27 2878; x_wconf 46' lang='lat'>¹</span> <span class='ocrx_word' id='word_1_145' title='bbox 66 2843 273 2911; x_wconf 88' lang='lat' dir='ltr'>haeret</span> <span class='ocrx_word' id='word_1_146' title='bbox 303 2849 486 2910; x_wconf 80' lang='lat' dir='ltr'>enim</span> <span class='ocrx_word' id='word_1_147' title='bbox 513 2846 689 2909; x_wconf 92' lang='lat' dir='ltr'>inter</span> <span class='ocrx_word' id='word_1_148' title='bbox 721 2867 793 2909; x_wconf 88' lang='lat' dir='ltr'>se</span> <span class='ocrx_word' id='word_1_149' title='bbox 821 2845 1028 2930; x_wconf 86' lang='lat' dir='ltr'>magis</span> <span class='ocrx_word' id='word_1_150' title='bbox 1060 2847 1271 2910; x_wconf 90' lang='lat' dir='ltr'>omnis</span> <span class='ocrx_word' id='word_1_151' title='bbox 1299 2846 1597 2909; x_wconf 88' lang='lat' dir='ltr'>materiai</span> 
     </span>
     <span class='ocr_line' id='line_1_23' title="bbox 67 2951 1672 3044; baseline 0.002 -26"><span class='ocrx_word' id='word_1_152' title='bbox 67 2951 230 3043; x_wconf 82' lang='lat' dir='ltr'>eopia</span> <span class='ocrx_word' id='word_1_153' title='bbox 248 3011 262 3036; x_wconf 92' lang='lat'>‚</span> <span class='ocrx_word' id='word_1_154' title='bbox 285 2963 353 3025; x_wconf 92' lang='lat' dir='ltr'>ni</span> <span class='ocrx_word' id='word_1_155' title='bbox 383 2962 627 3024; x_wconf 90' lang='lat' dir='ltr'>mirum</span> <span class='ocrx_word' id='word_1_156' title='bbox 644 3009 660 3034; x_wconf 92' lang='lat'>‚</span> <span class='ocrx_word' id='word_1_157' title='bbox 685 2960 838 3044; x_wconf 90' lang='lat' dir='ltr'>quia</span> <span class='ocrx_word' id='word_1_158' title='bbox 866 2982 1003 3022; x_wconf 95' lang='lat' dir='ltr'>non</span> <span class='ocrx_word' id='word_1_159' title='bbox 1032 2967 1168 3024; x_wconf 89' lang='lat' dir='ltr'>tam</span> <span class='ocrx_word' id='word_1_160' title='bbox 1197 2961 1454 3024; x_wconf 89' lang='lat' dir='ltr'>levibus</span> <span class='ocrx_word' id='word_1_161' title='bbox 1487 2966 1672 3022; x_wconf 87' lang='lat' dir='ltr'>extat</span> 
     </span>
    </p>

    <p class='ocr_par' dir='ltr' id='par_1_9' title="bbox 25 3072 1840 3159">
     <span class='ocr_line' id='line_1_24' title="bbox 25 3072 1840 3159; baseline 0.003 -28"><span class='ocrx_word' id='word_1_162' title='bbox 25 3084 38 3130; x_wconf 70' lang='lat'><strong>5</strong></span> <span class='ocrx_word' id='word_1_163' title='bbox 68 3076 440 3159; x_wconf 85' lang='lat' dir='ltr'>corporibus</span> <span class='ocrx_word' id='word_1_164' title='bbox 468 3095 691 3159; x_wconf 90' lang='lat' dir='ltr'>neque</span> <span class='ocrx_word' id='word_1_165' title='bbox 722 3082 853 3137; x_wconf 90' lang='lat' dir='ltr'>tam</span> <span class='ocrx_word' id='word_1_166' title='bbox 884 3076 1238 3159; x_wconf 89' lang='lat' dir='ltr'>suptilibus</span> <span class='ocrx_word' id='word_1_167' title='bbox 1269 3082 1471 3158; x_wconf 90' lang='lat' dir='ltr'>atque</span> <span class='ocrx_word' id='word_1_168' title='bbox 1500 3072 1840 3137; x_wconf 82' lang='lat' dir='ltr'>rutundis.</span> 
     </span>
    </p>
   </div>
   <div class='ocr_carea' id='block_1_5' title="bbox 65 3188 1847 3276">
    <p class='ocr_par' dir='ltr' id='par_1_10' title="bbox 65 3188 1847 3276">
     <span class='ocr_line' id='line_1_25' title="bbox 65 3188 1847 3276; baseline 0.001 -28"><span class='ocrx_word' id='word_1_169' title='bbox 65 3208 318 3274; x_wconf 86' lang='lat' dir='ltr'>namque</span> <span class='ocrx_word' id='word_1_170' title='bbox 346 3189 711 3276; x_wconf 86' lang='lat' dir='ltr'>papaveris</span> <span class='ocrx_word' id='word_1_171' title='bbox 742 3210 905 3252; x_wconf 90' lang='lat' dir='ltr'>aura</span> <span class='ocrx_word' id='word_1_172' title='bbox 931 3196 1162 3274; x_wconf 87' lang='lat' dir='ltr'>potest</span> <span class='ocrx_word' id='word_1_173' title='bbox 1191 3209 1521 3274; x_wconf 88' lang='lat' dir='ltr'>suspensa</span> <span class='ocrx_word' id='word_1_174' title='bbox 1548 3188 1847 3271; x_wconf 88' lang='lat' dir='ltr'>levisque</span> 
     </span>
    </p>
   </div>
   <div class='ocr_carea' id='block_1_6' title="bbox 70 3301 1771 3502">
    <p class='ocr_par' dir='ltr' id='par_1_11' title="bbox 70 3301 1771 3502">
     <span class='ocr_line' id='line_1_26' title="bbox 70 3301 1771 3387; baseline 0.002 -24"><span class='ocrx_word' id='word_1_175' title='bbox 70 3322 275 3387; x_wconf 85' lang='lat' dir='ltr'>eogere</span> <span class='ocrx_word' id='word_1_176' title='bbox 303 3313 386 3368; x_wconf 91' lang='lat' dir='ltr'>ut</span> <span class='ocrx_word' id='word_1_177' title='bbox 415 3306 501 3368; x_wconf 89' lang='lat' dir='ltr'>ab</span> <span class='ocrx_word' id='word_1_178' title='bbox 534 3324 786 3366; x_wconf 91' lang='lat' dir='ltr'>summo</span> <span class='ocrx_word' id='word_1_179' title='bbox 816 3303 938 3367; x_wconf 87' lang='lat' dir='ltr'>tibi</span> <span class='ocrx_word' id='word_1_180' title='bbox 967 3301 1227 3366; x_wconf 86' lang='lat' dir='ltr'>diffluat</span> <span class='ocrx_word' id='word_1_181' title='bbox 1255 3303 1431 3366; x_wconf 90' lang='lat' dir='ltr'>altus</span> <span class='ocrx_word' id='word_1_182' title='bbox 1461 3324 1740 3367; x_wconf 89' lang='lat' dir='ltr'>acervus</span> <span class='ocrx_word' id='word_1_183' title='bbox 1757 3352 1771 3376; x_wconf 89' lang='lat'>‚</span> 
     </span>
     <span class='ocr_line' id='line_1_27' title="bbox 70 3415 1587 3502; baseline 0.003 -27"><span class='ocrx_word' id='word_1_184' title='bbox 70 3422 124 3477; x_wconf 87' lang='lat' dir='ltr'>at</span> <span class='ocrx_word' id='word_1_185' title='bbox 147 3426 371 3482; x_wconf 89' lang='lat' dir='ltr'>contra</span> <span class='ocrx_word' id='word_1_186' title='bbox 401 3415 699 3502; x_wconf 88' lang='lat' dir='ltr'>lapidum</span> <span class='ocrx_word' id='word_1_187' title='bbox 730 3418 1099 3481; x_wconf 90' lang='lat' dir='ltr'>conlectum</span> <span class='ocrx_word' id='word_1_188' title='bbox 1130 3416 1401 3501; x_wconf 88' lang='lat' dir='ltr'>spiritus</span> <span class='ocrx_word' id='word_1_189' title='bbox 1434 3437 1587 3481; x_wconf 90' lang='lat' dir='ltr'>acer</span> 
     </span>
    </p>
   </div>
   <div class='ocr_carea' id='block_1_7' title="bbox 68 3532 1892 3618">
    <p class='ocr_par' dir='ltr' id='par_1_12' title="bbox 68 3532 1892 3618">
     <span class='ocr_line' id='line_1_28' title="bbox 68 3532 1892 3618; baseline 0.002 -29"><span class='ocrx_word' id='word_1_190' title='bbox 68 3549 256 3594; x_wconf 90' lang='lat' dir='ltr'>noenu</span> <span class='ocrx_word' id='word_1_191' title='bbox 284 3538 555 3617; x_wconf 88' lang='lat' dir='ltr'>potest.</span> <span class='ocrx_word' id='word_1_192' title='bbox 575 3532 772 3616; x_wconf 85' lang='lat' dir='ltr'>igitur</span> <span class='ocrx_word' id='word_1_193' title='bbox 801 3532 1196 3615; x_wconf 84' lang='lat' dir='ltr'>parvissima</span> <span class='ocrx_word' id='word_1_194' title='bbox 1225 3552 1509 3618; x_wconf 89' lang='lat' dir='ltr'>corpora</span> <span class='ocrx_word' id='word_1_195' title='bbox 1538 3554 1663 3616; x_wconf 91' lang='lat' dir='ltr'>pro</span> <span class='ocrx_word' id='word_1_196' title='bbox 1698 3552 1892 3616; x_wconf 87' lang='lat' dir='ltr'>quam</span> 
     </span>
    </p>
   </div>
   <div class='ocr_carea' id='block_1_8' title="bbox 25 3644 1561 3721">
    <p class='ocr_par' dir='ltr' id='par_1_13' title="bbox 25 3644 1561 3721">
     <span class='ocr_line' id='line_1_29' title="bbox 25 3644 1561 3721; baseline 0.005 -19"><span class='ocrx_word' id='word_1_197' title='bbox 25 3653 39 3701; x_wconf 59' lang='grc' dir='ltr'><strong>Φ</strong></span> <span class='ocrx_word' id='word_1_198' title='bbox 68 3652 122 3706; x_wconf 88' lang='lat' dir='ltr'>et</span> <span class='ocrx_word' id='word_1_199' title='bbox 143 3644 467 3710; x_wconf 85' lang='lat' dir='ltr'>levissima</span> <span class='ocrx_word' id='word_1_200' title='bbox 498 3653 688 3721; x_wconf 88' lang='lat' dir='ltr'>sunt,</span> <span class='ocrx_word' id='word_1_201' title='bbox 708 3645 801 3708; x_wconf 93' lang='lat' dir='ltr'>ita</span> <span class='ocrx_word' id='word_1_202' title='bbox 832 3646 1193 3710; x_wconf 89' lang='lat' dir='ltr'>mobilitate</span> <span class='ocrx_word' id='word_1_203' title='bbox 1220 3644 1561 3709; x_wconf 87' lang='lat' dir='ltr'>fruuntur:</span> 
     </span>
    </p>
   </div>
   <div class='ocr_carea' id='block_1_9' title="bbox 70 3760 1899 3846">
    <p class='ocr_par' dir='ltr' id='par_1_14' title="bbox 70 3760 1899 3846">
     <span class='ocr_line' id='line_1_30' title="bbox 70 3760 1899 3846; baseline 0.002 -27"><span class='ocrx_word' id='word_1_204' title='bbox 70 3765 125 3821; x_wconf 85' lang='lat' dir='ltr'>at</span> <span class='ocrx_word' id='word_1_205' title='bbox 148 3769 373 3826; x_wconf 90' lang='lat' dir='ltr'>contra</span> <span class='ocrx_word' id='word_1_206' title='bbox 402 3781 579 3846; x_wconf 90' lang='lat' dir='ltr'>quae</span> <span class='ocrx_word' id='word_1_207' title='bbox 609 3781 889 3844; x_wconf 89' lang='lat' dir='ltr'>cumque</span> <span class='ocrx_word' id='word_1_208' title='bbox 917 3760 1126 3844; x_wconf 84' lang='lat' dir='ltr'>magis</span> <span class='ocrx_word' id='word_1_209' title='bbox 1158 3782 1305 3824; x_wconf 91' lang='lat' dir='ltr'>cum</span> <span class='ocrx_word' id='word_1_210' title='bbox 1332 3760 1632 3845; x_wconf 91' lang='lat' dir='ltr'>pondere</span> <span class='ocrx_word' id='word_1_211' title='bbox 1661 3780 1899 3843; x_wconf 85' lang='lat' dir='ltr'>magno</span> 
     </span>
    </p>
   </div>
   <div class='ocr_carea' id='block_1_10' title="bbox 69 3874 1784 4075">
    <p class='ocr_par' dir='ltr' id='par_1_15' title="bbox 69 3874 1784 4075">
     <span class='ocr_line' id='line_1_31' title="bbox 70 3874 1784 3961; baseline 0.001 -27"><span class='ocrx_word' id='word_1_212' title='bbox 70 3891 413 3961; x_wconf 85' lang='lat' dir='ltr'>asperaque</span> <span class='ocrx_word' id='word_1_213' title='bbox 440 3874 866 3938; x_wconf 76' lang='lat' dir='ltr'>inveniuntur</span> <span class='ocrx_word' id='word_1_214' title='bbox 886 3923 902 3949; x_wconf 86' lang='lat'><strong>,</strong></span> <span class='ocrx_word' id='word_1_215' title='bbox 925 3895 1004 3937; x_wconf 95' lang='lat' dir='ltr'>eo</span> <span class='ocrx_word' id='word_1_216' title='bbox 1036 3874 1327 3939; x_wconf 85' lang='lat' dir='ltr'>stabilita</span> <span class='ocrx_word' id='word_1_217' title='bbox 1354 3875 1563 3959; x_wconf 88' lang='lat' dir='ltr'>magis</span> <span class='ocrx_word' id='word_1_218' title='bbox 1596 3879 1784 3936; x_wconf 89' lang='lat' dir='ltr'>sunt.</span> 
     </span>
     <span class='ocr_line' id='line_1_32' title="bbox 69 3988 1718 4075; baseline 0.001 -26"><span class='ocrx_word' id='word_1_219' title='bbox 69 4005 214 4051; x_wconf 86' lang='lat' dir='ltr'>nunc</span> <span class='ocrx_word' id='word_1_220' title='bbox 239 3990 444 4075; x_wconf 87' lang='lat' dir='ltr'>igitur</span> <span class='ocrx_word' id='word_1_221' title='bbox 476 3989 790 4074; x_wconf 89' lang='lat' dir='ltr'>quoniam</span> <span class='ocrx_word' id='word_1_222' title='bbox 821 3994 926 4051; x_wconf 90' lang='lat' dir='ltr'>est</span> <span class='ocrx_word' id='word_1_223' title='bbox 953 3988 1147 4051; x_wconf 90' lang='lat' dir='ltr'>animi</span> <span class='ocrx_word' id='word_1_224' title='bbox 1176 3996 1419 4053; x_wconf 90' lang='lat' dir='ltr'>natura</span> <span class='ocrx_word' id='word_1_225' title='bbox 1445 3993 1718 4072; x_wconf 89' lang='lat' dir='ltr'>reperta</span> 
     </span>
    </p>
   </div>
   <div class='ocr_carea' id='block_1_11' title="bbox 73 4167 449 4182">
    <p class='ocr_par' dir='ltr' id='par_1_16' title="bbox 73 4167 449 4182">
     <span class='ocr_line' id='line_1_33' title="bbox 73 4167 449 4182; baseline 0 826"><span class='ocrx_word' id='word_1_226' title='bbox 73 4167 449 4182; x_wconf 95' lang='lat' dir='ltr'> </span> 
     </span>
    </p>
   </div>
   <div class='ocr_carea' id='block_1_12' title="bbox 2224 384 2316 451">
    <p class='ocr_par' dir='ltr' id='par_1_17' title="bbox 2224 384 2316 451">
     <span class='ocr_line' id='line_1_34' title="bbox 2224 384 2316 451; baseline 0 0"><span class='ocrx_word' id='word_1_227' title='bbox 2224 384 2316 451; x_wconf 83' lang='lat'>85</span> 
     </span>
    </p>
   </div>
   <div class='ocr_carea' id='block_1_13' title="bbox 74 4264 2294 4335">
    <p class='ocr_par' dir='ltr' id='par_1_18' title="bbox 74 4264 2294 4335">
     <span class='ocr_line' id='line_1_35' title="bbox 74 4264 2294 4335; baseline 0.001 -25"><span class='ocrx_word' id='word_1_228' title='bbox 74 4267 150 4313; x_wconf 76' lang='lat'>173</span> <span class='ocrx_word' id='word_1_229' title='bbox 183 4266 368 4320; x_wconf 83' lang='lat' dir='ltr'>Suavis</span> <span class='ocrx_word' id='word_1_230' title='bbox 407 4267 428 4334; x_wconf 82' lang='grc' dir='ltr'>ΙΙ</span> <span class='ocrx_word' id='word_1_231' title='bbox 466 4273 671 4318; x_wconf 85' lang='lat' dir='ltr'>mentes</span> <span class='ocrx_word' id='word_1_232' title='bbox 707 4266 740 4333; x_wconf 89' lang='grc' dir='ltr'>ΙΙ,</span> <span class='ocrx_word' id='word_1_233' title='bbox 771 4273 863 4317; x_wconf 83' lang='grc'>176</span> <span class='ocrx_word' id='word_1_234' title='bbox 904 4264 1158 4335; x_wconf 79' lang='lat' dir='ltr'>Corporis</span> <span class='ocrx_word' id='word_1_235' title='bbox 1195 4266 1214 4334; x_wconf 80' lang='grc' dir='ltr'>ΙΙ</span> <span class='ocrx_word' id='word_1_236' title='bbox 1256 4273 1347 4318; x_wconf 85' lang='grc'>183</span> <span class='ocrx_word' id='word_1_237' title='bbox 1388 4267 1433 4318; x_wconf 90' lang='lat' dir='ltr'>si</span> <span class='ocrx_word' id='word_1_238' title='bbox 1470 4267 1491 4334; x_wconf 90' lang='grc' dir='ltr'>ΙΙ</span> <span class='ocrx_word' id='word_1_239' title='bbox 1539 4271 1633 4318; x_wconf 85' lang='grc'>198</span> <span class='ocrx_word' id='word_1_240' title='bbox 1670 4266 1969 4318; x_wconf 84' lang='lat' dir='ltr'>coniectum</span> <span class='ocrx_word' id='word_1_241' title='bbox 2005 4264 2294 4334; x_wconf 81' lang='lat' dir='ltr'>spicarum-</span> 
     </span>
    </p>
   </div>
   <div class='ocr_carea' id='block_1_14' title="bbox 72 4348 788 4417">
    <p class='ocr_par' dir='ltr' id='par_1_19' title="bbox 72 4348 788 4417">
     <span class='ocr_line' id='line_1_36' title="bbox 72 4348 788 4417; baseline 0.004 -21"><span class='ocrx_word' id='word_1_242' title='bbox 72 4360 175 4411; x_wconf 85' lang='lat' dir='ltr'>que.</span> <span class='ocrx_word' id='word_1_243' title='bbox 208 4348 228 4417; x_wconf 75' lang='grc' dir='ltr'>ΙΙ</span> <span class='ocrx_word' id='word_1_244' title='bbox 262 4356 360 4403; x_wconf 85' lang='grc'>203</span> <span class='ocrx_word' id='word_1_245' title='bbox 404 4355 490 4402; x_wconf 89' lang='lat' dir='ltr'>est</span> <span class='ocrx_word' id='word_1_246' title='bbox 525 4356 788 4403; x_wconf 66' lang='lat' dir='ltr'>omissum.</span> 
     </span>
    </p>
   </div>
  </div>
 </body>
</html>
