2840 5008
517 365 544 429 1
564 365 602 430 5
615 365 653 429 4
1574 365 1698 432 1111

348 554 473 599 1202
508 537 748 609 vinxit,
779 543 853 598 ut
879 536 944 597 in
976 535 1212 600 vinclis
1243 537 1698 601 communibus
1728 537 2235 600 excrucientur?

506 651 574 712 in
602 649 813 712 triviis
842 670 1041 732 quam
1072 670 1274 733 saepe
1305 671 1506 713 canes
1525 698 1539 722 ‚
1572 649 1919 713 discedere
1948 652 2207 714 aventis
2224 701 2240 723 ‚

264 817 267 820 ,
348 780 474 826 1210
507 759 756 826 divorsi
786 762 1025 846 cupide
1053 765 1319 828 summis
1352 786 1437 827 ex
1465 764 1697 827 viribu’
1726 762 2041 836 tendunt,

346 894 474 940 1204
505 898 703 961 quom
734 877 989 940 interea
1018 877 1255 941 validis
1285 877 1570 942 Veneris
1600 879 2027 962 compagibus
2056 878 2365 943 haerent!
2399 855 2406 861 ι

507 990 691 1075 quod
718 990 1020 1055 facerent
1047 1014 1402 1076 numquam
1422 1040 1438 1068 ,
1459 993 1586 1054 nisi
1614 999 1844 1054 mutua
1871 992 2117 1076 gaudia
2144 1003 2452 1064 nossent,

506 1128 676 1191 quae
704 1108 921 1170 iacere
944 1108 1013 1169 in
1041 1105 1344 1170 fraudem
1374 1114 1656 1190 possent
1682 1107 2079 1190 vinctosque
2110 1114 2368 1171 tenere.

508 1242 713 1304 quare
745 1222 939 1284 etiam
969 1229 1170 1304 atque
1202 1221 1396 1284 etiam
1417 1269 1432 1293 ‚
1455 1229 1530 1282 ut
1559 1219 1709 1283 dico
1730 1269 1745 1294 ‚
1770 1229 1875 1284 est
1904 1223 2246 1283 eommuni'
2275 1223 2610 1307 voluptas.

583 1335 676 1398 Et
705 1333 1195 1398 commiscendo
1228 1356 1427 1418 quom
1460 1335 1705 1397 semine
1735 1333 1910 1397 forte
1938 1334 2107 1397 virili

501 1448 746 1513 femina
774 1450 902 1512 vim
933 1450 1088 1511 vicit
1116 1449 1335 1513 subita
1364 1449 1428 1511 vi
1461 1449 1945 1533 corripuitque,

341 1579 464 1624 1211
497 1572 637 1626 tum
669 1563 910 1626 similes
940 1572 1220 1626 matrum
1245 1570 1548 1625 materno
1580 1563 1825 1625 semine
1855 1562 2052 1635 fiunt,

500 1686 575 1739 ut
604 1678 903 1762 patribus
932 1679 1149 1761 patrio
1172 1726 1185 1739 .
1209 1675 1334 1740 sed
1365 1697 1536 1759 quos
1564 1677 1913 1759 utriusque
1943 1676 2190 1760 figurae

502 1811 649 1853 esse
679 1791 866 1864 vides
886 1840 900 1866 ,
923 1792 1155 1854 iuxtim
1183 1791 1536 1855 miscentes
1565 1791 1750 1853 vulta
1775 1798 2155 1874 parentum,

500 1926 782 1990 corpore
816 1904 900 1996 de
928 1906 1146 1990 patrio
1179 1914 1247 1968 et
1274 1913 1577 1967 materno
1609 1905 1930 1989 sanguine
1960 1914 2305 1979 crescunt,

337 2035 462 2080 1215
494 2020 745 2083 semina
774 2041 922 2083 011111
950 2019 1239 2082 Veneris
1269 2018 1549 2082 stimulis
1581 2018 1801 2082 excita
1827 2040 1949 2103 per
1979 2027 2164 2083 artus

496 2136 694 2199 obvia
724 2134 1021 2198 conflixit
1049 2135 1441 2218 conspirans
1469 2142 1739 2196 mutuus
1771 2132 2004 2207 ardor,

495 2257 563 2311 et
589 2271 810 2333 neque
838 2257 1060 2312 utrum
1090 2249 1435 2331 superavit
1465 2269 1692 2310 eorum
1721 2268 1846 2310 nec
1876 2254 2354 2331 superatumst.

492 2362 567 2426 fit
596 2384 865 2448 quoque
892 2372 970 2426 ut
994 2363 1168 2425 inter
1200 2361 1354 2424 dum
1385 2362 1626 2424 similes
1658 2362 1941 2425 existere
1969 2382 2245 2425 avorum

492 2478 756 2564 possint
786 2484 852 2541 et
880 2476 1175 2541 referant
1204 2497 1613 2561 proavorum
1642 2497 1844 2562 saepe
1872 2476 2117 2561 figuras

334 2609 459 2655 1220
489 2603 853 2679 propterea
884 2593 1037 2676 quia
1066 2591 1273 2656 multa
1298 2589 1518 2654 modis
1547 2589 1912 2675 primordia
1938 2592 2160 2654 multis

492 2708 698 2770 mixta
728 2729 847 2770 suo
883 2707 1101 2770 celant
1127 2707 1196 2768 in
1227 2727 1515 2791 corpore
1547 2727 1746 2791 saepe
1778 2707 2073 2790 parentis
2094 2755 2108 2780 ‚

493 2840 664 2904 quae
694 2821 996 2905 patribus
1026 2829 1256 2905 patres
1287 2819 1568 2884 tradunt
1597 2820 1681 2883 ab
1713 2821 1919 2905 stirpe
1952 2818 2282 2905 profecta:

487 2933 646 2996 inde
673 2934 904 2997 Venus
934 2935 1119 2997 varia
1145 2934 1462 3018 producit
1489 2944 1672 2997 sorte
1699 2934 1976 3018 figuraS‚

490 3048 941 3129 maiorumque
971 3049 1179 3111 refert
1209 3049 1434 3112 voltus
1465 3069 1803 3133 vocesque
1835 3068 2223 3133 comasque3

329 3178 455 3223 1225
489 3159 1028 3247 quandoquidem
1056 3162 1191 3241 nilo
1222 3163 1432 3247 magis
1460 3162 1630 3225 haec
1661 3161 1746 3224 de
1777 3163 2024 3226 semine
2053 3170 2239 3226 certo

424 3296 429 3301 ’
487 3276 655 3339 fiunt
683 3296 880 3359 quam
907 3275 1113 3340 facies
1144 3286 1213 3341 et
1242 3299 1530 3364 corpora
1558 3277 1983 3360 membraque
2010 3276 2234 3350 nobiS‚

487 3398 555 3453 et
584 3389 900 3510 muliebre
930 3390 1140 3454 oritur
1169 3392 1386 3475 patrio
1418 3391 1504 3455 de
1535 3393 1780 3455 semine
1811 3393 2099 3455 saeclum
2120 3439 2134 3464 ,

486 3513 922 3588 maternoque
953 3525 1168 3567 mares
1201 3506 1497 3569 existunt
1528 3528 1811 3592 corpore
1844 3507 2040 3569 creti.

485 3640 745 3704 semper
776 3619 943 3680 enim
973 3627 1209 3703 partus
1241 3617 1489 3704 duplici
1519 3620 1604 3683 de
1636 3621 1883 3684 semine
1915 3628 2209 3692 constat,

324 3750 450 3797 1230
482 3741 686 3817 atque
716 3733 849 3795 utri
880 3733 1153 3797 similest
1181 3730 1388 3819 magis
1417 3733 1488 3796 id
1520 3734 1704 3818 quod
1737 3755 2018 3818 cumque
2050 3741 2313 3797 creatur
2333 3782 2347 3806 ‚

485 3847 624 3910 eius
653 3847 860 3910 habet
888 3847 1037 3930 plus
1066 3856 1263 3932 parte
1291 3870 1541 3933 aequa3
1567 3847 1751 3932 quod
1781 3869 2056 3912 cernere
2086 3849 2307 3934 possis
2328 3896 2341 3919 ‚

487 3962 626 4024 sive
656 3962 870 4051 virum
900 3962 1169 4025 suboles
1200 3963 1411 4026 sivest
1439 3963 1774 4026 muliebris
1807 3964 2024 4047 origO.

492 4249 617 4296 1202
656 4242 810 4293 Vixit
863 4241 883 4308 Η
938 4240 1120 4293 vinciis
1176 4240 1194 4306 ΙΙ
1255 4247 1379 4292 1203
1419 4259 1537 4293 011111
1593 4242 1611 4307 ΙΙ
1673 4247 1799 4293 1209
1837 4242 1965 4294 ulcit
2012 4241 2031 4309 Η
2094 4247 2220 4292 1212
2258 4241 2504 4310 partibus
2557 4243 2577 4310 Η
2620 4246 2732 4294 1220

487 4324 809 4379 multimodis
849 4324 868 4391 ΙΙ
909 4330 1037 4375 1222
1063 4341 1107 4388 ‚a
1143 4324 1163 4391 ΙΙ
1206 4330 1331 4376 1224
1369 4323 1507 4377 refer
1543 4324 1563 4391 ΙΙ
1607 4330 1733 4376 1225
1773 4324 1839 4376 de
1875 4331 2137 4378 omissum.
2177 4322 2198 4392 ΙΙ
2239 4328 2369 4375 1230
2408 4340 2517 4392 quo
