2840 5008
432 362 566 429 172
1378 335 1384 344 '
1521 363 1586 428 v

422 536 781 600 seminibus
810 534 1153 617 multoque
1182 536 1528 599 minoribu’
1558 546 1715 601 sunt
1746 539 2086 603 elementis

425 672 622 735 quam
653 650 853 713 tellus
875 699 887 712 .
909 648 1063 712 ideo
1085 698 1099 721 ‚
1123 671 1244 735 per
1273 672 1428 714 rara
1457 652 1782 715 foramina
1800 701 1815 726 ‚
1839 661 2059 717 terrae

423 765 727 850 partibus
758 784 1108 850 erumpens
1140 766 1388 849 primus
1419 788 1491 828 se
1523 766 1791 829 sustulit
1818 767 2051 830 aether

419 877 656 964 ignifer
687 887 754 942 et
784 880 1027 942 multos
1058 901 1281 942 secum
1313 881 1479 944 levis
1510 881 1789 945 abstulit
1815 882 2013 966 igniS‚

278 1011 376 1057 460
421 1016 556 1056 non
587 994 713 1056 alia
741 994 937 1079 longe
966 995 1226 1058 ratione
1257 1016 1335 1057 ac
1367 1016 1569 1080 saepe
1599 994 1944 1070 videntur,

424 1130 625 1172 aurea
655 1130 800 1171 cum
831 1110 1109 1195 primum
1142 1111 1532 1194 gemmantis
1559 1132 1713 1173 rore
1742 1132 1865 1194 per
1899 1110 2143 1175 herbas

420 1224 745 1287 matutina
772 1224 1017 1287 rubent
1043 1222 1283 1287 radiati
1312 1225 1557 1287 lumina
1587 1224 1747 1287 solis
1765 1273 1779 1298 ‚
2113 1203 2116 1206 Ι

421 1339 685 1402 exalare
714 1339 897 1402 lacus
927 1339 1236 1402 nebulam
1264 1339 1581 1424 fluviique
1612 1361 1967 1424 perenneS‚

415 1454 698 1538 ipsaque
726 1460 804 1516 ut
830 1454 1005 1516 inter
1038 1452 1192 1517 dum
1223 1453 1419 1517 tellus
1451 1453 1705 1516 fumare
1739 1453 2042 1538 videtur3

280 1585 376 1629 465
424 1569 641 1631 omnia
671 1589 842 1652 quae
873 1589 1133 1631 sursum
1163 1591 1309 1631 cum
1342 1549 1776 1632 conciliantur
1794 1618 1809 1643 ‚
1831 1570 1899 1632 in
1930 1570 2065 1633 alto

417 1704 702 1768 corpore
732 1691 1047 1746 concreto
1079 1685 1444 1747 subtexunt
1472 1683 1697 1748 nubila
1726 1685 2009 1747 caelum.

417 1799 511 1861 sic
536 1798 740 1882 igitur
767 1805 908 1861 tum
937 1819 1011 1860 se
1042 1798 1206 1862 levis
1237 1821 1314 1862 ac
1345 1796 1646 1861 diffusilis
1677 1798 1911 1863 aether

417 1935 700 1998 corpore
733 1920 1046 1976 concreto
1078 1914 1323 1976 circum
1355 1912 1553 1977 datus
1582 1912 1878 1997 undique
1906 1913 2088 1977 flexit

418 2037 485 2092 et
510 2029 646 2092 late
679 2026 954 2091 diffusus
982 2028 1052 2090 in
1082 2029 1292 2092 omnis
1320 2011 1619 2113 undique
1648 2028 1861 2113 partis

272 2160 367 2205 470
413 2144 632 2207 omnia
660 2144 756 2207 sic
787 2142 986 2207 avido
1017 2143 1370 2226 complexu
1399 2150 1625 2206 cetera
1652 2143 1935 2227 saepsit.

414 2258 594 2321 hunc
625 2257 902 2321 exordia
931 2264 1087 2321 sunt
1116 2257 1276 2320 solis
1307 2257 1637 2342 lunaeque
1667 2247 1926 2332 secuta,

411 2375 870 2457 interutraque
901 2372 1079 2457 globi
1113 2393 1397 2455 quorum
1426 2379 1780 2434 vertuntur
1808 2373 1876 2435 in
1908 2373 2115 2448 auris3

413 2510 583 2573 quae
614 2510 832 2573 neque
860 2495 1044 2552 terra
1072 2486 1199 2550 sibi
1227 2484 1517 2550 adscivit
1544 2508 1669 2550 nec
1699 2487 2019 2551 maximus
2050 2486 2313 2563 aether,

414 2603 601 2688 quod
628 2624 846 2688 neque
872 2611 1009 2667 tam
1037 2602 1307 2666 fuerunt
1335 2602 1566 2688 gravia
1591 2610 1667 2665 ut
1698 2588 2023 2688 depressa
2050 2602 2393 2676 sederent,

271 2735 365 2780 475
410 2739 535 2781 nec
563 2718 737 2781 levia
766 2725 838 2780 ut
865 2725 1146 2802 possent
1176 2739 1296 2803 per
1325 2739 1614 2781 summas
1643 2717 1851 2780 labier
1882 2739 2064 2793 oraS‚

415 2840 483 2896 et
510 2840 733 2896 tamen
759 2832 1220 2918 interutraque
1247 2834 1343 2897 ita
1371 2842 1529 2896 sunt
1546 2881 1561 2908 ,
1582 2839 1659 2896 ut
1689 2854 1977 2917 corpora
2003 2833 2159 2895 viva

413 2954 688 3011 versent
717 2942 782 3009 et
809 2954 1038 3031 partes
1067 2954 1144 3011 ut
1171 2947 1399 3011 mundi
1429 2947 1637 3011 totius
1669 2954 1931 3023 extent3

413 3060 601 3147 quod
629 3081 838 3145 genus
864 3060 933 3123 in
962 3061 1156 3124 nobis
1189 3061 1517 3146 quaedam
1545 3061 1701 3125 licet
1728 3063 1796 3124 in
1826 3062 2115 3126 statione

411 3177 705 3240 membra
731 3196 999 3239 manere
1019 3224 1032 3251 ,
1055 3182 1275 3238 tamen
1307 3198 1455 3239 cum
1487 3176 1619 3239 sint
1649 3197 1727 3238 ea
1758 3198 1928 3261 quae
1958 3183 2376 3240 moveantur.

268 3308 364 3354 480
406 3291 511 3354 his
539 3291 740 3376 igitur
769 3291 972 3354 rebus
1000 3272 1309 3354 retractis
1338 3299 1521 3354 terra
1548 3298 1856 3376 repente,

408 3426 716 3470 maxuma
745 3426 878 3490 qua
905 3427 1082 3469 nunc
1113 3428 1185 3470 se
1215 3406 1403 3491 ponti
1431 3407 1632 3501 plaga
1662 3405 1928 3469 caerula
1955 3405 2199 3481 tendit,

410 3519 694 3585 succidit
726 3527 794 3583 et
823 3520 1001 3583 salso
1033 3519 1310 3583 suffudit
1337 3522 1599 3606 gurgite
1628 3520 1879 3584 fossas..

407 3638 611 3721 inque
643 3635 786 3700 dies
817 3643 1070 3720 quanto
1103 3634 1349 3697 circum
1378 3635 1586 3720 magis
1617 3635 1906 3699 aetheris
1937 3643 2164 3698 aestus

410 3761 476 3815 et
501 3751 670 3815 radii
700 3751 860 3815 solis
891 3751 1224 3835 cogebant
1249 3748 1548 3834 undique
1579 3757 1823 3812 terram
1842 3799 1856 3825 ‚

265 3883 360 3928 485
406 3867 796 3931 verberibus
828 3867 1080 3930 crebris
1112 3873 1408 3929 extrema
1437 3886 1476 3928 a
1506 3865 1723 3928 limini'
1754 3871 1948 3948 parte

411 4186 510 4232 458
551 4188 604 4234 et
636 4180 657 4249 ΙΙ
696 4185 796 4231 460
832 4179 1099 4232 videmus.
1137 4180 1157 4250 Η
1193 4186 1289 4232 463
1316 4181 1649 4251 Exalantque
1685 4182 1704 4252 Η
1742 4188 1840 4233 468
1866 4183 2095 4251 saepsit.
2137 4181 2157 4250 ΙΙ
2195 4186 2293 4232 472
2324 4180 2475 4234 Inter
2503 4191 2669 4235 utras-

411 4281 513 4332 que
548 4262 568 4335 ΙΙ
608 4268 709 4316 476
745 4264 884 4316 inter
908 4271 1159 4334 utrasque
1195 4264 1215 4333 ΙΙ
1253 4271 1346 4316 481
1387 4265 1545 4335 plage
1582 4262 1600 4333 ΙΙ
1639 4270 1735 4316 482
1774 4263 1947 4316 salsos
1975 4262 2167 4316 offudit
2206 4262 2225 4332 ΙΙ
2263 4270 2359 4314 485
2401 4264 2471 4316 ad
2496 4264 2672 4317 limina

411 4357 641 4416 partem.
