2840 5008
1213 344 1277 410 Π

17 534 25 576 ··
59 536 191 578 non
220 516 377 578 fieri
415 522 718 601 partum
743 515 869 578 nisi
897 514 1174 578 concilio
1206 523 1361 578 ante
1392 524 1628 581 coacto
1647 566 1661 590 ,

61 653 177 693 nec
212 630 622 715 quicquam
655 630 1043 693 commutari
1073 630 1211 692 sine
1243 629 1626 694 conciliatu.

62 745 404 830 principio
437 751 809 828 nequeunt
833 743 1029 806 ullius
1060 745 1364 829 corporis
1398 766 1545 807 esse

65 881 299 922 sensus
336 866 520 921 ante
538 859 775 954 ’ipsam
803 858 1090 941 genitam
1120 866 1426 921 naturam
1455 860 1805 923 animantis
1824 910 1838 934 ,

64 972 125 1035 ni
149 974 411 1036 mirum
432 1022 450 1048 ,
480 972 650 1056 quia
676 972 985 1036 materies
1017 971 1295 1036 disiecta
1322 980 1588 1036 tenetur
1655 1058 1660 1065 ἱ

11 1103 28 1149 o
65 1094 209 1150 aere
228 1136 245 1162 ,
268 1086 691 1150 fluminibus
711 1133 725 1160 ,
748 1085 941 1149 terris
961 1134 976 1160 ,
1000 1086 1371 1170 aethraque
1403 1089 1646 1150 creatis
1663 1137 1677 1163 ,

66 1222 183 1265 nec
216 1221 629 1287 cong-ressa
658 1198 857 1263 modo
888 1200 1105 1263 vitalis
1138 1201 1613 1265 convenientes

70 1317 360 1380 contulit
390 1317 591 1379 inter
623 1334 700 1376 se
726 1322 943 1378 motus
963 1362 977 1388 ,
1004 1314 1242 1398 quibus
1273 1315 1718 1380 omnituentes

67 1430 338 1494 accensi
371 1451 635 1492 sensus
668 1429 1070 1491 animantum
1101 1436 1646 1492 concuterentur.

141 1544 544 1608 Praeterea
576 1541 879 1626 quamvis
909 1542 1306 1605 animantem
1336 1542 1654 1627 grandior
1679 1543 1880 1615 ictuS,

7 1675 27 1720 5
64 1680 261 1743 quam
290 1657 577 1743 patitur
604 1663 879 1729 natura,
900 1663 1176 1741 repente
1208 1655 1464 1740 adfligit
1494 1663 1561 1719 et
1591 1658 1802 1720 omnis

68 1772 383 1858 corporis
419 1779 640 1855 atque
672 1770 865 1832 animi
896 1771 1111 1857 pergit
1141 1770 1551 1835 confundere
1580 1793 1846 1835 sensuS.

69 1886 558 1951 dissoluuntur
591 1884 763 1947 enim
790 1884 1130 1969 positurae
1160 1885 1669 1970 principiorum,

70 2009 133 2063 et
160 2003 453 2086 penitus
483 2007 711 2062 motus
740 1999 974 2061 vitales
1001 1998 1454 2084 inpediuntur,

69 2115 290 2179 donec
323 2114 658 2177 materies
678 2161 692 2187 ‚
715 2114 924 2176 omnis
955 2134 1282 2176 concussa
1308 2135 1434 2200 per
1462 2122 1646 2177 artus
1668 2162 1682 2188 ‚

0 2244 31 2289 c
68 2230 292 2294 vitalis
328 2229 603 2293 animae
633 2225 853 2290 nodos
884 2250 923 2291 a
952 2249 1242 2315 corpore
1272 2228 1474 2292 solvit

72 2342 602 2429 dispersamque
631 2340 815 2404 foras
844 2363 966 2428 per
996 2343 1220 2405 caulas
1252 2343 1445 2407 eiecit
1475 2343 1714 2406 omnis:

69 2481 224 2524 nam
256 2456 440 2544 quid
470 2462 826 2543 praeterea
853 2456 1072 2520 facere
1101 2457 1302 2520 ictum
1332 2478 1535 2541 posse
1565 2477 1827 2520 reamur

72 2574 385 2637 oblatum
405 2619 421 2647 ‚
445 2571 577 2634 nisi
607 2569 1054 2661 discutere-ac
1086 2571 1453 2634 dissolvere
1484 2592 1790 2655 quaeque
1811 2573 1843 2633 P

71 2687 144 2751 fit
171 2705 473 2771 quoque
496 2685 598 2748 uti
627 2684 888 2748 soleant
915 2686 1127 2748 minus
1160 2685 1386 2749 oblato
1419 2686 1662 2750 acriter
1691 2686 1827 2749 ictu

0 2814 33 2862 55
70 2801 323 2885 reliqiii
352 2807 583 2862 motus
614 2798 833 2862 vitalis
862 2800 1129 2863 vincere
1160 2821 1390 2884 saepe,

74 2917 357 2978 vincere
376 2962 393 2988 ,
422 2920 493 2975 et
519 2913 810 2997 ingentis
839 2913 1074 2998 plagae
1104 2914 1344 2977 sedare
1374 2913 1723 2988 tumultuS,

75 3030 286 3113 inque
319 3049 489 3090 suos
523 3026 842 3111 quicquid
869 3050 1099 3091 rursus
1129 3049 1451 3092 revocare
1480 3037 1762 3102 meatuS,

82 3150 146 3205 et
176 3142 378 3227 quasi
406 3141 544 3223 iam
570 3139 687 3202 leti
718 3139 1165 3205 dominantem
1192 3142 1262 3203 in
1295 3162 1580 3226 corpore
1608 3133 1856 3207 motum

81 3255 429 3320 discutere
450 3304 466 3330 ‚
489 3276 570 3317 ac
599 3276 813 3340 paene
843 3256 1119 3319 amissos
1151 3255 1520 3319 accendere
1550 3239 1812 3319 sensus:

0 3382 43 3428 50
81 3391 235 3433 nam
267 3389 489 3454 quare
519 3369 746 3452 potius
775 3370 890 3434 leti
919 3374 1045 3433 iam
1073 3370 1292 3433 limine
1323 3371 1406 3435 ab
1437 3371 1584 3454 ipso

83 3483 171 3545 ad
199 3484 413 3546 vitam
443 3482 665 3567 possit
694 3483 996 3547 conlecta
1024 3493 1244 3548 mente
1273 3486 1548 3559 reverti,

84 3617 288 3679 quam
319 3595 458 3681 quo
494 3594 850 3659 decursum
879 3619 1091 3682 prope
1121 3599 1250 3661 iam
1279 3599 1406 3662 siet
1432 3600 1529 3662 ire
1560 3607 1625 3662 et
1654 3600 1878 3664 abire?

83 3719 490 3795 propterea,
517 3709 831 3792 quoniam
862 3709 1057 3774 dolor
1090 3720 1225 3787 est,
1246 3713 1362 3776 ubi
1389 3715 1691 3777 materiai

89 3843 380 3908 corpora
408 3824 479 3887 vi
512 3822 805 3907 quadam
836 3846 955 3909 per
984 3825 1242 3890 viscera
1269 3827 1425 3891 viva
1451 3848 1574 3911 per
1604 3835 1789 3891 artus

2279 348 2365 414 71

98 4138 193 4185 938
224 4134 389 4187 lesam
438 4135 461 4205 ΙΙ
511 4139 615 4186 940
654 4141 897 4202 terraque
943 4137 963 4205 ΙΙ
1014 4145 1110 4187 942
1152 4155 1305 4189 omne
1341 4146 1579 4190 tuentes.
1632 4140 1651 4206 ΙΙ
1692 4145 1787 4189 943
1827 4138 2141 4190 animantem
2178 4154 2356 4204 quam-

98 4233 194 4284 que
224 4226 468 4271 tuentur.
530 4217 552 4286 ΙΙ
611 4222 709 4266 951
749 4219 919 4270 eavias
976 4219 996 4286 ΙΙ
1049 4225 1144 4271 953
1184 4239 1213 4271 a
1265 4223 1285 4288 ΙΙ
1342 4227 1441 4272 954
1479 4221 1657 4273 oblata
1691 4222 1888 4290 agriter
1941 4221 1961 4290 ΙΙ
2018 4225 2112 4271 961
2153 4218 2360 4287 possint

101 4303 331 4354 coniecta
369 4301 391 4368 11
429 4306 534 4353 963
576 4299 865 4351 Praeterea
910 4362 915 4368 .
