2840 5008
1175 378 1272 446 IV
2188 373 2328 440 233

58 557 383 621 ordinem
438 575 769 619 versuum
824 553 1294 637 perturbatum
1326 598 1342 627 ‚
1399 570 1596 636 quem
1640 549 1930 613 numeris
1973 547 2335 632 adscriptis

58 654 386 729 ostendi,
424 653 531 717 a'd
562 654 776 736 ipsam
800 652 1152 715 veritatem
1174 648 1524 713 revocavit
1542 693 1555 709 .
1585 646 1719 709 hoc
1741 652 1818 709 ut
1844 646 1942 709 ita
1964 668 2115 710 esse
2138 646 2335 710 intel-

59 755 431 840 legeretur
454 800 472 827 ,
530 752 671 814 eius
716 750 927 814 verba
972 747 1343 812 secundum
1372 746 1672 831 singulas
1714 745 1977 808 litteras
2012 746 2338 829 ipsasque

62 851 585 915 distinctiones
630 847 973 932 descripta
1013 846 1375 931 proposui.
1403 837 1646 927 ‘Atque
1679 863 1758 906 ea
1788 843 2142 917 continuos.
2188 841 2337 922 Que

64 956 479 1034 sequuntur
510 947 543 1011 l
568 953 1043 1031 praepostere
1099 944 1355 1028 scripta
1398 951 1557 1007 sunt
1580 991 1593 1005 .
1653 932 2096 1019 Continuetur'
2140 962 2301 1027 ergo
2323 991 2336 1005 .

69 1047 329 1111 Seruet
379 1054 459 1109 et
513 1045 747 1109 elisam
788 1045 858 1108 in
902 1042 1271 1127 (deletum)
1318 1041 1632 1126 sequenti
1673 1042 1950 1127 pagina.
1999 1047 2068 1104 et
2098 1062 2336 1105 conse-

67 1154 373 1229 quenter
405 1165 642 1229 usque
671 1143 798 1208 ibi.
829 1142 930 1205 Ac
955 1140 1212 1205 resilire
1236 1142 1321 1204 ab
1351 1141 1558 1204 rebus
1578 1186 1592 1202 .
1626 1140 1825 1203 tertia
1852 1139 2103 1224 pagina
2122 1186 2135 1202 .
2166 1138 2339 1202 Post

64 1243 243 1306 haec
275 1242 632 1307 redeatur
652 1241 821 1304 huc.
857 1230 1233 1323 Splendida
1254 1260 1464 1322 porro
1485 1287 1498 1301 .
1531 1245 1600 1301 et
1623 1238 1939 1301 continue
1963 1258 2177 1322 usque
2206 1237 2301 1301 ibi
2321 1289 2334 1302 .

77 1341 134 1402 A
155 1341 495 1405 tenebris
520 1389 533 1403 .
566 1340 696 1424 (ita
718 1346 1067 1403 corrector
1087 1338 1401 1422 quadrati
1426 1336 1560 1400 hoc
1584 1335 1923 1421 antiquior
1945 1335 2066 1400 312
2085 1360 2099 1399 2
2121 1336 2338 1420 prima

72 1460 280 1501 manu
312 1451 383 1503 ..t
407 1439 678 1503 tenebris
697 1438 735 1522 .)
767 1458 847 1501 ac
871 1442 1368 1521 consequenter
1396 1455 1613 1520 usque
1642 1433 1737 1498 ibi
1757 1481 1770 1497 .
1814 1431 1961 1512 Que
1986 1434 2115 1497 sita
2146 1442 2304 1497 sunt
2323 1483 2336 1497 .

71 1536 242 1600 Inde
277 1537 595 1600 saltetur
623 1535 814 1599 illuc.
855 1533 1059 1614 Quod
1090 1542 1330 1598 contra
1357 1534 1581 1597 iacere
1601 1579 1614 1593 .
1647 1532 1778 1617 (ita
1802 1531 2178 1617 quadratus
2197 1582 2212 1609 ,
2241 1536 2336 1597 ia-

78 1636 273 1719 cere.)
321 1636 437 1699 Ac
474 1629 745 1698 demum
786 1635 1215 1697 continuetur
1232 1633 1262 1709 ς’
1309 1624 1489 1696 Hunc
1534 1638 1690 1695 ante
1716 1631 2112 1694 Lambinum
2138 1652 2336 1695 nemo
2389 1692 2390 1697 ,

79 1739 366 1795 secutus
402 1738 555 1794 est:
593 1730 924 1795 Marullus
956 1732 1131 1795 enim
1157 1729 1343 1794 hunc
1370 1730 1629 1794 fecerat
1656 1750 1971 1793 versuum
2002 1730 2305 1794 ordinem
2324 1780 2339 1806 ,

81 1827 204 1891 298
249 1828 608 1894 323—325
653 1827 982 1894 299—322
1021 1827 1352 1893 348—352
1392 1827 1720 1893 326-341
1769 1827 2100 1892 353-363
2130 1827 2328 1892 342-

81 1924 202 1989 347
233 1926 367 1991 364
387 1976 405 2008 ,
440 1927 781 1992 Avantius
811 1934 1034 1990 autem
1065 1948 1345 2012 prorsus
1377 1924 1675 1990 absurde
1705 1923 1829 1987 298
1852 1924 2182 1990 323-325
2213 1925 2337 1991 299

92 2022 295 2086 -322
317 2023 453 2087 326
468 2024 666 2088 -347
686 2024 833 2089 348.
868 2032 939 2088 at
955 2025 1317 2089 Lambinus
1346 2024 1415 2087 in
1435 2022 1669 2087 codice
1682 2020 2074 2087 Bertiniano
2091 2073 2106 2099 ,
2139 2046 2335 2110 quem

85 2120 234 2204 ipse
262 2144 413 2185 non
447 2123 723 2186 viderat
750 2170 766 2197 ,
810 2121 932 2186 sed
975 2122 1272 2185 habebat
1301 2142 1341 2185 a
1370 2120 1692 2184 Turnebo
1737 2127 2129 2205 excerptum
2153 2170 2169 2196 ,
2216 2144 2334 2186 eos

91 2239 210 2281 sex
246 2241 507 2285 versus
555 2222 670 2306 qui
710 2227 1034 2284 notantur
1080 2218 1410 2282 342—347
1453 2240 1533 2282 eo
1580 2218 1732 2281 loco
1774 2218 1908 2304 legi
1948 2219 2158 2284 refert
2199 2242 2336 2305 quo

87 2315 234 2400 ipse
267 2341 395 2384 eos
431 2318 877 2384 excudendos
901 2317 1270 2392 curaverit,
1301 2316 1436 2381 hoc
1461 2324 1565 2380 est
1591 2317 1768 2381 inter
1791 2317 1906 2380 341
1944 2325 2012 2381 et
2041 2317 2196 2394 299,
2230 2340 2336 2383 ce-

96 2422 241 2480 tera
270 2419 499 2483 tacite
529 2418 617 2483 ad
644 2425 935 2481 mentem
967 2416 1374 2480 correctoris
1402 2414 1738 2500 disposuit
1756 2464 1771 2479 .
1803 2416 2009 2480 ceteri
2040 2415 2336 2480 editores

94 2512 435 2593 Lucretii,
476 2517 667 2602 quasi
696 2538 808 2581 res
838 2515 1026 2580 factu
1053 2514 1367 2579 facillima
1394 2514 1636 2578 fuisset
1653 2562 1669 2589 ,
1698 2536 1919 2599 neque
1941 2515 2338 2580 Lambinum

98 2633 316 2698 neque
362 2616 571 2679 alium
601 2623 739 2678 tam
787 2614 1064 2678 eximiae
1095 2614 1545 2678 restitutionis
1582 2621 1929 2677 auctorem
1971 2613 2336 2680 ulla'laude

103 2708 378 2796 dignum
426 2713 933 2776 existimarunt.
979 2712 1229 2775 erroris
1275 2711 1466 2795 origo
1506 2711 1873 2776 lectoribus
1917 2713 2171 2777 nostris
2198 2735 2338 2777 non

102 2817 334 2889 potest
383 2813 684 2876 obscura
726 2831 917 2874 esse:
962 2816 1251 2895 apparet
1294 2810 1465 2873 enim
1497 2859 1513 2885 ‚
1557 2811 1613 2873 si
1655 2811 1887 2875 titulos
1932 2812 2338 2878 carminibus

108 2906 355 2987 addaS,
402 2931 649 2974 versus
679 2933 878 2985 xxvx,
924 2911 1037 2994 qui
1076 2911 1338 2995 priores
1383 2931 1533 2973 esse
1565 2908 1940 2986 debebant,
1979 2920 2142 2995 post
2171 2911 2337 2977 alios

104 3003 261 3069 item
303 3032 482 3073 xxw
528 3008 896 3073 collocatos
942 3031 1130 3085 esse3
1188 3007 1374 3094 quod
1412 3009 1556 3073 fieri
1600 3031 1737 3073 non
1778 3010 2005 3094 potuit
2046 3011 2172 3074 nisi
2212 3032 2340 3094 per

110 3102 436 3170 schedam
482 3106 734 3171 codicis
777 3107 1134 3194 archetypi
1177 3128 1218 3170 a
1247 3108 1820 3172 ceterissolutam
1863 3116 1931 3171 et
1969 3109 2337 3186 inversam,

113 3221 280 3284 quae
309 3203 448 3268 fuit
479 3213 719 3269 octava
748 3205 949 3270 huius
978 3206 1164 3281 libri,
1198 3206 1452 3269 codicis
1483 3207 1694 3270 totius
1725 3229 1939 3270 vam
1959 3255 1973 3270 .

274 3303 421 3368 324.
466 3303 662 3368 Fmr
706 3327 839 3379 UT,
881 3326 1090 3367 ANTE
1125 3326 1428 3368 oanus
1472 3327 1769 3367 Fusium·
1803 3326 1939 3380 Qvi
1984 3327 2338 3380 DEXTER,

115 3418 206 3460 ur
250 3423 489 3466 mnu.
534 3402 664 3481 Qui
702 3403 934 3487 priora
961 3410 1147 3466 recte
1179 3401 1597 3478 distinxerit,
1639 3423 1778 3466 non
1810 3401 2151 3468 dubitabit
2179 3404 2341 3487 quin

117 3497 550 3565 scribendum
580 3501 665 3564 sit
688 3493 825 3565 Fiet
852 3522 987 3563 irA
1006 3550 1019 3564 .
1053 3509 1400 3565 corrector
1435 3500 1750 3586 quadrati
1776 3502 2006 3586 inepte
2038 3513 2173 3565 ante
2195 3525 2338 3566 oeu-

119 3592 202 3656 los
216 3619 239 3675 ,·
269 3619 407 3681 quo
438 3605 690 3662 temere
722 3606 996 3684 arrepto
1014 3598 1478 3665 Wakefieldus
1506 3600 1670 3665 fecit
1691 3599 1860 3675 Fiet,
1890 3612 1946 3664 et
1972 3612 2108 3664 ante
2137 3601 2340 3663 oculos

107 3688 300 3772 fuerit
325 3698 436 3782 qui
465 3697 671 3760 dexter
688 3744 706 3777 ,
736 3709 803 3761 ut
828 3699 988 3761 idem
1006 3745 1019 3761 .
1050 3697 1379 3762 Marullus
1408 3698 1568 3762 item
1596 3697 1769 3761 male
1797 3698 1895 3761 hie
1921 3689 2083 3762 idem
2101 3744 2116 3760 .

280 3792 423 3857 327.
485 3791 870 3872 QUmQUE
931 3818 1185 3859 ETIAM
1240 3819 1387 3860 sssx
1444 3819 1540 3860 UT
1593 3817 1812 3858 ruem
1872 3790 2340 3859 simunA'an

125 3905 498 3954 sumun‘r.
554 3891 815 3957 Nullius
854 3893 1082 3957 iudicii
1127 3901 1232 3958 est
1272 3895 1383 3959 hic
1412 3896 1679 3981 quinque
1705 3915 1813 3957 sex
1853 3894 1949 3957 ita
1992 3915 2236 3979 capere
2265 3900 2342 3957 ut

128 3984 303 4066 apud
330 3989 691 4053 Horatium
718 4014 825 4055 sex
853 4003 1076 4076 septem
1102 3994 1279 4057 milia
1297 4043 1310 4056 .
1356 4001 1425 4056 et
1453 3993 1645 4077 peius
1664 3991 2127 4057 Wakefieldus
2154 3994 2340 4056 simu-

130 4077 296 4147 lacra
318 4091 619 4175 quinque,
663 4089 843 4152 etiam
870 4112 977 4152 sex
996 4136 1011 4153 .
1053 4089 1481 4154 scribendum
1525 4099 1632 4153 est
1667 4089 1947 4175 Quinque
1978 4091 2157 4154 etiam
2185 4109 2342 4150 Aur

129 4198 259 4255 sex,
286 4192 362 4248 ut
388 4208 591 4251 versu
621 4186 740 4250 577
773 4187 900 4251 Sex
930 4189 1109 4250 eciam
1139 4201 1246 4252 aut
1270 4201 1494 4274 septem
1513 4236 1526 4251 .
1557 4187 1891 4251 Marullus
1919 4211 2094 4251 sexve
2114 4234 2126 4247 .

289 4283 424 4349 328.
468 4307 863 4349 LATEBIT:
885 4284 1214 4349 Marullus
1245 4309 1706 4349 LATEBUNT.

293 4380 675 4446 334.1nm;
733 4405 991 4446 RETRo
1051 4406 1370 4447 anasum
1430 4406 1676 4447 amur
1734 4406 1827 4445 Er
1876 4403 2342 4446 coNvssR‘rir
