2840 5008
502 425 592 492 26
1615 426 1645 492 Ι

353 614 450 661 710
496 599 715 662 omnia
744 607 810 662 et
836 600 902 661 in
932 620 1151 662 rerum
1179 607 1454 663 naturas
1487 600 1731 663 vertier
1763 599 2006 673 omniS‚

494 734 734 798 magno
767 736 971 800 opere
1002 736 1041 777 a
1068 735 1230 777 vero
1260 714 1460 799 longe
1491 712 1800 777 derrasse
1818 712 2167 778 videntur.

478 827 670 891 'adde
701 829 894 892 etiam
924 829 1038 912 qui
1066 826 1544 914 conduplicant
1571 827 1933 914 primordia
1961 849 2207 902 rerum,

494 949 649 1007 aera
675 944 1022 1028 iungentes
1051 943 1218 1028 igni,
1241 951 1621 1028 terramque
1649 944 1892 1029 liquori
1907 994 1922 1020 ‚

495 1065 561 1121 et
591 1059 704 1143 qui
736 1065 1052 1142 quattuor
1083 1078 1167 1120 ex
1194 1059 1397 1122 rebus
1427 1080 1632 1143 posse
1664 1059 1881 1123 omnia
1908 1067 2141 1123 rentur

347 1188 444 1233 715
491 1193 576 1235 ex
602 1173 739 1258 igni
766 1178 951 1236 terra
977 1179 1178 1257 atque
1209 1173 1424 1236 anima
1451 1194 1884 1257 procrescere
1918 1182 1986 1237 et
2013 1173 2233 1237 imbri.

495 1281 773 1370 quorum
803 1288 1296 1372 Acragantinus
1328 1308 1476 1348 cum
1505 1286 1733 1371 primis
1760 1287 2207 1373 Empedocles
2239 1295 2342 1351 est

488 1401 707 1464 insula
737 1421 932 1484 quem
959 1400 1301 1484 triquetris
1329 1406 1657 1462 terrarum
1687 1401 1897 1485 gessit
1924 1401 1993 1463 in
2023 1403 2189 1477 oriS‚

490 1536 688 1599 quam
716 1513 981 1576 fluitans
1012 1514 1257 1579 circum
1286 1514 1541 1598 magnis
1572 1515 1979 1580 anfractibus
2011 1537 2264 1600 aequor

485 1628 742 1692 Ionium
773 1628 1022 1713 glaucis
1054 1628 1354 1713 aspargit
1381 1627 1565 1692 virus
1597 1629 1679 1693 ab
1709 1629 1939 1705 undis,

343 1759 441 1805 720
488 1750 909 1828 angustoque
939 1742 1113 1806 fretu
1144 1742 1452 1828 rapidum
1479 1765 1660 1808 mare
1692 1743 1930 1808 dividit
1957 1744 2220 1809 undans

483 1856 712 1921 Italiae
743 1864 1069 1921 terrarum
1100 1879 1256 1920 oras
1276 1879 1325 1952 ‘a
1352 1858 1594 1922 finibus
1626 1860 1796 1922 eius,

483 1971 592 2033 hic
623 1979 726 2035 est
755 1954 947 2036 vasta
978 1971 1355 2057 Charybdis
1375 2021 1390 2047 ‚
1415 1980 1484 2036 et
1512 1973 1620 2035 hic
1650 1974 1950 2036 Aetnaea
1978 1974 2309 2038 minantur
2403 1968 2406 1971 ’

484 2109 817 2149 murmura
843 2087 1250 2150 flammarum
1278 2109 1540 2151 rursum
1572 2109 1643 2150 se
1674 2087 1985 2172 colligere
2013 2088 2176 2163 iraS‚

480 2200 782 2266 faucibus
813 2210 1088 2287 eruptos
1112 2202 1355 2265 iterum
1385 2201 1485 2264 vis
1514 2208 1591 2264 ut
1618 2209 1843 2265 vomat
1868 2202 2040 2288 ignis

336 2332 431 2376 725
477 2313 565 2378 ad
596 2317 981 2401 caelumque
1012 2315 1184 2378 ferat
1212 2315 1490 2378 flammai
1521 2315 1785 2401 fulgura
1813 2338 2107 2380 rursum.

481 2452 652 2516 quae
683 2452 830 2493 cum
858 2451 1097 2517 magna
1125 2428 1341 2493 modis
1370 2429 1594 2492 multis
1624 2429 1927 2493 miranda
1953 2429 2217 2494 videtur

467 2548 784 2635 ‚gentibus
813 2545 1118 2608 humanis
1148 2545 1331 2630 regio
1363 2543 1775 2627 visendaque
1803 2544 2043 2620 fertur,

476 2661 678 2725 rebus
709 2662 928 2746 opima
955 2659 1148 2723 bonis
1170 2708 1185 2734 ‚
1207 2659 1415 2721 multa
1442 2659 1697 2722 munita
1724 2659 1937 2722 virum
1968 2661 2063 2733 vi,

478 2775 570 2837 nil
599 2783 820 2838 tamen
846 2774 978 2837 hoc
1006 2774 1324 2837 habuisse
1353 2774 1497 2837 viro
1528 2774 1935 2859 praeclarius
1964 2774 2033 2837 in
2064 2797 2136 2839 se

330 2905 428 2951 730
470 2910 596 2952 nec
627 2895 928 2952 sanctum
956 2887 1164 2973 magis
1198 2897 1267 2950 et
1294 2888 1526 2951 mirum
1557 2909 1917 2973 carumque
1947 2888 2242 2953 videtur.

475 3004 765 3067 carmina
794 3002 952 3087 quin
984 3002 1178 3065 etiam
1209 3000 1414 3066 divini
1445 3002 1738 3087 pectoris
1770 3003 1909 3065 eius

473 3118 925 3183 vociferantur
956 3126 1020 3180 et
1052 3123 1398 3202 exponunt
1426 3116 1771 3200 praeclara
1799 3123 2094 3201 reperta,

473 3241 550 3296 ut
577 3234 691 3296 vix
717 3232 1007 3295 humana
1034 3229 1341 3295 videatur
1370 3232 1581 3315 stirpe
1612 3237 1879 3294 creatus
1897 3279 1910 3292 .

555 3348 930 3412 Hictamen
961 3354 1028 3411 et
1058 3367 1262 3431 supra
1290 3368 1463 3430 quos
1495 3344 1778 3409 diximus
1806 3345 2157 3409 inferiores

326 3481 424 3526 735
469 3464 771 3549 partibus
804 3461 1067 3547 egregie
1096 3461 1317 3524 multis
1346 3461 1693 3545 multoque
1723 3460 2009 3524 minores
2029 3507 2043 3533 ,

472 3599 868 3663 quamquam
897 3576 1103 3638 multa
1130 3575 1301 3636 bene
1331 3595 1409 3637 ac
1443 3572 1759 3637 divinitus
1789 3574 2203 3639 invenientes

470 3715 555 3756 ex
583 3690 790 3779 adyto
823 3698 957 3755 tam
988 3711 1183 3774 quam
1212 3686 1437 3752 cordis
1466 3690 1794 3772 responsa
1824 3687 2071 3752 dedere

471 3808 764 3871 sanctius
797 3813 864 3868 et
890 3804 1096 3867 multo
1129 3811 1314 3867 certa
1341 3797 1599 3865 ratione
1628 3803 1838 3888 magis
1870 3825 2066 3888 quam

467 3921 713 4009 Pythia
744 3940 914 4005 quae
943 3917 1195 4003 tripodi
1226 3940 1265 3980 a
1293 3916 1553 3981 Phoebi
1583 3918 1907 4004 lauroque
1936 3918 2271 4003 profatur,

283 4053 287 4057 ‘
323 4055 420 4101 740
464 4035 806 4121 principiis
837 4042 1057 4097 tamen
1087 4033 1154 4096 in
1185 4056 1402 4097 rerum
1433 4034 1654 4096 fecere
1683 4033 1909 4096 ruinas

471 4323 567 4369 710
605 4315 741 4367 verti
789 4314 808 4382 ΙΙ
855 4319 950 4364 711
991 4312 1136 4383 longi
1183 4313 1202 4382 ΙΙ
1254 4318 1350 4363 716
1387 4312 1792 4382 Agragantinus
1827 4311 1847 4378 ΙΙ
1884 4320 1981 4366 720
2019 4314 2201 4366 undis.
2253 4315 2273 4381 ΙΙ
2312 4322 2406 4366 721
2449 4316 2683 4374 Haeliae
2722 4325 2743 4393 Η

470 4405 565 4450 724
603 4409 661 4452 ut
697 4397 895 4448 omniat
928 4397 947 4464 ΙΙ
988 4403 1083 4447 725
1125 4398 1364 4449 flammae
1398 4398 1417 4466 ΙΙ
1458 4401 1555 4449 739
1591 4406 1864 4467 prosatur.
