2840 5008
729 365 748 390 ⁸
1202 396 1303 463 VI
2156 402 2160 409 ·
2213 394 2350 462 397

131 584 389 643 mutato
420 586 709 638 senatucs
736 574 778 636 8
805 574 877 636 17
900 571 975 635 21
1003 571 1118 635 23:
1147 591 1303 634 nam
1325 568 1841 654 promayistratuo
1868 564 2119 630 ibidem
2155 566 2229 630 12
2259 568 2355 631 vi-

132 679 382 740 tiosum
431 681 545 737 est
600 679 668 735 et
713 671 918 735 debet
963 690 1110 733 esse
1157 692 1282 754 pro
1322 666 1725 752 maqistratud
1752 713 1769 743 ‚
1821 687 2094 728 necessus
2136 672 2357 729 autem

114 758 420 859 ¹propter
468 794 597 834 esse
640 778 828 834 recto
862 790 1023 832 casu
1065 767 1279 851 accipi
1310 787 1445 828 non
1488 769 1718 849 potest
1746 812 1759 824 .
1811 783 1890 824 eo
1922 763 2035 846 qui
2076 785 2239 826 usus
2268 765 2357 827 sit

131 871 376 935 Aulum
410 867 750 931 Gellium
732 889 800 930 in
822 866 1198 930 Atticarum
1226 864 1526 928 noctium
1554 861 1726 923 libro
1757 860 1946 934 xv1,8
1976 861 2091 943 (ibi
2122 870 2226 924 est
2251 885 2355 925 ne-

132 993 327 1032 cessus
339 968 505 1054 fuit)
532 965 786 1029 ‘solum
770 964 1037 1027 invenio
1062 968 1336 1048 praeter
1353 960 1772 1032 Terentium,
1798 959 1911 1042 qui
1927 957 2137 1022 habet
2155 983 2353 1023 neces·

131 1091 228 1130 sus
239 1066 424 1152 suit
405 1086 479 1128 1n
511 1061 845 1127 Eunucho
875 1085 938 1136 v,
959 1062 1015 1136 5,
1034 1061 1149 1135 28,
1179 1073 1247 1125 ut
1270 1063 1348 1124 sit
1367 1082 1639 1124 necessus
1666 1058 1736 1120 in
1756 1056 2352 1121 Heautontimoru-

132 1185 328 1228 meno
363 1162 512 1237 1r‚3‚
529 1162 676 1224 119.
701 1162 759 1225 si
779 1162 849 1223 in
869 1159 1196 1224 Bembino
1224 1159 1459 1223 codice
1479 1156 1776 1220 Andriae
1803 1163 1994 1218 actus
2018 1155 2354 1220 secundus

136 1263 416 1345 eiusque
450 1279 740 1323 scaenae
786 1257 1125 1321 secundae
1165 1277 1403 1320 versus
1437 1255 1516 1318 35
1544 1255 1762 1318 lectus
1804 1260 1983 1316 esset
2009 1290 2032 1327 ‚¹
2062 1254 2158 1318 ibi
2189 1276 2355 1338 quo-

137 1381 263 1444 que
291 1359 711 1423 haberemus
748 1357 939 1436 Quasi
972 1380 1244 1420 necessus
1270 1357 1351 1418 sit
1370 1402 1384 1417 .
1430 1353 1553 1417 sed
1583 1359 1740 1415 ante
1767 1352 2069 1417 vocalem
2098 1352 2157 1416 T
2165 1374 2354 1418 eren·

136 1459 267 1520 tius
288 1480 534 1521 necesse
549 1505 566 1536 ‚
595 1478 829 1519 necesse
851 1466 938 1518 est
949 1503 967 1534 ,
991 1457 1141 1519 Non
1153 1454 1291 1540 fuit
1304 1477 1540 1517 necesse
1561 1452 1779 1515 habere
1798 1449 2066 1513 Phorm.
2085 1474 2155 1526 11,
2180 1453 2231 1527 l,
2246 1451 2353 1527 66,

135 1556 289 1618 item
322 1554 721 1618 accusativo
748 1574 909 1615 casu
937 1575 1170 1616 necesse
1198 1552 1386 1615 habeo
1407 1600 1420 1614 .
1449 1549 1731 1613 Plautus
1752 1546 1952 1612 recto‘
1973 1571 2137 1614 casu
2157 1574 2356 1615 neces-

137 1665 323 1717 smnst
334 1702 352 1733 ,
382 1662 718 1730 necessust,
747 1673 982 1713 necesse
1011 1659 1096 1712 est
1112 1697 1130 1728 ,
1174 1646 1538 1711 accusandi
1564 1669 1869 1709 necessum
1895 1669 2016 1710 esse
2042 1647 2114 1710 in
2142 1648 2357 1712 Milite

139 1773 224 1827 ιν,
237 1753 294 1827 3,
311 1749 393 1813 25
421 1757 496 1812 et
524 1770 759 1811 necesse
780 1770 903 1810 esse
930 1747 1000 1808 in
1021 1745 1332 1809 Asinaria
1354 1768 1395 1819 1,
1416 1745 1522 1820 1,9
1538 1793 1551 1808 .
1577 1743 1963 1808 accusativo
1992 1747 2216 1810 neutri
2245 1768 2356 1831 ge-

138 1850 315 1913 neris
343 1845 711 1911 Lucretius
738 1845 810 1907 in
832 1866 901 1918 11,
915 1844 1039 1907 289
1068 1844 1231 1906 mire
1262 1842 1670 1906 adiectivum
1702 1841 1967 1907 addidit
1993 1874 2013 1923 ‚-
2053 1867 2358 1908 necessum

137 1949 483 2009 intestinum
514 1993 531 2009 .
576 1942 700 2007 sed
726 1965 970 2005 necessu
990 1989 1008 2020 ‚
1055 1939 1241 2024 quod
1284 1939 1691 2022 exemplaria
1729 1946 1965 2004 vetera
2004 1940 2263 2006 habent
2290 1943 2359 2005 in

143 2043 378 2108 eodem
403 2042 581 2109 libro
606 2040 728 2105 468
746 2090 761 2116 ,
790 2061 928 2102 non
950 2045 1182 2122 potest
1209 2037 1509 2122 intellegi
1526 2087 1539 2101 .
1562 2061 1805 2101 necessu
1829 2050 1913 2102 est
1933 2039 2266 2125 oblongus
2288 2042 2357 2104 in

71 2135 78 2144 ’
143 2134 360 2215 1v4516
379 2189 396 2204 .
1370 2196 1373 2197 γ

303 2240 448 2303 817.
481 2260 565 2300 IN
611 2257 980 2300 APERTUM
1024 2255 1562 2310 PROMPTAQUE
1610 2256 1843 2298 CAELI
1868 2283 1881 2297 .
1926 2235 2032 2298 Ita
2061 2236 2357 2320 quadra-

136 2344 248 2409 tus
279 2346 348 2400 et
379 2334 682 2400 schedae
712 2358 725 2396 :
769 2333 1102 2419 oblongus
1134 2340 1202 2396 et
1232 2333 1387 2397 olim
1417 2333 1726 2417 impressi
1753 2335 1821 2396 in
1848 2345 2061 2418 aperta
2083 2383 2098 2409 ‚
2142 2336 2356 2399 Anto-

141 2433 286 2498 nius
315 2434 525 2498 Marii
553 2434 618 2495 in
647 2442 976 2518 apertaque
997 2478 1012 2495 .

303 2533 449 2598 818.
500 2531 639 2595 S1c
696 2553 789 2593 ET
844 2552 1164 2596 AVERNA
1219 2552 1426 2594 LocA
1481 2552 1889 2594 MALn-Bus
1920 2579 1933 2593 .
1994 2530 2358 2596 Corrector

145 2631 495 2714 quadrati,
525 2629 710 2705 Itali,
738 2629 1065 2691 Marullus
1084 2677 1099 2703 ‚
1132 2631 1265 2693 loca
1291 2651 1385 2692 AL
1403 2652 1426 2691 1
1440 2652 1480 2692 r
1496 2653 1519 2691 1
1534 2651 1573 2690 B
1589 2651 1631 2692 U
1645 2651 1677 2691 s
1698 2677 1711 2690 .
1744 2640 1801 2692 et
1825 2630 2226 2713 particulam
2245 2631 2357 2695 hic

143 2726 301 2791 ferri
322 2751 467 2793 non
490 2749 694 2812 posse
720 2727 886 2790 satis
910 2748 1116 2812 supra
1132 2775 1146 2802 ‚
1178 2729 1308 2792 nisi
1328 2728 1529 2792 fallor
1548 2776 1563 2802 ‚
1595 2728 1795 2791 evici.
1820 2735 1889 2791 et
1909 2750 1994 2791 ne
2020 2728 2191 2793 dixit
2213 2731 2360 2814 qui-

145 2823 289 2888 dem
312 2815 473 2892 alibi
497 2823 854 2888 Lucretius
878 2823 988 2888 Sic
1011 2826 1192 2905 etiam
1206 2874 1224 2906 ‚
1258 2826 1381 2890 sed
1403 2826 1792 2910 simpliciter
1810 2873 1824 2899 ,
1857 2828 2370 2916 ambiguitatem

142 2944 275 2986 non
305 2925 574 2990 evitans
593 2969 609 2996 ‚
639 2922 748 2986 Sic
774 2922 1084 2985 hominum
1106 2946 1297 3008 yenus
1327 2935 1413 2987 est
1438 2923 1507 2988 in
1530 2946 1627 2997 111,
1642 2923 1762 2986 307
1782 2970 1798 2997 ‚
1831 2931 1900 2987 et
1926 2924 1994 2986 in
2023 2925 2158 2989 hoc
2185 2925 2357 2990 libro

79 3079 86 3084 .
146 3023 342 3105 paulo
373 3028 541 3108 post
568 3020 689 3084 895
723 3021 831 3085 Sic
860 3044 982 3105 per
1024 3014 1161 3084 eum
1184 3023 1461 3108 fontem.
1509 3021 1599 3085 ad
1626 3021 1760 3085 hoc
1792 3022 2163 3106 exemplum
2196 3024 2358 3086 scri-

120 3119 436 3189 ,bendum
469 3126 577 3182 est
607 3120 714 3184 Sic
742 3141 840 3182 EA
869 3123 1115 3184 Averna
1145 3122 1282 3185 loca
1301 3170 1314 3183 .

306 3218 450 3283 820.
482 3217 597 3281 ΠΤ
643 3240 949 3280 PATIUM
995 3240 1235 3280 CAELI
1284 3240 1624 3291 QUODAM
1668 3241 1767 3280 DE
1814 3240 2068 3281 PARTE
2104 3242 2360 3283 VENE-

146 3335 291 3377 NET
317 3366 329 3379 .
377 3316 820 3380 Correctores
862 3324 1127 3388 veteres
1184 3319 1262 3381 Ut
1301 3340 1386 3381 sp
1404 3338 1689 3381 Arum.
1746 3318 1898 3382 Itali
1943 3325 2013 3381 et
2052 3318 2363 3403 impressi

146 3433 355 3486 QUAD
374 3438 518 3478 AM.
561 3427 807 3478 venenet
832 3414 1208 3500 quadratus
1241 3423 1309 3480 et
1339 3416 1675 3480 schedae:
1718 3420 1931 3481 veneni
1961 3417 2293 3503 oblongus
2324 3441 2364 3483 a

146 3524 532 3578 correctore
557 3560 571 3586 ,
617 3534 836 3597 neque
869 3523 1157 3599 apparet
1201 3516 1365 3601 quid
1395 3537 1437 3578 a
1464 3516 1681 3599 prima
1707 3537 1909 3578 manu
1937 3515 2176 3578 fuerit.
2208 3516 2363 3578 Itali

146 3615 211 3670 et
240 3610 397 3674 olim
427 3612 738 3695 impressi
767 3616 1008 3693 veneni,
1039 3614 1368 3677 Marullus
1398 3625 1671 3677 venenet.

307 3709 451 3773 825.
470 3709 582 3773 ΒΕ
600 3732 637 3771 L
654 3732 676 3771 1
695 3731 734 3784 Q
750 3732 792 3771 U
808 3734 831 3772 1
846 3732 890 3772 A
907 3733 939 3773 s
963 3735 1008 3774 v
1022 3734 1044 3773 1
1060 3734 1154 3774 ΤΑ
1172 3759 1187 3775 .
1209 3713 1553 3798 Relliquias
1571 3711 1903 3795 oblongus
1918 3758 1931 3773 .
1948 3732 2164 3773 vrrAE
2180 3711 2361 3775 Itali.

308 3806 453 3871 831.
484 3830 577 3870 ΤΕ
597 3827 756 3869 RAM
776 3829 960 3882 Qun.
991 3808 1142 3872 Itali
1175 3817 1243 3873 et
1271 3809 1581 3895 impressi
1612 3829 2133 3884 TERRAMQUE.

312 3904 454 3967 832.
501 3924 651 3967 Pno
672 3926 763 3965 PE
812 3927 949 3968 στι
994 3929 1245 3971 Locus
1290 3930 1485 3994 nmo
1532 3929 1994 3982 LINQUITUR
2041 3929 2360 3978 IRANIS.

151 3996 541 4075 Quadratus
572 4001 824 4085 linquit,
865 4002 1019 4066 Itali
1050 4010 1118 4066 et
1145 4004 1454 4089 impressi
1484 4028 1618 4067 Lm
1637 4027 1981 4081 QUATUR.
2014 4004 2135 4069 sed
2167 4027 2360 4090 prae-

107 4165 115 4170 „
151 4103 335 4161 terea
365 4096 798 4163 scribendum
828 4122 994 4163 H1c.

312 4195 455 4259 833.
490 4196 742 4260 Cums
786 4218 918 4259 Um
965 4220 1002 4259 E
1047 4220 1085 4258 E
1130 4219 1493 4263 immoni:
1539 4201 2148 4266 Loc1.Alterum1·:
2180 4200 2361 4265 dele-

147 4289 241 4352 vit
272 4300 622 4358 corrector
653 4293 927 4381 oblongi
947 4344 960 4358 .

312 4390 453 4455 836.
498 4413 797 4454 NiXAm
855 4415 1330 4470 NEQUEUNT.
1377 4393 1621 4460 Festus
1665 4418 1728 4480 p.
1755 4397 1943 4470 177‚7
1989 4396 2265 4462 Nictare
2310 4410 2367 4462 et
