2840 5008
353 4754 392 4791 Ἳι

443 4643 474 4663 0

499 382 638 450 310
1574 379 1640 445 V

497 579 560 641 p.
581 555 703 619 435
729 603 741 616 .
793 555 1082 619 Eulaeum
1103 603 1118 632 ‚
1163 556 1392 619 nescio
1441 576 1639 640 quam
1683 563 1868 619 recte
1895 605 1908 628 ‚
1951 557 2018 619 in
2063 555 2324 642 Hygini
2368 557 2507 622 fab.
2546 558 2623 622 13
2653 560 2726 623 34

660 751 797 815 745.
845 773 1203 814 romnus
1251 771 1613 814 ronanus
1639 798 1653 812 .
1700 749 2091 830 Quadratus
2120 753 2293 836 polle
2317 801 2333 815 .
2380 752 2575 838 apud
2613 754 2723 818 Isi-

496 848 736 912 dorum
780 849 948 934 orig.
979 870 1127 921 xm,
1153 849 1220 912 ll
1268 847 1773 912 Lindemannus
1813 847 2003 912 dedit
2036 860 2268 912 terrens
2299 872 2389 914 ex
2421 850 2722 917 Guelfer-

495 948 754 1032 bytano
785 946 1022 1011 codice
1043 996 1056 1009 .

660 1045 800 1109 747.
847 1044 1111 1108 Rl-:nlr
1168 1067 1469 1107 ummps
1528 1066 1931 1121 s1-:Qu1‘rnn
1987 1067 2464 1111 oni-:numus
2518 1069 2720 1111 uAnc

499 1166 538 1204 n
556 1165 593 1205 E
610 1164 899 1207 armus
946 1165 1041 1206 AL
1061 1166 1138 1207 οι
1165 1191 1178 1206 .
1211 1141 1604 1222 Quadratus
1631 1143 1818 1206 hiems
1840 1191 1853 1205 .
1899 1141 2145 1206 deinde
2173 1141 2358 1206 idem
2387 1143 2558 1207 hanc
2576 1171 2599 1207 .·
2628 1166 2721 1208 ce·

497 1241 624 1303 teri
648 1262 795 1304 cum
820 1240 1114 1327 oblongo
1140 1265 1241 1319 ac,
1261 1239 1448 1324 quod
1472 1239 1833 1324 legitimum
1855 1240 2218 1305 verborum
2239 1240 2560 1305 ordinem
2581 1263 2722 1327 per-

496 1340 703 1403 vertit
732 1388 745 1403 .
805 1363 840 1404 c
857 1363 949 1403 ns
969 1361 1260 1403 mrANs
1305 1338 1457 1401 Itali
1483 1387 1494 1400 .
1552 1346 1693 1401 tum
1720 1385 1735 1411 ‚
1781 1338 2098 1422 quoniam
2138 1340 2268 1423 alqi
2308 1359 2456 1402 non
2500 1348 2723 1424 potest

495 1437 656 1502 ferri
681 1487 695 1512 ‚
739 1439 1142 1502 tutissimum
1176 1447 1280 1501 est
1309 1439 1608 1502 scribere
1637 1460 1680 1500 A
1698 1460 1734 1500 L
1752 1459 1907 1501 oon
1929 1484 1947 1516 ,
1979 1457 2113 1521 quo
2142 1444 2353 1523 polita
2381 1439 2455 1501 in
2488 1461 2592 1514 111,
2611 1438 2723 1502 623

496 1558 658 1600 usus
689 1545 792 1600 est
816 1587 829 1600 .
875 1539 1049 1622 alque
1075 1536 1477 1611 Lambinus3
1508 1536 1696 1599 cuius
1726 1534 1982 1598 formae
2011 1541 2251 1600 auctor
2279 1536 2513 1599 nullus
2547 1544 2724 1600 extat

497 1635 625 1697 nisi
652 1635 1039 1699 Priscianus
1069 1657 1132 1719 p.
1150 1635 1273 1699 699
1300 1684 1314 1709 ‚
1360 1636 1474 1720 qui
1524 1635 1898 1718 exemplum
1939 1633 2307 1698 accusativi
2334 1633 2722 1697 Plautinum

496 1730 756 1795 adfert:
803 1732 1078 1797 ablativi
1108 1733 1320 1798 multo
1353 1734 1550 1818 plura
1578 1742 1736 1796 sunt
1761 1782 1774 1794 .
1806 1730 2269 1795 Wakefieldus
2297 1733 2450 1817 alyn
2465 1781 2486 1811 ,
2518 1734 2723 1797 verba

498 1827 803 1893 Charisio
836 1852 899 1913 p.
916 1829 998 1894 23
1041 1829 1290 1894 adficta
1333 1837 1607 1894 secutus
1631 1877 1646 1903 ‚
1693 1850 1865 1914 quae
1908 1839 2066 1892 sunt
2108 1828 2293 1912 apud
2319 1829 2722 1894 Putschium

494 1927 667 1991 haec
690 1977 705 2003 ‚
747 1928 859 1992 hoc
899 1929 1044 2013 alyn
1084 1927 1159 1992 τὸ
1202 1929 1385 2014 κρῩοε
1411 1979 1423 2002 ,
1472 1950 1755 2013 quorum
1797 1927 1964 1991 nihil
2001 1929 2069 1991 in
2110 1926 2346 1991 codice
2387 1948 2545 1992 esse
2574 1929 2719 1992 Lin-

498 2024 866 2088 demannus
898 2024 1134 2089 docuit
1159 2047 1224 2110 p.
1251 2026 1325 2089 19
1349 2074 1362 2088 .
1392 2026 1462 2089 in
1492 2046 1728 2089 versus
1757 2025 1949 2088 initio
1980 2045 2210 2089 omnes
2238 2025 2457 2090 Italos
2487 2028 2719 2090 imitati

497 2131 657 2187 sunt
675 2171 689 2198 ‚
722 2124 835 2208 qui
866 2122 1178 2187 fecerunt
1210 2125 1479 2187 Tandem
1506 2124 1724 2187 bruma
1750 2125 1915 2186 nives
1943 2123 2148 2210 adfert
2161 2125 2546 2211 piorumque
2564 2126 2719 2210 riyo·

497 2245 625 2286 rem
656 2223 883 2286 Reddit
898 2248 923 2303 ,-
966 2220 1153 2306 quod
1180 2243 1400 2306 neque
1428 2220 1747 2307 intellego
1772 2269 1788 2295 ‚
1831 2242 2050 2306 neque
2072 2269 2089 2299 ,
2134 2223 2188 2285 si
2225 2222 2718 2308 intellegerem,

495 2321 774 2385 verbum
803 2320 1134 2406 ignaviter
1162 2318 1469 2383 additum
1498 2320 1862 2403 probarem
1888 2368 1901 2382 .
1931 2324 2139 2403 poeta
2166 2326 2242 2383 ut
2273 2328 2439 2383 ante
2469 2320 2646 2385 dixit
2669 2321 2721 2384 It

496 2443 600 2482 ver
616 2468 632 2498 ,
657 2430 980 2483 autumnus
1001 2419 1132 2482 adit
1145 2466 1161 2496 ,
1184 2418 1282 2480 ita
1304 2416 1416 2480 hic
1438 2416 1709 2479 videtur
1733 2417 2086 2501 scripsisse
2112 2415 2217 2480 PR
2231 2439 2271 2480 o
2288 2440 2332 2479 n
2351 2441 2376 2480 1
2392 2442 2434 2481 :t
2464 2419 2691 2504 hiemps
2705 2467 2718 2479 .

663 2519 804 2583 750.
850 2518 1020 2582 Cum
1064 2540 1299 2581 unm
1343 2537 1697 2580 Possum·
1723 2565 1736 2579 .
1779 2515 2108 2579 Marullus
2152 2538 2379 2580 mam
2406 2565 2422 2580 .

662 2615 801 2680 753.
848 2639 1169 2680 'ramum
1215 2636 1689 2679 sncLunnRE
1733 2636 2014 2678 Possm
2057 2614 2384 2677 Lunum
2411 2665 2426 2678 .
2454 2616 2715 2683 Lambi-

497 2735 625 2777 nus
643 2762 658 2790 ,
688 2715 877 2798 quod
905 2716 1047 2778 seio
1067 2763 1082 2789 ‚
1112 2716 1369 2800 primus
1386 2763 1404 2795 ,
1437 2723 1506 2778 et
1537 2714 1803 2800 quidem
1833 2715 2071 2793 tacite,
2103 2736 2244 2777 son
2262 2737 2284 2777 1
2303 2737 2337 2778 s
2367 2715 2668 2781 Lumine.

663 2811 802 2874 756.
848 2813 958 2876 ΤΕ
979 2835 1245 2877 mronn
1290 2835 1560 2876 EADEM
1583 2860 1597 2875 .
1641 2812 1807 2876 Mox
1837 2810 1960 2875 765
1990 2833 2259 2875 nom-:M
2285 2859 2300 2875 .

663 2910 804 2973 761.
845 2933 1111 2984 Arous
1150 2934 1462 2975 pamm.
1493 2911 1647 2975 Itali
1673 2919 1739 2974 et
1759 2909 2091 2974 Marullus
2121 2932 2449 2974 PERIRE.
2476 2911 2713 2977 Wake-

496 3007 735 3072 fieldus
768 3008 1065 3072 absurde
1079 3010 1328 3093 pariri,
1357 3009 1432 3073 id
1463 3017 1567 3087 est
1598 3009 1846 3073 creari.

663 3107 804 3171 764.
835 3107 974 3170 771.
1021 3129 1209 3171 com
1254 3129 1761 3171 riemann-nn
1802 3128 2124 3170 umnnAs
2150 3153 2163 3168 .
2196 3104 2595 3184 Quadratus
2623 3116 2713 3173 οῦ.

500 3228 537 3264 P
553 3227 592 3266 Ε
606 3228 649 3268 R
664 3228 701 3268 1.
716 3229 759 3268 A
773 3230 813 3268 n
830 3230 854 3269 1
871 3230 912 3269 'r
927 3230 969 3269 U
987 3230 1028 3269 R
1057 3206 1245 3280 Itali,
1273 3205 1643 3269 Brixiensis
1675 3204 1897 3270 editor
1917 3254 1933 3282 ,
1961 3203 2291 3268 Marullus
2314 3253 2328 3267 .
2363 3205 2552 3270 hunc
2580 3229 2714 3271 ver·

500 3322 675 3375 sum,
707 3325 841 3386 quo
872 3304 1024 3366 loco
1054 3304 1342 3367 iteratur
1361 3352 1376 3378 ‚
1407 3304 1774 3368 Lambinus
1804 3302 2057 3367 delevit
2083 3302 2340 3386 primus
2362 3349 2377 3364 .

665 3399 806 3462 768.
838 3423 908 3463 SI
939 3423 1251 3464 FULGET
1282 3424 1524 3464 LUNA.
1556 3401 1764 3465 Immo
1787 3403 1840 3464 si
1869 3422 2196 3473 runem,
2217 3412 2295 3463 ut
2316 3408 2511 3464 recte
2533 3401 2711 3464 Lam-

499 3497 698 3561 binus
730 3507 798 3562 et
829 3496 1134 3562 Gifanius
1159 3545 1174 3573 ‚
1222 3499 1379 3582 quia
1419 3498 1531 3562 hic
1572 3506 1780 3583 poeta
1807 3518 2140 3583 nusquam
2168 3496 2448 3561 videtur
2479 3499 2711 3562 dixisse

483 3596 701 3682 fulqeo
712 3596 923 3684 fulqes
940 3645 954 3660 .
985 3618 1138 3660 nam
1161 3617 1381 3681 neque
1406 3618 1615 3681 supra
1638 3597 1759 3661 570
1790 3598 1925 3661 loca
1937 3596 2186 3684 fulqent
2211 3594 2374 3660 ferri
2398 3618 2608 3680 posse
2627 3599 2711 3660 vi-

501 3694 753 3770 dimus,
784 3716 1004 3780 neque
1032 3697 1102 3760 in
1131 3721 1201 3775 11,
1221 3696 1299 3759 27
1332 3697 1798 3783 aryentoficlqet
1818 3723 1839 3759 .·
1869 3695 1954 3759 de
1985 3696 2137 3759 libri
2167 3703 2393 3759 autem
2423 3718 2496 3760 v1
2528 3718 2713 3760 versu

499 3794 622 3856 213
662 3794 732 3855 in
772 3793 921 3857 loco
969 3814 1241 3879 agemus
1266 3844 1280 3858 .
1323 3797 1555 3880 itaque
1599 3816 1684 3858 ne
1712 3795 1970 3882 refulyet
1998 3792 2270 3879 quidem
2296 3794 2713 3877 probandum

395 3920 400 3921 ff
503 3891 853 3974 quisquam
879 3890 1086 3954 ducet
1102 3939 1118 3966 ‚
1151 3894 1337 3976 quod
1361 3916 1483 3980 per
1506 3915 1580 3957 se
1603 3914 1741 3956 non
1764 3892 2209 3976 suspiciosum
2234 3898 2428 3956 extat
2456 3893 2525 3955 in
2554 3892 2712 3956 libro

502 4011 569 4062 11,
589 3987 713 4072 800
732 4034 747 4050 .
779 3995 1078 4051 ceterum
1105 3990 1412 4075 imperite
1439 3992 1699 4055 Seneca
1728 3990 2130 4055 naturalium
2157 3991 2628 4074 quaestionum
2652 4012 2712 4060 11.

501 4086 582 4149 56
601 4094 870 4151 Veteres
895 4087 981 4149 ad
1004 4087 1469 4176 siqnificandam
1498 4089 1655 4151 hane
1684 4113 1715 4151 e
1743 4089 1997 4151 nubibus
2024 4088 2252 4151 subitae
2280 4088 2437 4150 lucis
2466 4090 2711 4173 emptio-

500 4210 637 4250 nem
652 4186 856 4249 media
870 4186 1107 4271 syllaba
1126 4197 1403 4270 correpta
1407 4187 1660 4272 ficlqere
1679 4186 1933 4251 dixisse
1952 4184 2190 4249 refert:
2214 4183 2541 4249 dixerunt
2559 4185 2710 4248 enim

499 4286 596 4348 ita
627 4283 713 4348 de
742 4282 1005 4370 fulgore
1038 4303 1463 4368 quocumque
1494 4306 1643 4347 cum
1672 4292 1973 4360 vetereS‚
2004 4292 2142 4348 tum
2176 4283 2449 4348 doctior
2473 4283 2711 4349 Seneca

503 4380 815 4471 Valerius
845 4380 1128 4446 Flaccus
1156 4380 1225 4444 in
1254 4402 1399 4456 vm,
1419 4380 1541 4445 284
1573 4382 1914 4468 totfulyere
1942 4383 2149 4447 taedas
2168 4430 2181 4445 .
