2840 5008
1167 359 1295 426 1111

36 533 37 540 '
110 535 464 598 Centauros
492 532 728 617 itaque
760 538 827 595 et
857 531 1228 618 Scyllarum
1253 530 1553 594 membra
1579 529 1879 594 videmus
1899 580 1914 605 ‚

110 650 600 731 Cerbereasque
631 667 865 710 canum
894 645 1098 707 facies
1117 693 1133 719 ‚
1156 645 1640 729 simulacraque
1671 667 1898 709 eorum

110 784 373 847 quorum
403 768 626 824 morte
657 759 836 823 obita
865 760 1060 823 tellus
1091 759 1511 844 amplectitur
1542 781 1725 836 ossa3

34 891 74 939 ³5
108 898 281 940 omne
311 896 529 960 genus
562 862 875 958 quoniam
904 874 1151 958 passim
1180 873 1531 937 simulacra
1557 874 1890 970 feruntur,

107 991 332 1076 partim
360 999 614 1075 sponte
644 1008 764 1050 sua
795 1008 966 1071 quae
993 987 1161 1052 fiunt
1189 993 1342 1051 aere
1370 988 1441 1050 in
1468 988 1617 1073 ipso
1638 1037 1653 1063 ‚

108 1104 336 1189 partim
366 1124 542 1187 quae
571 1102 771 1166 variis
802 1103 884 1166 ab
915 1103 1118 1166 rebus
1150 1122 1433 1185 cumque
1462 1101 1788 1166 recedunt

111 1227 167 1281 et
194 1237 366 1302 quae
398 1217 696 1281 confiunt
726 1237 808 1278 ex
836 1215 1075 1279 horum
1104 1215 1284 1279 facta
1311 1215 1542 1300 figuris
1559 1266 1572 1279 .

108 1354 249 1395 nam
276 1340 460 1395 certe
493 1351 579 1394 ex
607 1330 762 1392 vivo
796 1328 1111 1393 Centauri
1139 1351 1276 1393 non
1302 1329 1377 1392 fit
1403 1331 1622 1415 imago
1642 1376 1656 1403 ‚

32 1459 75 1508 ιο
107 1447 277 1509 nulla
300 1446 428 1509 fuit
458 1443 772 1529 quoniam
799 1444 950 1507 talis
978 1452 1219 1508 natura
1248 1445 1575 1508 animalis:

108 1581 326 1623 verum
352 1559 468 1622 ubi
500 1558 653 1643 equi
684 1579 841 1621 casu
870 1566 1072 1642 atque
1102 1557 1385 1622 hominis
1418 1559 1732 1623 convenit
1758 1560 2006 1645 imago,

108 1674 426 1737 haerescit
452 1672 646 1736 facile
677 1675 1009 1761 extemplo
1030 1724 1044 1750 ,
1071 1672 1257 1758 quod
1290 1672 1574 1736 diximus
1605 1680 1794 1748 ante,

111 1795 377 1874 propter
408 1787 715 1851 subtilem
745 1796 1048 1852 naturam
1080 1797 1148 1852 et
1177 1788 1401 1851 tenvia
1433 1795 1648 1851 texta.

115 1909 324 1966 cetera
350 1884 439 1964 'de
468 1921 713 1985 genere
741 1901 872 1965 hoc
903 1901 1135 1965 eadem
1162 1903 1424 1966 ratione
1454 1910 1794 1966 creantur.

27 2030 79 2082 {45
115 2037 272 2101 quae
302 2037 448 2079 cum
476 2015 806 2079 mobiliter
835 2037 1088 2078 summa
1115 2015 1390 2080 levitate
1416 2005 1753 2089 feruntur,

28 2169 29 2172 =
114 2138 183 2194 ut
207 2131 387 2216 prius
419 2128 686 2193 ostendi
706 2178 720 2204 ‚
743 2129 933 2192 facile
964 2151 1097 2192 uno
1130 2138 1507 2194 commovet
1534 2130 1673 2192 ictu

118 2265 273 2327 quae
300 2245 461 2308 libet
489 2265 623 2307 una
651 2245 934 2307 animum
965 2245 1157 2308 nobis
1188 2243 1451 2307 subtilis
1480 2243 1732 2328 imago:

118 2358 314 2422 tenvis
346 2358 515 2421 enim
544 2378 731 2420 mens
763 2365 865 2420 est
895 2366 962 2420 et
989 2359 1150 2421 mire
1180 2357 1440 2421 mobilis
1468 2358 1644 2442 ipsa.

190 2471 369 2536 Haec
397 2472 541 2536 fieri
568 2483 646 2538 ut
673 2492 967 2536 memoro
987 2522 1001 2549 ‚
1022 2471 1214 2538 facile
1243 2471 1398 2537 hinc
1431 2492 1841 2558 cognoscere
1868 2473 2122 2559 possis,

25 2584 82 2677 yso
116 2607 235 2669 qua
259 2594 455 2651 tenus
482 2587 617 2650 hoc
637 2587 852 2650 simile
882 2594 987 2650 est
1013 2586 1106 2649 illi
1125 2635 1139 2661 ‚
1163 2585 1354 2670 quod
1382 2594 1606 2650 mente
1635 2585 1938 2651 videmus

26 2700 27 2731 *
122 2708 306 2785 atque
335 2701 544 2765 oculis
564 2749 580 2774 ‚
602 2701 791 2764 simili
818 2700 960 2765 fleri
987 2701 1249 2764 ratione
1276 2721 1558 2764 necesse
1588 2709 1722 2764 est.

26 2862 27 2903 }
123 2835 280 2879 nunc
307 2815 509 2899 igitur
542 2816 851 2899 quoniam
884 2814 1084 2879 docui
1112 2836 1218 2878 me
1245 2814 1424 2878 forte
1451 2815 1712 2878 leonem

26 2932 27 2935 ’
123 2949 375 2992 eernere
402 2949 527 3016 per
558 2930 908 2993 simulacra
927 2979 941 3001 ,
965 2929 1197 2993 oculos
1231 2950 1402 3014 quae
1433 2937 1713 3014 cumque
1741 2930 2108 3005 lacessunt,

54 3094 57 3095 γ
123 3043 273 3106 scire
300 3045 456 3108 licet
483 3050 773 3106 mentem
802 3044 991 3107 simili
1018 3044 1277 3107 ratione
1306 3044 1562 3107 moveri
1578 3092 1593 3119 ‚

25 3165 87 3213 ⁷55
121 3177 224 3240 per
252 3157 600 3221 simulacra
627 3157 885 3221 leonem
917 3166 984 3222 et
1013 3166 1239 3222 cetera
1269 3179 1441 3242 quae
1470 3156 1656 3222 videt
1684 3180 1898 3244 aeque

124 3291 230 3333 nec
256 3271 468 3334 minus
498 3280 702 3357 atque
726 3272 905 3335 oculi
925 3320 939 3347 ‚
962 3273 1087 3336 nisi
1121 3270 1305 3356 quod
1334 3292 1525 3356 mage
1553 3274 1779 3337 tenvia
1809 3274 2048 3338 cernit.

123 3404 232 3447 nec
258 3386 513 3450 ratione
543 3387 671 3450 alia
689 3435 704 3462 ‚
727 3407 875 3450 eum
904 3408 1176 3450 somnus
1206 3387 1503 3449 membra
1529 3386 1860 3471 profudit,

123 3519 292 3562 mens
320 3501 517 3564 animi
545 3501 774 3586 vigilat
790 3548 804 3574 ‚
830 3502 955 3564 nisi
985 3500 1170 3587 quod
1199 3501 1551 3564 simulacra
1577 3501 1918 3566 lacessunt

122 3610 273 3696 haec
302 3614 533 3679 eadem
559 3623 833 3679 nostros
865 3617 1117 3680 animos
1149 3635 1322 3699 quae
1353 3636 1501 3678 cum
1530 3616 1904 3701 vigilamu8‚

25 3732 87 3784 760
120 3747 314 3813 usque
344 3728 517 3792 adeo
539 3777 555 3804 ‚
577 3738 761 3794 certe
788 3738 864 3794 ut
891 3730 1235 3794 videamur
1265 3750 1541 3794 cernere
1574 3750 1718 3793 eum
1753 3740 1951 3814 quem

124 3841 370 3908 reddita
397 3865 526 3930 pro
556 3844 696 3909 vita
721 3845 853 3908 iam
881 3867 1063 3909 mors
1095 3854 1162 3909 et
1188 3852 1372 3908 terra
1400 3845 1713 3930 potitast.

2220 358 2355 426 139

130 4156 214 4202 735
251 4153 574 4226 Omnigenus
612 4158 632 4225 ΙΙ
670 4162 768 4209 736
804 4158 940 4209 flunt
975 4159 995 4228 ΙΙ
1032 4165 1131 4211 740
1169 4159 1364 4211 anima.
1404 4160 1425 4229 ΙΙ
1465 4165 1559 4212 741
1600 4166 1758 4227 atque
1781 4159 2021 4212 homines
2047 4176 2172 4213 casu
2209 4161 2228 4227 ΙΙ
2265 4165 2364 4211 743

128 4239 276 4288 tenua
325 4237 345 4307 ΙΙ
393 4245 488 4292 752
528 4238 686 4292 docui
721 4241 966 4310 quoniam
1022 4241 1041 4308 ΙΙ
1086 4240 1329 4294 leonum.
1369 4241 1390 4309 ΙΙ
1429 4248 1525 4295 755
1563 4241 1776 4296 leonum
1814 4250 1991 4296 cetera
2030 4242 2049 4310 11
2088 4247 2187 4294 756
2224 4239 2364 4293 oculi

133 4324 274 4384 atque
308 4319 327 4387 Η
366 4327 463 4374 760
501 4339 625 4390 que.
665 4323 686 4389 11
727 4328 821 4375 761
862 4340 961 4392 pro
998 4331 1263 4377 omissum
