2840 5008
452 348 604 421 108.
1148 447 1156 454 ⁸
1524 348 1619 416 111

440 522 689 607 frigore
709 570 725 597 ,
748 543 897 585 cum
927 543 1180 586 summo
1211 522 1409 608 gelidi
1443 524 1645 587 cubat
1672 543 1967 609 aequore
1997 527 2171 600 saxi,

441 637 747 722 urgerive
777 657 1067 722 superne
1098 637 1416 701 obtritum
1445 637 1747 724 pondere
1775 646 2030 702 terrae.

518 746 672 815 ‘Iam
700 751 830 813 iam
857 772 994 814 non
1024 749 1264 815 domus
1294 752 1578 837 accipiet
1605 759 1675 816 te
1703 752 1880 816 laeta
1898 800 1913 827 ,
1935 774 2153 839 neque
2182 778 2362 820 uxor

292 884 392 930 895
439 867 688 952 optima
715 887 840 929 nec
872 865 1099 929 dulces
1130 871 1489 929 occurrent
1517 867 1747 931 oscula
1775 867 1913 931 nati

438 981 818 1067 praeripere
849 988 918 1044 et
945 980 1148 1044 tacita
1175 988 1413 1066 pectus
1448 979 1801 1044 dulcedine
1833 991 2142 1067 tangent.

436 1118 574 1159 non
602 1095 855 1180 poteris
884 1093 1078 1158 factis
1107 1094 1498 1159 florentibus
1530 1116 1675 1159 esse
1695 1143 1709 1171 ‚
1732 1097 1999 1182 tuisque

436 1209 838 1296 praesidium
858 1257 872 1270 .
895 1210 1137 1272 misero
1167 1209 1424 1272 misere’
1453 1210 1636 1273 aiunt
1660 1204 1898 1273 ‘omnia
1927 1209 2175 1276 ademit

436 1346 569 1389 una
599 1323 742 1387 dies
770 1324 1013 1388 infesta
1041 1324 1161 1389 tibi
1188 1332 1297 1388 tot
1322 1325 1618 1412 praemia
1646 1323 1826 1387 vitae
1843 1326 1873 1387 .’

289 1457 392 1502 900
437 1440 602 1504 illud
629 1441 695 1503 in
725 1439 830 1502 his
861 1440 1061 1502 rebus
1091 1460 1228 1502 non
1258 1436 1520 1502 addunt
1538 1488 1552 1514 ‚
1579 1433 1721 1502 ‘nec
1749 1439 2124 1503 tibi'earum

434 1555 562 1618 iam
590 1551 991 1617 desiderium
1021 1575 1241 1617 rerum
1271 1575 1474 1638 super
1500 1553 1748 1617 insidet
1773 1575 1908 1616 una
1925 1556 1956 1616 ·.’

436 1666 622 1754 quod
650 1668 823 1732 bene
853 1669 908 1731 si
936 1668 1210 1732 videant
1239 1670 1456 1733 animo
1489 1667 1819 1753 dictisque
1850 1679 2243 1753 sequantur,

434 1783 810 1848 dissoluant
837 1784 1032 1847 animi
1058 1804 1300 1869 magno
1332 1805 1405 1847 se
1436 1804 1687 1868 angore
1716 1789 2029 1868 metuque
2046 1832 2061 1848 .

430 1907 505 1986 tu
538 1896 805 1984 quidem
833 1906 909 1962 ut
940 1919 1010 1960 es
1032 1889 1174 1961 ,leto
1206 1899 1465 1983 sopitus
1486 1947 1500 1973 ‚
1525 1897 1620 1961 sic
1651 1897 1781 1961 eris
1811 1900 1959 1962 aevi

284 2031 382 2077 905
431 2012 618 2099 quod
647 2032 850 2098 super
878 2021 984 2075 est
1013 2013 1268 2077 cunctis
1296 2013 1584 2098 privatu’
1616 2010 1962 2078 doloribus
1993 2014 2242 2100 aegris:

432 2137 502 2193 at
528 2149 653 2191 nos
684 2127 995 2190 horrifico
1028 2126 1425 2191 cinefactum
1452 2135 1522 2191 te
1551 2149 1765 2212 prope
1795 2129 1994 2193 busto

428 2242 888 2308 insatiabiliter
918 2240 1299 2304 deflevimus
1321 2291 1336 2317 ‚
1357 2244 1832 2327 aeternumque

430 2358 611 2422 nulla
640 2355 786 2419 dies
813 2356 1007 2420 nobis
1036 2377 1393 2419 memorem
1423 2379 1459 2419 e
1489 2363 1767 2442 pectore
1797 2355 2047 2420 demet.

429 2472 593 2540 illud
623 2473 707 2538 ab
735 2471 868 2536 hoc
896 2470 1098 2558 igitur
1128 2470 1581 2559 quaerendum
1613 2479 1749 2547 est,
1773 2470 1937 2557 quid
1967 2472 2055 2536 sit
2082 2473 2283 2536 amari

286 2606 385 2652 910
431 2597 618 2655 tanto
652 2609 856 2675 opere
875 2637 890 2664 ,
914 2585 1002 2651 ad
1032 2610 1335 2651 somnum
1365 2589 1424 2651 si
1450 2609 1561 2651 res
1591 2586 1771 2650 redit
1800 2593 2003 2671 atque
2035 2588 2350 2672 quietem,

431 2727 550 2769 cur
581 2704 930 2790 quisquam
961 2710 1232 2767 aeterno
1263 2705 1480 2788 possit
1508 2703 1854 2766 tabescere
1883 2701 2065 2766 luctu
2085 2752 2098 2765 .

516 2820 667 2883 Hoc
697 2818 889 2882 etiam
918 2817 1171 2881 faciunt
1197 2819 1311 2881 ubi
1341 2817 1738 2883 discubuere
1767 2823 2131 2901 tenentque

430 2933 675 3020 pocula
702 2953 903 3017 saepe
929 2932 1233 2995 homines
1265 2941 1332 2996 et
1358 2933 1742 2996 inumbrant
1771 2952 1890 2995 ora
1920 2931 2185 2994 coronis
2204 2980 2219 3004 ‚

433 3070 516 3112 ex
545 3048 760 3111 animo
792 3054 867 3110 ut
898 3045 1127 3110 dicant
1148 3040 1390 3111 ‘brevis
1419 3046 1531 3109 hic
1563 3056 1666 3109 est
1692 3045 1952 3108 fructus
1981 3044 2321 3109 homullis:

283 3181 384 3227 915
426 3164 557 3227 iam
583 3161 783 3229 fuerit
802 3210 816 3237 ‚
837 3182 1056 3246 neque
1085 3168 1246 3246 post
1274 3181 1587 3245 umquam
1614 3181 1935 3224 revocare
1961 3160 2187 3224 licebit
2202 3160 2235 3222 .’

430 3286 566 3342 tam
596 3299 792 3363 quam
820 3277 887 3338 in
917 3282 1130 3339 morte
1159 3275 1311 3339 mali
1343 3298 1491 3339 cum
1521 3275 1750 3361 primis
1780 3275 1915 3339 hoc
1944 3275 2031 3338 sit
2061 3294 2287 3338 eorum
2308 3322 2323 3348 ‚

432 3391 617 3477 quod
646 3391 788 3455 sitis
818 3398 1055 3453 exurat
1082 3391 1361 3453 miseros
1393 3398 1597 3474 atque
1629 3388 1819 3453 arida
1847 3397 2069 3453 torres
2090 3439 2105 3463 ,

431 3514 548 3571 aut
577 3506 740 3570 aliae
771 3506 956 3568 cuius
989 3503 1390 3567 desiderium
1417 3503 1708 3569 insideat
1734 3506 1861 3569 rei.

428 3644 553 3687 nec
582 3621 708 3686 sibi
738 3620 909 3682 enim
940 3620 1293 3703 quisquam
1321 3626 1462 3682 tum
1491 3641 1564 3683 se
1595 3620 1930 3703 vitamque
1959 3617 2265 3701 requirit,

284 3754 383 3799 920
428 3759 577 3799 cum
604 3736 857 3823 pariter
883 3754 1071 3799 mens
1104 3743 1172 3798 et
1203 3755 1449 3819 corpus
1480 3734 1702 3819 sopita
1732 3734 2113 3817 quiescunt:

430 3872 582 3914 nam
607 3843 765 3913 11001
794 3856 1136 3913 aeternum
1166 3871 1287 3937 per
1314 3871 1442 3913 nos
1472 3849 1567 3911 sic
1600 3868 1746 3910 esse
1776 3868 2119 3931 soporem,

432 3985 559 4028 nec
590 3963 989 4031 desiderium
1017 3965 1232 4028 nostri
1259 3985 1386 4026 nos
1416 3961 1643 4025 adficit
1669 3960 1898 4023 ullum:

436 4251 533 4298 893
573 4245 818 4296 obrutum
872 4239 892 4310 ΙΙ
947 4247 1044 4293 894
1083 4242 1189 4293 Α111
1246 4240 1265 4308 ΙΙ
1314 4247 1410 4294 897
1449 4240 1572 4293 faeti
1628 4240 1647 4309 ΙΙ
1704 4247 1800 4293 902
1841 4239 1961 4303 Quo
2017 4239 2038 4309 ΙΙ
2090 4245 2188 4292 906
2225 4240 2395 4290 01110111
2433 4238 2642 4294 factum
2683 4241 2703 4309 ΙΙ

436 4333 534 4380 908
571 4334 623 4379 01
658 4325 677 4393 ΙΙ
717 4330 815 4377 910
853 4340 912 4376 se
948 4322 967 4392 ΙΙ
1007 4329 1103 4376 914
1142 4323 1331 4377 fluctus
1372 4323 1390 4393 Η
1430 4328 1526 4375 917
1565 4329 1763 4375 torret.
1802 4321 1822 4391 Η
1861 4328 1959 4374 919
1998 4322 2256 4390 requiret.
2297 4320 2316 4388 ΙΙ
2354 4325 2452 4372 922
2494 4322 2670 4393 adigit
