2840 5008
448 402 539 468 70
1541 402 1603 467 11

277 549 395 637 ⁹905
442 559 805 638 visceribus
836 574 1057 638 nervis
1089 574 1275 636 venis
1295 623 1309 647 ‚
1337 595 1509 658 quae
1540 581 1781 637 cuneta
1811 573 2109 637 videmus

441 689 662 752 mollia
689 689 948 752 mortali
981 688 1344 753 consistere
1375 710 1660 773 corpore
1692 697 1874 752 oreta
1893 737 1906 750 .

443 802 566 891 sed
594 811 816 866 tamen
847 811 991 866 esto
1021 786 1151 866 iam
1179 824 1381 888 posse
1410 803 1579 866 haee
1608 812 1882 867 aeterna
1909 823 2203 867 manere:

443 939 679 1003 nempe
709 927 927 981 tamen
959 916 1206 982 debent
1234 925 1348 981 aut
1377 939 1643 981 sensum
1671 918 1882 1005 partis
1910 917 2161 982 habere

445 1039 559 1095 aut
587 1032 775 1095 simili
805 1032 961 1096 totis
992 1034 1380 1097 animalibus
1414 1055 1559 1096 esse
1588 1034 1839 1119 putari.

302 1162 399 1231 910
443 1154 514 1209 at
540 1155 879 1231 nequeant
907 1169 1029 1232 per
1058 1170 1129 1211 se
1159 1157 1387 1232 partes
1418 1148 1665 1211 sentire
1692 1124 1967 1210 neeesse
1999 1154 2131 1209 est:

445 1283 731 1346 namque
762 1263 891 1326 alio
924 1284 1160 1325 sensus
1190 1263 1633 1326 membrorum
1662 1262 1938 1347 respicit
1968 1262 2177 1324 omnis
2197 1309 2211 1331 ,

436 1386 568 1438 ‘nee
597 1398 829 1439 manus
859 1397 899 1438 a
926 1376 1119 1439 nobis
1151 1377 1326 1461 potis
1359 1384 1465 1439 est
1493 1383 1754 1437 secreta
1781 1395 2000 1458 neque
2029 1375 2164 1437 ulla

448 1490 752 1573 eorporis
785 1490 1049 1552 omnino
1081 1510 1345 1552 sensum
1376 1510 1536 1575 pars
1567 1487 1713 1551 sola
1741 1495 1999 1551 tenere.

447 1603 768 1688 linquitur
797 1611 871 1666 ut
897 1604 1058 1666 totis
1090 1604 1532 1668 animantibus
1563 1601 2069 1675 adsimulentur‚

304 1732 401 1778 915
445 1717 629 1781 vitali
657 1725 734 1781 ut
763 1719 1024 1802 possint
1054 1719 1432 1780 consentire
1461 1716 1759 1801 undique
1789 1737 2017 1779 sensu.

304 1847 401 1892 923
446 1831 544 1894 sie
570 1831 798 1894 itidem
831 1854 1001 1917 quae
1031 1833 1352 1897 sentimus
1382 1831 1633 1895 sentire
1664 1839 2037 1894 necessest:

307 1961 405 2007 916
452 1947 564 2030 qui
593 1954 910 2030 poterunt
937 1948 1138 2032 igitur
1166 1968 1386 2010 rerum
1418 1946 1781 2031 primordia
1812 1944 1942 2008 dici

456 2067 524 2123 et
550 2060 665 2123 leti
692 2061 903 2124 vitare
934 2062 1076 2124 vias
1095 2111 1109 2135 ‚
1135 2061 1441 2124 animalia
1471 2082 1617 2123 eum
1648 2061 1780 2123 sint
1797 2110 1811 2135 ‚

453 2173 675 2258 adque
707 2176 1008 2239 animalia
1037 2177 1168 2239 sint
1196 2175 1586 2238 mortalibus
1616 2196 1751 2237 una
1782 2174 2194 2258 eademque?

454 2287 639 2373 quod
666 2296 889 2353 tamen
917 2296 992 2352 ut
1020 2289 1281 2374 possint
1298 2337 1312 2363 ‚
1337 2297 1408 2353 at
1439 2296 1637 2372 coetu
1666 2289 2080 2372 concilioque

311 2418 408 2464 920
449 2403 542 2466 nil
568 2380 815 2468 facient
842 2412 1107 2490 praeter
1135 2403 1403 2488 volgum
1434 2405 1832 2488 turbamque
1863 2403 2293 2476 animantum,

454 2519 705 2583 scilicet
722 2569 738 2595 ‚
760 2527 839 2583 ut
865 2526 1207 2603 nequeunt
1235 2520 1537 2583 homines
1569 2528 1868 2584 armenta
1894 2496 2211 2602 feraeque
2245 2591 2250 2592 γ

453 2635 627 2697 inter
656 2655 805 2696 sese
838 2634 1036 2697 ullam
1065 2655 1203 2697 rem
1232 2634 1505 2720 gignere
1537 2631 2031 2697 conveniundO.

312 2762 412 2808 924
456 2747 640 2831 quod
670 2747 727 2809 si
755 2746 931 2811 forte
961 2771 1150 2811 suum
1182 2747 1523 2813 dimittunt
1553 2768 1838 2832 corpore
1867 2769 2132 2811 sensum

459 2868 659 2945 atque
688 2861 883 2924 alium
915 2864 1186 2947 capiunt
1204 2911 1218 2937 ‚
1244 2862 1406 2947 quid
1437 2885 1607 2948 opus
1637 2862 1761 2925 fuit
1790 2862 2079 2926 adtribui
2107 2860 2180 2926 id
2211 2861 2396 2947 quod

460 2974 832 3038 detrahitur
849 2975 881 3037 P
903 2984 1041 3038 tum
1071 2984 1422 3061 praeterea
1438 3026 1452 3050 ‚
1477 2976 1663 3062 quod
1689 2977 1973 3061 fugimus
2005 2986 2188 3050 ante,

422 3128 426 3132 -
461 3111 594 3173 qua
623 3098 817 3153 tenus
847 3090 914 3152 in
943 3090 1162 3173 pullos
1193 3091 1490 3153 animalis
1519 3091 1765 3154 vertier
1797 3112 1926 3154 ova

463 3203 787 3266 cernimus
819 3204 1091 3268 alituum
1111 3254 1125 3279 ‚
1147 3205 1525 3290 vermisque
1557 3205 1871 3268 effervere
1892 3253 1906 3279 ‚
1929 3212 2176 3269 terram

459 3317 962 3404 intempestivos
995 3340 1196 3402 quom
1225 3327 1429 3404 putor
1462 3320 1639 3403 cepit
1669 3320 1755 3383 ob
1788 3319 2050 3394 imbriS‚

316 3446 415 3494 930
460 3432 629 3496 scire
659 3433 815 3496 licet
842 3432 1021 3517 gigni
1049 3455 1251 3518 posse
1284 3454 1369 3495 ex
1398 3454 1537 3495 non
1566 3433 1852 3496 sensibu’
1882 3454 2147 3496 sensus,

546 3545 746 3626 Quod
775 3547 830 3609 si
858 3546 1034 3610 forte
1065 3547 1298 3631 aliquis
1332 3544 1541 3619 dicet,
1568 3545 1724 3609 dum
1753 3554 1943 3612 taxat
1962 3596 1976 3622 ‚
2000 3547 2160 3611 oriri

460 3669 662 3744 po'sse
695 3682 778 3723 ex
807 3682 942 3723 non
972 3681 1175 3722 sensu
1205 3680 1443 3722 sensus
1471 3661 1939 3736 mutabilitate,

463 3781 580 3836 aut
607 3774 828 3858 aliquo
859 3783 1194 3859 tamquam
1223 3781 1422 3859 partu
1453 3775 1636 3860 quod
1666 3776 1972 3859 protinus
2005 3782 2266 3849 extent,

455 3885 609 3948 huic
639 3887 800 3949 satis
828 3887 991 3950 illud
1023 3889 1146 3951 erit
1174 3889 1442 3972 planum
1470 3888 1693 3952 faeere
1722 3895 1924 3974 atque
1954 3890 2273 3974 probare,

468 4203 566 4249 905
605 4213 827 4265 cumque
877 4199 896 4268 ΙΙ
944 4204 1042 4252 909
1079 4200 1264 4253 similis
1311 4199 1329 4268 ΙΙ
1379 4206 1478 4252 910
1516 4200 1630 4252 Aut
1668 4200 1688 4269 ΙΙ
1725 4206 1820 4250 911
1862 4199 1995 4251 alios
2034 4201 2053 4268 ΙΙ
2091 4201 2294 4268 respuit
2333 4199 2353 4268 ΙΙ
2392 4204 2493 4251 918
2532 4201 2726 4252 anima-

468 4278 607 4332 libus
633 4279 943 4332 mortalibus
983 4280 1002 4349 ΙΙ
1039 4287 1138 4334 919
1166 4284 1423 4335 abeoretu
1460 4282 1481 4350 ΙΙ
1517 4288 1612 4333 921
1641 4288 1906 4350 nequeant
1943 4283 1963 4349 ΙΙ
2002 4287 2100 4333 928
2128 4282 2308 4334 alitum
2350 4281 2370 4350 ΙΙ
2409 4283 2672 4336 offervere
2708 4283 2729 4349 ΙΙ

470 4366 568 4412 929
608 4361 1021 4432 Intempestivus
1057 4381 1209 4433 quam
1250 4364 1403 4432 11932
1445 4380 1506 4415 ea
1540 4364 1560 4432 ΙΙ
1600 4369 1696 4416 933
1735 4364 2003 4433 proditum
2040 4372 2215 4417 extra.
2255 4363 2274 4430 ΙΙ
2312 4370 2413 4416 934
2453 4365 2596 4419 Ι61116
