2840 5008
1154 413 1251 477 vl
2166 401 2303 493 36⁷

94 601 208 666 668
227 648 240 674 ‚
268 600 519 682 Perque
546 588 717 656 mare
747 614 820 654 ac
849 602 1044 653 terras
1072 587 1327 671 rapidus
1340 603 1709 668 percurrere
1737 580 1907 643 turbo
1924 625 1940 655 ,
1974 584 2040 640 et
2065 596 2100 639 e
2126 575 2309 638 Cice-

100 720 255 765 rone
283 700 355 761 in
389 719 472 758 111
507 690 954 757 accusationis
992 688 1107 750 100
1131 733 1145 760 ‚
1189 706 1333 747 nam
1356 704 1475 766 per
1504 701 1703 742 omnes
1733 679 1993 739 civitates
2021 699 2180 760 quae
2210 675 2309 737 de-

99 812 298 861 cumas
338 794 563 857 habeut
595 791 924 874 percurrit·
941 787 1134 850 oratio
1172 807 1309 845 mea
1335 831 1346 843 .
1393 781 1490 843 sic
1517 779 1587 841 in
1619 780 1833 840 Aetna
1850 774 1943 869 ‘98
1973 785 2148 859 atque
2179 775 2312 836 ani-

96 877 306 958 mantis
336 892 464 953 Per
497 899 615 952 tota
644 896 912 949 errantes
928 890 1304 968 percurrunt
1332 900 1593 962 corpora
1619 898 1834 937 venae.
1868 871 2311 936 sicVitruvius

98 996 159 1056 in
190 1013 334 1064 vm,
354 990 415 1062 3,
433 988 475 1050 2
498 1009 617 1071 per
646 986 890 1067 lonqum
915 981 1177 1065 spatium
1219 989 1417 1060 terrae
1447 983 1868 1058 percurrentes
1887 1018 1903 1048 ,
1950 969 1985 1030 7
2018 969 2180 1054 quod
2194 992 2315 1052 per

100 1104 290 1154 terrae
311 1087 560 1150 dulcem
579 1104 791 1145 sucum
800 1080 1144 1165 percurrit.
1174 1078 1333 1140 item
1357 1074 1469 1137 26.
1504 1072 1746 1156 quibus
1770 1068 1980 1132 simile
2004 1074 2108 1131 est
2131 1066 2315 1151 quod
2343 1124 2352 1133 ,

104 1185 408 1252 Handius
424 1183 500 1244 in
514 1178 877 1245 Tursellini
897 1186 1081 1241 tomo
1102 1197 1171 1238 w
1189 1198 1251 1260 p.
1271 1171 1393 1236 432
1408 1169 1693 1256 protulit
1712 1190 1795 1231 ex
1814 1165 2119 1230 Caesaris
2137 1164 2313 1228 bello

107 1284 358 1358 Gallico
378 1268 485 1360 lv(
490 1278 570 1341 33
583 1326 598 1352 ‚
606 1278 813 1361 primo
823 1298 945 1359 per
965 1296 1163 1337 omnes
1174 1281 1385 1356 partes
1397 1269 1811 1354 perequitant.
1834 1267 1992 1328 item
2014 1262 2093 1327 00
2111 1262 2314 1325 1110ᾶο

108 1383 351 1446 Caesar
380 1381 454 1442 in
484 1396 715 1441 comm.
738 1396 854 1447 vn,
872 1372 954 1436 66
983 1372 1088 1457 qui
1114 1392 1236 1433 non
1265 1369 1351 1430 bis
1371 1389 1489 1451 per
1519 1388 1732 1449 aqmen
1759 1364 2011 1427 hostium
2026 1359 2315 1446 perequi-

108 1490 320 1557 tassent
338 1526 352 1540 .
397 1496 542 1538 non
583 1472 778 1536 aliter
805 1470 1118 1534 Lucanus
1149 1488 1263 1540 vu,
1283 1463 1401 1527 341
1447 1473 1747 1547 totumque
1764 1484 1885 1546 per
1914 1459 2316 1544 aqmenSub-

110 1579 229 1641 timi
245 1584 570 1660 per-vectus
599 1593 748 1656 equo
768 1617 785 1647 ,
833 1566 1066 1630 Cicero
1101 1564 1185 1627 de
1217 1568 1487 1625 oratore
1519 1583 1561 1633 1,
1580 1557 1702 1621 222
1719 1569 2021 1643 peraqrat
2033 1581 2156 1642 per
2185 1559 2317 1621 ani·

109 1698 227 1737 mos
254 1673 571 1736 hominmn
586 1717 603 1747 ,
632 1666 980 1731 Vitruvius
1009 1686 1078 1737 11,
1099 1662 1137 1724 6
1158 1662 1396 1746 penitus
1425 1659 1581 1742 iynis
1608 1669 1665 1720 et
1671 1656 1970 1745 flammae
1997 1679 2187 1740 vapor
2203 1679 2323 1739 per

112 1772 435 1842 intervenia
442 1788 827 1853 permanans
841 1812 860 1843 ,
889 1763 957 1825 in
987 1784 1056 1834 11,
1073 1760 1131 1833 8,
1155 1758 1228 1822 12
1260 1757 1463 1841 opinio
1481 1778 1601 1840 per
1628 1755 1830 1818 orbem
1857 1765 2162 1817 terrarum
2173 1776 2321 1837 per-

114 1881 324 1954 vayata
344 1916 358 1931 .
388 1887 520 1930 nec
541 1862 843 1927 mirabile
868 1866 972 1924 est
988 1878 1390 1944 perrumpere
1412 1852 1650 1917 addita
1670 1853 1818 1915 viae
1841 1851 2322 1936 significatione
2349 1922 2354 1925 ,

116 1966 288 2050 apud
318 1964 562 2029 Silium
589 1960 894 2024 Italicum
920 1958 990 2020 in
1023 1978 1140 2029 xn,
1160 1953 1282 2016 698
1304 1998 1321 2026 ,
1365 1953 1619 2015 etiamne
1649 1951 1906 2034 parabit
1932 1951 2195 2014 Nostras
2222 1951 2325 2013 ille

119 2066 310 2129 dom0s
330 2113 347 2144 ‚
376 2073 619 2127 nostras
635 2079 1038 2144 perrumpere
1063 2056 1127 2116 in
1158 2049 1379 2115 arces?
1411 2056 1479 2112 et
1507 2050 1588 2111 in'
1606 2071 1743 2120 xlv,
1764 2046 1883 2110 522
1916 2047 2328 2131 Perrumpunt
2425 2084 2434 2089 „

119 2163 251 2226 Itali
288 2185 413 2248 qua
457 2159 671 2224 caedes
700 2158 912 2241 prima
951 2152 1194 2216 reclusit
1221 2149 1695 2232 Monstravitque
1721 2147 1884 2208 viam
1908 2191 1922 2207 .
1968 2144 2092 2208 sed
2109 2168 2324 2228 perve-

119 2261 245 2322 nire
281 2258 599 2323 absolute
622 2303 637 2329 ,
681 2260 760 2316 ut
790 2258 969 2316 esset
997 2248 1225 2313 venire
1258 2267 1392 2331 quo
1426 2244 1665 2329 aliquis
1695 2242 2148 2327 perrexisset,
2191 2243 2323 2304 Lu·

123 2358 359 2422 cretius
383 2356 553 2421 satis
580 2352 950 2416 insolenter
975 2346 1144 2410 dixit
1172 2346 1242 2407 in
1262 2344 1397 2407 hoc
1427 2344 1598 2407 libro
1623 2341 1744 2405 383
1766 2341 1862 2404 ita
1880 2389 1895 2414 ‚
1930 2342 2099 2431 Unde
2119 2342 2327 2404 volans

118 2456 267 2539 iynis
281 2454 632 2541 pervenerit
648 2499 665 2530 ,
708 2450 781 2515 id
811 2455 917 2514 est
942 2447 1076 2510 huc
1106 2443 1491 2530 pervenerit
1514 2490 1529 2517 ‚
1575 2448 1644 2504 et
1672 2439 1971 2503 similiter
2000 2439 2069 2501 in
2098 2461 2185 2514 ιν,
2204 2437 2326 2500 285

125 2552 273 2630 554;
314 2575 440 2617 nec
480 2548 972 2621 tamensolus:
1017 2565 1172 2607 nam
1210 2543 1278 2605 in
1303 2540 1585 2626 Vergilii
1615 2540 1849 2624 ecloga
1877 2536 2023 2613 1x,2
2064 2538 2329 2621 ingrata

127 2659 272 2714 sunt
295 2672 470 2735 quae
492 2647 801 2713 homines
832 2644 1016 2708 docti
1047 2640 1652 2712 comminiscuntur,
1684 2645 1759 2700 ut
1781 2635 1943 2699 mihi
1963 2634 2327 2698 tenendum

126 2747 423 2811 videatur
447 2745 635 2832 quod
664 2744 819 2809 libri
839 2749 1106 2806 veteres
1128 2740 1460 2824 praebent
1478 2785 1493 2811 ‚
1532 2736 1585 2800 Ο
1618 2736 1850 2824 Lycida
1866 2783 1883 2813 ,
1911 2735 2029 2797 vivi
2044 2734 2330 2819 perveni-

127 2867 250 2907 mus
268 2894 285 2924 ,
329 2847 564 2909 advena
605 2844 793 2906 nostri
835 2841 1061 2926 (Quod
1083 2860 1417 2923 numquam
1442 2836 1613 2899 veriti
1649 2832 1891 2917 sumus)
1931 2844 1997 2896 ut
2024 2855 2335 2918 possessor
2385 2889 2392 2898 .

130 2944 298 3025 ayelli
321 2943 578 3006 Diceret
596 2934 763 3002 “haec
789 2961 926 3002 mea
952 2937 1113 3001 sunt’
1130 2985 1143 2999 .
1162 2936 1501 3021 perducere
1530 2953 1692 2997 vero
1713 2979 1728 3006 ‚
1758 2930 1826 2994 in
1856 2952 1988 3015 quo
2018 2930 2196 2994 inest
2226 2951 2334 2993 ac-

128 3038 215 3100 tio
233 3086 248 3112 ‚
280 3038 520 3103 dubito
553 3057 640 3099 an
668 3025 811 3099 non¹
833 3035 1051 3121 possit
1077 3035 1174 3097 ita
1205 3032 1368 3096 dici.
1402 3039 1586 3095 certe
1608 3030 1963 3093 Lucretius
1993 3030 2062 3092 in
2091 3051 2151 3102 v,
2178 3028 2334 3091 1027

130 3134 197 3197 id
223 3157 424 3200 ausus
453 3156 594 3198 non
625 3141 762 3207 est,
794 3131 917 3195 sed
949 3131 1220 3215 scripsit
1248 3149 1387 3193 non
1416 3129 1559 3192 sine
1583 3126 2157 3190 demonstratione
2186 3125 2336 3188 finis

132 3232 257 3296 Nec
273 3236 570 3318 potuisset
594 3231 816 3295 adhuc
835 3230 1170 3315 perducere
1197 3229 1400 3291 saecla
1418 3248 1702 3310 propaqo
1721 3272 1735 3287 .
1764 3245 1984 3308 neque
2017 3223 2336 3287 credibile

131 3328 389 3395 videtur
417 3338 541 3395 aut
569 3351 610 3392 a
633 3328 896 3393 Catullo
929 3348 1078 3391 esse
1099 3326 1270 3389 haec
1298 3325 1435 3398 109,
1454 3323 1491 3386 5
1510 3371 1524 3399 ,
1555 3323 1631 3388 Ut
1656 3323 1838 3386 liceat
1860 3320 2031 3387 nobis
2059 3333 2180 3386 tota
2193 3344 2342 3407 per-¹

134 3427 341 3492 ducere
367 3431 493 3493 vita
521 3430 850 3492 Aeternum
878 3426 990 3489 hoc
1029 3436 1275 3489 sanctae
1301 3423 1529 3510 foedus
1572 3423 1873 3486 amicitiae
1894 3470 1911 3501 ,
1957 3429 2074 3485 aut
2104 3442 2144 3484 a
2172 3421 2339 3483 Pro-

134 3526 355 3606 pertio
374 3528 497 3602 1‚<3‚
516 3526 597 3591 39
629 3524 682 3588 O
707 3526 945 3588 utinam
972 3525 1121 3587 tales
1138 3524 1481 3607 perducas,
1511 3520 1780 3605 improbe
1796 3568 1813 3599 ‚
1843 3530 2040 3583 noctes
2058 3568 2071 3581 .

288 3624 428 3688 329.
458 3647 545 3688 Ml
566 3646 656 3693 sA
681 3672 699 3686 ,Α
724 3622 904 3687 Alibi
931 3621 1134 3685 iidem
1161 3622 1310 3687 libri
1338 3642 1420 3682 Ml
1438 3641 1471 3682 s
1489 3640 1580 3681 SA
1605 3666 1618 3679 .
1650 3617 1774 3680 sed
1802 3616 2172 3679 haec'sono
2204 3636 2340 3679 non

137 3716 443 3786 differunt
472 3723 543 3785 in
569 3722 775 3807 longa
803 3720 1021 3785 vocali
1046 3768 1059 3782 .
1104 3714 1731 3801 dimisaaquadratus
1760 3714 1829 3776 in
1859 3735 1956 3785 111,
1975 3712 2097 3776 356
2124 3761 2137 3775 .
2179 3713 2251 3775 111
2277 3735 2339 3786 v,
2403 3695 2406 3698 Ἴ
2449 3737 2450 3740 ’

135 3813 248 3879 629
278 3820 612 3905 oblongus
641 3820 954 3897 demisior‚
985 3819 1259 3881 dimisior
1289 3813 1692 3901 quadratus,
1725 3812 1867 3875 sine
1896 3810 2032 3874 ullo
2065 3809 2154 3874 ad
2183 3832 2341 3895 pro-

136 3916 609 3981 nuntiationem
656 3917 1100 3980 emolumento
1146 3922 1411 3977 veteres
1459 3912 1878 3995 scripserunt
1920 3928 2135 3975 caussa
2169 3934 2343 3974 cassu

139 4030 454 4077 comessum
484 4016 657 4078 cessit
679 4015 860 4077 ussit.

291 4109 430 4173 335.
451 4111 772 4175 Damon
822 4133 1033 4186 Quon
1082 4129 1392 4172 ommno
1423 4144 1492 4153 —
1524 4129 1563 4168 n
1585 4127 1885 4169 EORUM.
1911 4106 2063 4170 Itali
2093 4127 2343 4168 DEOR-

141 4220 169 4260 s
184 4222 220 4263 u
236 4225 281 4264 M
306 4252 318 4266 .
365 4207 488 4270 sed
515 4207 680 4271 illud
712 4209 875 4294 quod
901 4203 1081 4270 unde
1112 4205 1409 4291 pendeat
1438 4203 1604 4267 nihil
1635 4211 1739 4267 est
1764 4254 1775 4267 .
1823 4225 1982 4290 ergo
2026 4203 2345 4266 faciemus

106 4339 107 4344 η
141 4298 247 4358 An
262 4323 304 4361 D
319 4324 356 4363 E
388 4307 552 4389 quod
566 4332 586 4368 .·
615 4306 747 4369 hoc
779 4306 950 4369 enim
982 4306 1155 4369 solet
1183 4304 1279 4368 ita
1307 4310 1619 4386 repetere
1640 4302 1993 4367 Lucretius
2012 4349 2024 4364 .
2058 4300 2212 4365 vide
2246 4323 2344 4373 111,

141 4391 256 4482 828
285 4399 406 4463 829
443 4403 598 4467 1036
634 4404 790 4468 1037
838 4427 922 4479 1v‚
949 4405 1100 4467 1121
1144 4402 1300 4466 1122
1347 4401 1569 4476 v1,611
1604 4400 1758 4464 613.
