2840 5008
1172 377 1271 445 VI
2202 385 2345 452 209

93 557 243 622 dant
273 516 475 619 etiam
504 552 801 618 sonitum
828 551 1039 638 patuli
1068 573 1270 638 super
1300 572 1597 637 aequora
1625 553 1880 626 mundi,

93 672 403 736 carbasus
433 677 509 733 ut
539 665 881 754 quondam
909 666 1165 751 magnis
1194 667 1454 731 intenta
1482 666 1766 731 theatris

19 805 56 852 ιο
91 786 195 852 dat
222 785 560 871 crepitum
588 783 802 846 malos
830 782 1004 845 inter
1031 782 1278 846 iactata
1302 782 1667 867 trabesque
1684 832 1700 857 ‚

89 903 246 966 inter
277 900 445 964 dum
473 899 812 984 perscissa
839 896 1000 981 furit
1025 896 1484 981 petulantibus
1515 899 1691 961 auris

91 1025 147 1081 ct
170 1015 426 1101 fragilis
458 1014 719 1078 sonitus
751 1011 1131 1076 chartarum
1162 1011 1699 1077 commeditatur:

87 1129 151 1194 id
178 1151 458 1215 quoque
491 1128 662 1192 enim
689 1148 900 1213 genus
926 1127 995 1190 in
1024 1127 1279 1191 tonitru
1309 1147 1722 1212 cognoscere
1748 1130 1971 1214 possis
1979 1179 2030 1209 ³..

90 1253 194 1310 aut
218 1245 334 1310 ubi
365 1264 766 1329 suspensam
792 1249 1049 1305 vestem
1078 1239 1434 1306 chartasve
1464 1241 1753 1307 volantis

19 1376 57 1424 15
89 1359 475 1425 verberibus
506 1358 691 1423 venti
718 1364 993 1423 versant
1021 1356 1479 1440 planguntque
1509 1378 1630 1443 per
1653 1334 1856 1422 auras
1873 1398 1908 1422 .-

89 1475 157 1537 fit
185 1495 461 1559 quoque
493 1473 666 1537 enim
692 1472 866 1536 inter
897 1468 1054 1533 dum
1082 1477 1159 1534 ut
1185 1491 1323 1534 non
1354 1478 1489 1534 tam
1521 1494 1919 1539 concurrere
1948 1476 2160 1540 nubes

92 1588 417 1654 frontibus
449 1585 752 1652 adversis
780 1584 1048 1671 possint
1076 1605 1274 1669 quam
1306 1584 1391 1649 de
1422 1585 1631 1651 latere
1660 1588 1756 1652 ire

93 1700 348 1768 diverso
381 1710 574 1767 motu
602 1700 921 1765 radentes
953 1720 1242 1784 corpora
1271 1702 1562 1777 tractim,

93 1818 301 1883 aridus
332 1817 520 1883 unde
548 1817 725 1881 auris
755 1822 975 1899 terget
1002 1835 1208 1878 sonus
1236 1815 1345 1879 ille
1377 1813 1626 1902 diuque

19 1946 59 1994 το
93 1931 344 1998 ducitur
361 1981 377 2009 ‚
404 1932 715 1996 exierunt
745 1929 964 1994 donec
992 1929 1376 2014 regionibus
1405 1931 1595 1995 artis.

165 2048 313 2112 Hoc
345 2047 545 2111 etiam
573 2053 775 2131 pacto
806 2044 1061 2109 tonitru
1093 2065 1422 2109 concussa
1448 2045 1761 2111 videntur

96 2142 296 2226 omnia
326 2181 536 2246 saepe
565 2159 754 2246 gravi
785 2167 1068 2224 tremere
1100 2166 1167 2224 et
1197 2157 1460 2224 divolsa
1487 2169 1766 2245 repente
1785 2222 1804 2239 ,

95 2278 367 2340 maxima
398 2274 767 2340 dissiluisse
797 2263 1069 2360 capacis
1091 2275 1355 2338 moenia
1384 2274 1644 2356 mundi,

98 2413 231 2454 cum
258 2392 487 2456 subito
518 2390 719 2455 validi
748 2390 930 2454 venti
961 2390 1266 2453 conlecta
1291 2390 1590 2474 procella

19 2519 60 2565 25
96 2507 370 2572 nubibus
399 2507 672 2571 intorsit
699 2526 846 2569 sese
869 2554 883 2581 ‚
909 2506 1355 2590 conclusaque
1382 2506 1628 2571 ibidem

98 2623 346 2687 turbine
379 2621 676 2687 versanti
703 2620 909 2705 magis
939 2641 1017 2683 ac
1047 2620 1253 2705 magis
1282 2620 1580 2706 undique
1610 2624 1852 2687 nubem

22 2805 23 2824 χ
100 2737 263 2822 cogit
289 2738 392 2802 uti
420 2736 540 2801 fiat
567 2736 787 2822 spisso
820 2756 987 2818 cava
1016 2756 1300 2820 corpore
1331 2735 1607 2813 circum,

100 2859 242 2935 post
267 2852 383 2916 ubi
415 2850 776 2917 conminuit
810 2850 906 2914 vis
939 2851 1079 2914 eius
1112 2860 1181 2914 et
1207 2851 1494 2936 impetus
1525 2872 1711 2927 acer,

100 2973 225 3030 tum
249 2965 744 3053 perterricrepo
776 2965 999 3029 sonitu
1030 2963 1148 3028 dat
1176 2965 1334 3030 fissa
1359 2965 1694 3051 fragorem
1713 3015 1726 3029 .

24 3090 66 3140 30
102 3102 210 3145 nec
237 3083 473 3147 mirum
491 3128 507 3156 ‚
538 3102 686 3145 cum
714 3080 913 3167 plena
940 3080 1196 3143 animae
1226 3082 1568 3146 vensicula
1597 3104 1807 3167 parva

102 3216 285 3284 saepe
317 3196 438 3262 det
466 3196 634 3259 haut
663 3216 940 3280 parvum
969 3196 1257 3260 sonitum
1287 3195 1587 3282 displosa
1617 3206 1925 3282 repente.

171 3310 291 3377 Est
321 3312 520 3377 etiam
548 3311 720 3375 ratio
740 3359 755 3387 ‚
781 3332 931 3374 cum
957 3310 1138 3373 venti
1170 3310 1396 3375 nubila
1424 3310 1744 3396 perflant,

101 3433 168 3488 ut
192 3428 446 3492 sonitus
473 3427 757 3490 faciant:
783 3425 1022 3490 etenim
1051 3446 1317 3490 ramosa
1346 3425 1647 3491 videmus

105 3541 310 3606 nubila
338 3562 541 3628 saepe
570 3541 789 3605 modis
818 3540 1039 3608 multis
1068 3549 1272 3626 atque
1302 3538 1760 3627 asperaferri}

26 3662 67 3740 ¹35
102 3655 333 3722 scilicet
350 3707 365 3734 ‚
388 3665 498 3733 ut,
526 3657 825 3722 crebram
857 3656 1087 3720 silvam
1118 3677 1266 3719 cum
1292 3656 1558 3720 flamina
1587 3658 1769 3720 cauri

107 3771 401 3853 perflant,
429 3771 597 3836 dant
624 3771 913 3837 sonitum
941 3769 1218 3835 frondes
1249 3772 1547 3856 ramique
1577 3770 1938 3856 fragorem.

118 4116 199 4165 110
232 4125 395 4170 matos
436 4116 456 4185 Η
498 4123 588 4168 111
629 4117 987 4187 petuiantibus
1027 4115 1046 4184 ΙΙ
1106 4123 1197 4169 112
1237 4118 1444 4171 sonitus
1482 4125 1749 4171 omissum.
1790 4118 1810 4186 ΙΙ
1846 4117 2114 4170 chatarum
2170 4118 2189 4187 ΙΙ
2250 4126 2345 4171 114

112 4194 400 4270 chartasque
475 4201 494 4271 ΙΙ
569 4209 662 4253 115
700 4201 1059 4272 plaguentque
1092 4201 1112 4270 ΙΙ
1165 4206 1258 4252 116
1295 4209 1355 4253 ut
1389 4209 1655 4255 omissum.
1711 4201 1732 4270 ΙΙ
1793 4206 1888 4254 118
1924 4218 2150 4271 corpore
2186 4201 2206 4270 ΙΙ
2250 4208 2346 4253 120

114 4281 323 4336 exierum
360 4284 381 4353 ΙΙ
424 4290 517 4336 122
554 4293 811 4338 teremcre
850 4284 869 4354 ΙΙ
913 4290 1006 4337 124
1044 4283 1370 4337 concollecta
1407 4284 1430 4353 ΙΙ
1486 4290 1582 4336 126
1619 4292 1866 4337 versante
1918 4284 1938 4353 ΙΙ
1998 4290 2091 4336 129
2127 4286 2285 4337 missa
2323 4285 2344 4353 ΙΙ

117 4366 194 4415 131
231 4366 398 4439 Saepe
434 4368 507 4424 ita
543 4367 633 4421 dat
668 4386 888 4440 parvum
926 4367 947 4436 ΙΙ
989 4373 1080 4420 132
1120 4368 1369 4438 perfiant.
1425 4369 1446 4437 ΙΙ
1503 4374 1597 4421 136
1635 4369 1873 4422 Perfiant

1865 4466 1938 4529 14
