2840 5008
450 367 591 434 214
1530 370 1630 439 VI

446 551 798 628 praeterea
829 565 1153 630 persaepe
1181 546 1369 631 niger
1400 567 1671 631 quoque
1703 567 1823 633 per
1850 546 2032 611 'mar‘e
2063 547 2354 621 nimbus,

444 667 523 721 ut
551 658 714 742 picis
747 680 782 719 e
813 660 996 723 caelo
1031 660 1383 724 demissum
1414 661 1658 725 flumen
1677 712 1692 737 ‚
1720 663 1789 724 in
1818 662 2037 726 undas

451 774 547 836 sic
578 772 758 836 cadit
789 773 1056 838 effertus
1085 777 1381 841 tenebris
1411 776 1649 861 procul
1682 786 1749 840 et
1778 778 1987 841 trahit
2015 786 2225 842 atram

449 887 827 952 fulminibus
857 889 1202 974 gravidam
1232 898 1703 978 tempestatem
1733 900 1937 977 atque
1966 894 2309 977 procelliS‚

306 1019 402 1064 260
445 1003 708 1087 ignibus
740 1025 818 1066 ac
847 1006 1063 1069 ventis
1096 1028 1242 1069 cum
1270 1007 1500 1092 primis
1528 1008 1676 1092 ipse
1706 1007 2005 1092 repletus
2029 1057 2044 1083 ,

447 1119 516 1181 in
545 1127 725 1183 terra
755 1141 1025 1204 quoque
1055 1128 1130 1183 ut
1156 1120 1560 1186 horrescant
1587 1143 1667 1185 ac
1697 1129 1879 1186 tecta
1904 1123 2279 1207 requirant.

450 1234 545 1297 sic
572 1235 773 1319 igitur
803 1256 1050 1320 supera
1078 1243 1380 1300 nostrum
1413 1245 1617 1322 caput
1647 1259 1796 1301 esse
1824 1236 2267 1322 putandumst

452 1356 912 1435 tempestatem
945 1351 1146 1414 altam
1166 1399 1179 1412 .
1202 1372 1424 1436 neque
1457 1353 1627 1414 enim
1657 1352 1935 1438 caligine
1965 1361 2153 1416 tanta

454 1465 818 1529 obruerent
847 1474 1060 1529 terras
1081 1515 1096 1543 ,
1118 1466 1244 1530 nisi
1270 1466 1692 1531 inaedificata
1720 1489 2011 1553 superne

311 1596 407 1641 265
451 1579 659 1642 multa
687 1579 911 1644 forent
940 1581 1171 1646 multis.
1192 1591 1503 1668 exempto
1535 1584 1761 1646 nubila
1789 1583 1962 1646 sole:

453 1715 579 1757 nec
610 1702 797 1757 tanto
830 1704 1110 1781 possent
1138 1698 1483 1761 venientes
1513 1697 1887 1784 opprimere
1917 1697 2107 1761 imbri
2126 1746 2170 1773 „

454 1807 723 1873 flumina
752 1809 1095 1874 abundare
1125 1820 1201 1875 ut
1229 1811 1530 1876 facerent
1562 1833 1967 1897 camposque
1996 1820 2261 1885 natare,

457 1924 511 1985 si
542 1946 676 1987 non
707 1926 1029 1990 extructis
1057 1925 1232 1991 foret
1263 1927 1394 1990 alte
1423 1927 1710 1990 nubibus
1741 1927 2005 1990 aether.

456 2037 565 2101 hic
593 2038 792 2123 igitur
822 2041 1039 2104 ventis
1070 2049 1273 2126 atque
1301 2042 1568 2127 ignibus
1600 2042 1819 2105 omnia
1849 2042 2047 2127 plena

315 2170 411 2215 270
457 2162 645 2216 sunt:
668 2152 820 2217 ideo
850 2156 1095 2239 passim
1129 2156 1431 2221 fremitus
1464 2164 1531 2220 et
1558 2155 1823 2241 fulgura
1850 2157 2045 2220 fiunt.

459 2268 706 2354 quippe
739 2270 978 2333 etenim
1007 2292 1213 2356 supra
1245 2271 1444 2334 docui
1472 2271 1802 2358 permulta
1829 2270 2116 2356 vaporis

458 2384 707 2447 semina
733 2383 984 2447 habere
1014 2407 1215 2450 cavas
1245 2387 1458 2449 nubes
1478 2436 1492 2462 ,
1518 2394 1585 2450 et
1613 2386 1819 2449 multa
1845 2393 2190 2448 necessest

459 2499 812 2586 concipere
843 2521 926 2563 ex
956 2501 1118 2574 solis
1144 2499 1349 2565 radiis
1380 2492 1760 2586 ardoreque
1792 2522 2052 2564 eorum.

412 2610 426 2622 ”
458 2614 590 2677 hoc
619 2615 733 2678 ubi
761 2623 1003 2679 ventus
1035 2637 1148 2679 eas
1177 2616 1355 2680 idem
1386 2618 1500 2702 qui
1531 2616 1714 2701 cogit
1742 2616 1809 2678 in
1837 2637 2039 2679 unum

317 2746 413 2791 275
456 2729 630 2793 forte
659 2729 880 2793 locum
911 2732 1206 2815 quemvis
1227 2780 1241 2806 ,
1266 2732 1601 2816 expressit
1628 2731 1835 2794 multa
1862 2730 2135 2816 vaporis

462 2844 717 2907 semina
740 2860 952 2930 seque
977 2845 1168 2908 simul
1198 2867 1345 2908 cum
1377 2867 1455 2908 eo
1489 2842 1899 2909 commiscuit
1925 2843 2095 2928 igni,

460 2958 832 3023 insinuatus
861 2960 952 3024 ibi
980 2968 1222 3024 vortex
1250 2968 1559 3023 versatur
1591 2963 1655 3021 in
1685 2966 1835 3022 arto

465 3081 532 3137 et
561 3073 788 3137 calidis
819 3075 996 3138 acuit
1022 3074 1268 3138 fulmen
1298 3074 1683 3138 fornacibus
1710 3074 1921 3137 intus:

462 3209 617 3251 nam
647 3179 892 3273 duplici
922 3190 1182 3268 ratione
1212 3188 1600 3253 accenditur
1620 3237 1634 3264 ,
1655 3188 1800 3272 ipse
1831 3207 1955 3251 sua
1984 3208 2131 3249 cum
2170 3213 2173 3214 ⁷
2245 3253 2251 3259 ,

321 3319 418 3365 280
461 3303 830 3367 mobilitate
861 3303 1165 3380 calescit,
1189 3313 1254 3367 et
1286 3326 1321 3366 e
1353 3303 1748 3389 contagibus
1775 3302 1977 3387 ignis.

464 3416 620 3480 inde
648 3418 763 3483 ubi
793 3419 1120 3504 percaluit
1146 3417 1424 3502 gravida
1443 3467 1457 3494 ‚
1482 3425 1596 3481 aut
1624 3418 1725 3481 vis
1752 3417 1926 3502 ignis
1958 3424 2026 3480 et
2055 3437 2207 3479 acer

460 3532 744 3617 impetus
772 3533 1077 3609 incessit,
1099 3540 1428 3595 maturum
1459 3539 1599 3595 tum
1632 3534 1818 3617 quasi
1848 3530 2093 3595 fulmen

462 3646 833 3735 perscindit
862 3625 1085 3711 subito
1115 3647 1357 3710 nubem
1377 3696 1391 3722 ‚
1414 3646 1761 3732 ferturque
1792 3647 2090 3711 coruscis

466 3763 684 3826 omnia
710 3762 1062 3826 luminibus
1092 3762 1383 3827 lustrans
1412 3762 1565 3825 loca
1594 3762 1887 3847 percitus
1918 3761 2154 3825 ardor.

323 3894 419 3940 285
466 3898 663 3961 quem
691 3878 913 3961 gravis
941 3878 1314 3962 insequitur
1343 3878 1598 3941 sonitus
1619 3926 1633 3952 ,
1659 3875 1960 3962 displosa
1987 3882 2263 3960 repente

471 4179 568 4241 257
608 4188 881 4243 dimissum
917 4188 1137 4248 fulmen
1170 4190 1189 4258 ΙΙ
1247 4196 1345 4241 258
1384 4198 1438 4243 ct
1472 4189 1639 4242 fertus
1676 4189 1696 4258 ΙΙ
1735 4194 1831 4240 269
1868 4189 2049 4259 plana.
2089 4188 2109 4256 Η
2147 4191 2250 4239 272
2281 4186 2541 4266 haecdeoe
2574 4187 2596 4256 ΙΙ
2629 4204 2716 4239 ue-

470 4279 669 4326 cesset.
707 4271 727 4339 ΙΙ
766 4279 861 4324 277
887 4272 1035 4324 valto.
1075 4271 1094 4340 ΙΙ
1132 4278 1226 4324 281
1267 4275 1445 4342 gravis
1486 4273 1627 4326 venti
1665 4273 1744 4325 vis
1781 4272 1913 4341 igni.
1966 4272 1985 4342 ΙΙ
2035 4280 2087 4325 ct
2124 4287 2244 4323 acer
2279 4277 2501 4324 omissa.
2555 4269 2575 4338 ΙΙ
2629 4275 2715 4321 285

470 4355 733 4426 repenati.
1981 4359 1997 4374 ²
