2840 5008
421 421 511 487 20
771 440 780 448 ·
992 476 1019 499 ,
1534 424 1565 490 Ι

278 611 373 655 525
420 593 803 657 distinctum
838 595 1147 678 quoniam
1177 616 1301 657 nec
1328 595 1593 679 plenum
1625 597 1883 660 naviter
1914 604 2102 661 extat

420 730 544 771 nec
573 729 779 793 porro
810 729 1088 770 vacuum
1109 756 1123 781 ‚
1150 716 1309 772 sunt
1338 729 1498 793 ergo
1532 731 1819 795 corpora
1848 717 2057 783 certa,

423 844 592 906 quae
624 823 908 906 spatium
937 823 1135 908 pleno
1166 824 1430 907 possint
1461 822 1868 908 distinguere
1896 825 2089 887 inane
2108 874 2121 887 .

420 937 588 999 haec
617 958 837 1021 neque
867 935 1143 1000 dissolui
1172 937 1385 1022 plagis
1417 937 1833 1011 extrinsecus
1860 940 1998 1002 icta

420 1057 707 1135 possunt
725 1099 739 1125 ‚
764 1072 887 1114 nec
917 1072 1123 1137 porro
1153 1052 1422 1137 penitus
1451 1058 1805 1136 penetrata
1831 1053 2045 1115 retexi

279 1181 375 1226 530
420 1186 544 1227 nec
572 1165 831 1227 ratione
862 1171 1118 1247 queunt
1146 1165 1272 1227 alia
1302 1172 1628 1249 temptata
1655 1165 1915 1242 labare3

419 1277 489 1341 id
519 1277 705 1362 quod
731 1278 859 1340 iam
889 1299 1093 1364 supra
1122 1279 1241 1342 tibi
1269 1279 1470 1362 paulo
1504 1277 1917 1343 ostendimus
1948 1287 2100 1343 ante
2120 1329 2133 1342 .

417 1413 568 1454 nam
595 1412 815 1474 neque
846 1389 1090 1453 conlidi
1121 1392 1262 1453 sine
1289 1391 1467 1453 inani
1496 1411 1700 1476 posse
1729 1390 1998 1475 videtur

421 1506 773 1588 quicquam
803 1525 927 1565 nec
954 1502 1170 1587 frangi
1199 1525 1322 1566 nec
1348 1503 1511 1567 findi
1526 1502 1606 1567 'in
1635 1505 1791 1569 bina
1820 1505 2113 1568 secando
2132 1556 2148 1581 ‚

419 1639 543 1680 nec
575 1637 816 1701 capere
844 1637 1139 1679 umorem
1168 1638 1389 1701 neque
1417 1619 1575 1681 item
1604 1619 1930 1683 manabile
1959 1618 2168 1704 frigus

278 1748 373 1793 535
417 1753 542 1794 nec
569 1708 979 1817 penetralem
1007 1730 1224 1814 ignem
1244 1780 1259 1806 ‚
1283 1732 1525 1815 quibus
1555 1734 1774 1796 omnia
1803 1733 2273 1797 conficiuntur:

421 1853 489 1908 et
519 1868 652 1929 quo
685 1822 990 1928 quaeque
1020 1845 1227 1930 magis
1258 1847 1530 1910 cohibet
1556 1868 1667 1909 res
1693 1847 2126 1919 intusinane‚

421 1968 554 2021 tam
583 1959 792 2043 magis
820 1959 926 2022 his
955 1961 1158 2023 rebus
1185 1960 1454 2042 penitus
1487 1968 1812 2046 temptata
1838 1961 2151 2024 labascit.

424 2093 583 2157 ergo
616 2073 672 2135 si
702 2071 918 2135 solida
947 2095 1024 2136 ac
1056 2073 1198 2136 sine
1226 2075 1408 2137 inani
1439 2096 1723 2159 corpora
1752 2075 1963 2161 prima
2015 2054 2023 2061 ’

423 2194 581 2250 sunt
605 2187 698 2250 ita
726 2188 821 2249 uti
854 2185 1084 2261 docui,
1109 2188 1241 2251 sint
1268 2189 1438 2250 haec
1469 2196 1740 2252 aeterna
1768 2201 2137 2280 necessest.

279 2316 376 2362 540
421 2309 772 2385 praeterea
800 2301 927 2363 nisi
955 2302 1264 2364 materies
1295 2310 1568 2365 aeterna
1595 2301 1833 2364 fuisset
1852 2349 1867 2376 ,

423 2422 578 2478 ante
608 2416 736 2478 hac
767 2414 856 2477 ad
883 2415 1084 2477 nilum
1115 2416 1382 2500 penitfis
1409 2437 1519 2478 res
1552 2437 1856 2499 quaeque
1884 2413 2251 2487 redissent,

424 2528 509 2592 de
538 2531 806 2615 niloque
835 2536 1070 2594 renata
1095 2528 1322 2595 forent
1352 2552 1524 2615 quae
1556 2551 1836 2616 cumque
1864 2527 2192 2593 videmus.

423 2653 493 2707 at
523 2646 833 2728 quoniam
863 2666 1067 2731 supra
1097 2643 1294 2708 docui
1322 2646 1415 2708 nil
1443 2666 1647 2731 posse
1678 2644 1889 2707 creari

427 2755 511 2829 de
540 2759 675 2821 nilo
705 2780 925 2842 neque
958 2758 1140 2841 quod
1172 2760 1468 2843 genitum
1498 2767 1603 2825 est
1632 2757 1718 2821 ad
1748 2758 1839 2820 nil
1867 2758 2199 2852 revocari,

283 2887 378 2931 545
425 2891 573 2933 esse
600 2871 951 2934 immortali
981 2871 1346 2956 primordia
1377 2893 1664 2958 corpore
1696 2870 1971 2945 debent,

427 2964 702 3046 dissolui
735 3004 867 3067 quo
902 3004 1206 3067 quaeque
1238 3006 1548 3067 supremo
1579 2992 1880 3066 tempore
1908 2984 2176 3067 possint
2195 3029 2209 3052 ‚

425 3097 732 3159 materies
759 3103 835 3160 ut
865 3094 1251 3181 subpeditet
1276 3098 1479 3160 rebus
1507 3094 1928 3181 reparandis.

428 3217 584 3274 sunt
610 3211 811 3295 igitur
840 3208 1056 3274 solida
1082 3209 1448 3294 primordia
1477 3208 1889 3294 simplicitate
1905 3255 1921 3281 ‚

425 3345 550 3386 nec
578 3324 838 3388 ratione
869 3329 1123 3406 queunt
1151 3323 1277 3386 alia
1308 3329 1576 3387 servata
1603 3343 1725 3406 per
1756 3342 1989 3385 aevom

288 3453 382 3499 550
429 3458 512 3499 ex
539 3436 797 3500 infinito
826 3437 953 3499 iam
983 3444 1284 3520 tempore
1312 3447 1423 3500 res
1451 3456 1798 3522 reparare.

510 3550 816 3634 Denique
847 3552 904 3614 si
931 3551 1176 3613 nullam
1205 3550 1398 3642 finem
1428 3558 1668 3614 natura
1695 3558 1999 3635 parasset

426 3664 814 3750 frangendis
843 3666 1046 3728 rebus
1066 3713 1080 3739 ‚
1101 3665 1230 3727 iam
1261 3686 1551 3751 corpora
1578 3665 1872 3728 materiai

426 3800 640 3862 usque
667 3778 945 3842 redacta
970 3779 1191 3842 forent
1221 3800 1387 3842 aevo
1418 3779 1767 3865 frangente
1796 3779 2018 3863 priore
2036 3826 2051 3850 ‚

428 3898 504 3955 ut
530 3893 623 3955 nil
653 3913 735 3954 ex
762 3893 889 3956 illis
920 3915 959 3956 a
989 3900 1172 3956 certo
1202 3900 1504 3979 tempore
1532 3899 1769 3979 posset

287 4025 383 4069 555
430 4013 826 4091 conceptum
858 4027 1110 4070 summa
1139 4009 1379 4071 aetatis
1408 4006 1780 4093 pervadere
1808 4005 1956 4068 finis
1975 4054 1988 4066 .

435 4292 530 4338 527
556 4302 732 4355 poena
769 4285 788 4352 ΙΙ
828 4285 991 4336 inani.
1034 4285 1053 4350 ΙΙ
1092 4290 1187 4334 533
1213 4282 1361 4334 fundi
1399 4284 1418 4353 ΙΙ
1459 4289 1555 4334 542
1582 4290 1733 4335 ranta
1770 4284 1790 4350 ΙΙ
1830 4288 1925 4333 552
1953 4282 2229 4334 materiae.
2271 4282 2290 4350 ΙΙ
2329 4289 2425 4335 553
2454 4284 2686 4351 fovent
2720 4303 2748 4371 Η

435 4375 531 4419 555
570 4383 828 4419 summum
