2840 5008
487 385 578 451 80
1565 388 1657 455 111

483 566 767 646 apparet
797 557 1021 622 divum
1051 580 1291 621 numen
1321 559 1655 644 sedesque
1686 562 1981 645 quietae,

481 695 649 758 quas
677 694 895 757 neque
925 674 1315 737 concutiunt
1343 675 1525 738 venti
1554 696 1678 737 nee
1708 676 1933 739 nubila
1961 678 2196 742 nimbis

358 806 420 852 20
481 795 845 876 aspergunt
872 809 1090 872 neque
1122 788 1234 850 nix
1264 789 1400 851 aeri
1433 798 1750 853 concreta
1777 792 2015 875 pruina

366 951 390 970 ,
483 925 649 967 cana
677 903 926 966 cadens
956 903 1161 967 violat
1189 924 1585 987 semperque
1616 904 1947 968 innubilus
1978 907 2209 970 aether
2245 958 2248 961 .

481 1018 747 1102 integit,
774 1026 839 1081 et
867 1019 1050 1103 large
1083 1016 1322 1080 diffuso
1354 1017 1595 1080 lumine
1625 1016 1881 1082 rident:

482 1132 699 1196 omnia
729 1131 1117 1216 suppeditat
1144 1153 1349 1218 porro
1378 1139 1620 1194 natura
1639 1181 1653 1207 ,
1675 1154 1893 1217 neque
1920 1134 2056 1197 ulla

476 1269 586 1311 res
617 1247 812 1310 animi
841 1268 1073 1331 pacem
1106 1244 1356 1309 delibat
1386 1253 1686 1330 tempore
1716 1247 1782 1308 in
1814 1247 1950 1311 ullo
1981 1298 1993 1310 .

357 1380 419 1424 25
480 1370 547 1426 at
576 1369 814 1425 eontra
840 1381 1171 1445 nusquam
1202 1369 1531 1447 apparent
1557 1360 1928 1425 Acherusia
1955 1363 2231 1449 templa,

477 1499 601 1541 nee
630 1476 826 1541 tellus
857 1476 1085 1538 obstat
1114 1476 1273 1560 quin
1304 1476 1524 1540 omnia
1555 1473 2020 1560 dispiciantur,

476 1594 600 1656 sub
630 1590 915 1677 pedibus
949 1610 1118 1674 quae
1149 1611 1431 1675 eumque
1462 1591 1634 1654 infra
1663 1612 1786 1676 per
1814 1590 2012 1653 inane
2041 1599 2397 1675 geruntur.

478 1707 582 1770 his
611 1706 704 1769 ibi
731 1727 835 1768 me
862 1705 1067 1768 rebus
1100 1703 1428 1789 quaedam
1459 1705 1681 1769 divina
1708 1705 2021 1790 v‘oluptas

477 1822 759 1908 percipit
788 1818 1011 1904 adque
1038 1818 1286 1882 horror
1305 1868 1319 1893 ,
1346 1818 1530 1904 quod
1562 1821 1656 1884 sie
1684 1827 1923 1883 natura
1951 1829 2068 1884 tua
2096 1822 2160 1883 vi

356 1953 416 1998 30
477 1944 608 2000 tam
640 1933 988 1999 manifesta
1017 1940 1256 2017 patens
1289 1954 1370 1996 ex
1402 1934 1580 1997 omni
1608 1942 1801 2020 parte
1830 1942 2088 1999 retecta
2118 1946 2249 1999 est.

554 2050 645 2114 Et
675 2049 983 2135 quoniam
1014 2045 1213 2110 docui
1232 2097 1245 2123 ‚
1271 2056 1658 2111 cunctarum
1690 2049 1968 2113 exordia
1995 2072 2213 2113 rerum

479 2165 697 2248 qualia
727 2164 857 2226 sint
888 2170 957 2226 et
986 2183 1183 2247 quam
1214 2162 1411 2226 variis
1444 2161 1762 2227 distantia
1788 2163 2019 2228 formis

475 2286 715 2364 sponte
748 2298 870 2340 sua
896 2277 1178 2341 volitent
1207 2283 1482 2340 aeterno
1515 2278 1767 2362 percita
1795 2286 1978 2342 motu
1997 2328 2012 2353 ,

475 2414 695 2479 quove
723 2389 924 2455 modo
953 2369 1216 2476 possint
1242 2411 1351 2453 res
1384 2412 1467 2452 ex
1495 2391 1600 2455 his
1633 2413 1936 2477 quaeque
1968 2394 2207 2467 creari,

354 2527 416 2572 35
474 2511 678 2574 hasce
708 2504 1074 2571 seeundum
1102 2527 1212 2570 res
1243 2506 1438 2569 animi
1467 2513 1709 2570 natura
1736 2506 2005 2571 videtur

473 2632 676 2709 atque
707 2624 959 2688 animae
991 2620 1307 2685 claranda
1335 2622 1497 2684 meis
1527 2621 1657 2684 iam
1686 2623 1992 2686 versibus
2025 2605 2200 2694 esse,

473 2746 539 2801 et
567 2746 780 2801 metus
808 2736 916 2800 ille
944 2736 1128 2800 foras
1158 2757 1484 2822 praeceps
1513 2736 1919 2800 Acheruntis
1950 2736 2250 2823 agendus
2267 2786 2282 2813 ,

471 2851 769 2943 funditus
797 2850 1153 2914 humanam
1184 2852 1296 2936 qui
1325 2851 1530 2915 vitam
1560 2852 1788 2915 turbat
1818 2852 1901 2914 ab
1930 2853 2093 2926 im0,

471 2966 690 3030 omnia
720 2963 1108 3029 suffundens
1136 2965 1368 3029 mortis
1396 2966 1665 3050 nigrore
1688 3014 1702 3040 ,
1721 2987 1940 3050 neque
1967 2967 2166 3030 ullam

349 3097 412 3143 40
474 3101 622 3143 esse
653 3081 1062 3165 voluptatem
1091 3077 1408 3165 liquidam
1439 3100 1808 3164 puramque
1838 3080 2180 3165 relinquit.

469 3216 620 3258 nam
653 3193 834 3279 quod
865 3216 1067 3280 saepe
1094 3194 1397 3258 homines
1426 3192 1701 3257 morbos
1731 3195 1939 3279 magis
1973 3216 2118 3259 esse
2149 3196 2481 3260 timendos

469 3309 909 3395 infamemque
938 3309 1164 3374 ferunt
1191 3311 1395 3374 vitam
1427 3330 1625 3394 quam
1653 3308 1940 3373 Tartara
1967 3310 2112 3386 leti,

473 3433 540 3489 et
566 3447 638 3489 se
669 3425 838 3489 seire
869 3426 1125 3496 animae
1154 3433 1460 3489 natura'm
1490 3424 1828 3510 sanguinis
1860 3446 2032 3504 esse,

347 3559 411 3605 46
472 3549 588 3605 aut
619 3542 814 3604 etiam
845 3540 1058 3612 venti,
1082 3539 1139 3602 si
1164 3538 1299 3602 fert
1325 3539 1418 3601 ita
1446 3538 1621 3602 forte
1649 3538 1989 3616 voluntaS,

346 3674 410 3718 44
468 3677 591 3719 nee
620 3676 894 3749 prosum
926 3654 1277 3739 quiequam
1304 3660 1578 3717 nostrae
1608 3654 1887 3717 rationis
1919 3667 2147 3740 ege're,

465 3757 621 3833 hine
649 3769 805 3834 lieet
834 3768 1149 3833 advertas
1180 3769 1466 3832 animum
1494 3768 1702 3853 magis
1735 3769 1953 3833 omnia
1980 3769 2221 3833 laudis·

343 3902 404 3947 47
465 3884 695 3947 iactari
725 3906 926 3947 eausa
957 3905 1152 3969 quam
1184 3882 1369 3968 quod
1398 3905 1507 3947 res
1535 3884 1684 3969 ipsa
1713 3885 2066 3967 probetur.

469 4006 775 4062 extorres
803 3997 979 4062 idem
1009 3999 1228 4085 patria
1261 3997 1593 4083 longeque
1621 3996 1834 4083 fugati

469 4285 529 4330 21
570 4293 780 4347 semper
818 4277 839 4346 ΙΙ
875 4283 937 4328 22
975 4277 1139 4330 ridet.
1178 4279 1197 4345 ΙΙ
1236 4285 1299 4330 28
1335 4278 1424 4330 ubi
1464 4279 1484 4346 ΙΙ
1522 4285 1585 4330 29
1622 4279 1892 4347 signatura
1928 4278 1948 4346 Η
1994 4283 2055 4328 33
2094 4275 2300 4329 alterno
2349 4276 2369 4344 Η
2417 4281 2483 4326 39
2523 4276 2719 4328 suffun-

466 4361 600 4414 dans
637 4361 659 4429 ΙΙ
695 4366 760 4412 47
797 4377 1006 4413 eausam
2632 4387 2636 4392 ·
