2840 5008
451 339 586 407 142
1269 389 1279 400 .
1507 339 1634 407 1111

298 531 394 577 827
440 533 762 598 proceros
792 531 1031 598 passus
1049 558 1065 585 ‚
1088 509 1243 574 ideo
1271 510 1541 597 fastigia
1568 533 1771 598 posse

443 648 744 691 surarum
775 648 853 690 ae
880 624 1193 688 feminum
1220 625 1506 711 pedibus
1534 624 1817 689 fundata
1843 625 2101 712 plicari,

444 740 757 805 bracchia
782 749 925 804 tum
952 760 1158 824 porro
1186 739 1428 803 validis
1459 762 1543 804 ex
1570 748 1731 827 apta
1762 740 2030 804 lacertis

297 872 396 919 830
442 877 590 920 esse
617 874 985 944 manusque
1016 850 1208 916 datas
1237 861 1522 938 utraque
1554 876 1638 918 ex
1664 862 1857 938 parte
1884 855 2218 920 ministras
2236 906 2250 930 ‚

439 977 515 1033 ut
541 969 763 1033 faeere
793 967 881 1031 ad
910 968 1113 1032 vitam
1141 989 1491 1053 possemus
1523 990 1694 1053 quae
1722 968 1901 1032 foret
1927 991 2117 1033 usus.

444 1093 667 1148 cetera
696 1082 781 1146 de
810 1103 1054 1168 genere
1082 1082 1215 1146 hoo
1243 1082 1416 1145 inter
1447 1102 1618 1167 quae
1649 1093 1931 1168 eumque
1958 1093 2310 1170 pretantur
2327 1135 2341 1159 ‚

445 1198 664 1263 omnia
691 1174 1011 1284 perversa
1037 1204 1478 1283 praepostera
1507 1205 1666 1260 sunt
1690 1196 1977 1269 ratione,

441 1312 533 1376 nil
560 1311 717 1376 ideo
750 1312 1063 1397 quoniam
1090 1318 1387 1373 natumst
1411 1311 1482 1373 in
1514 1332 1799 1396 eorpore
1825 1319 1898 1374 ut
1929 1312 2027 1375 uti

297 1443 394 1490 835
436 1447 786 1512 possemus
807 1473 823 1500 ‚
846 1423 968 1488 sed
998 1424 1183 1509 quod
1212 1432 1507 1488 natumst
1531 1423 1603 1487 id
1633 1433 1946 1511 procreat
1972 1447 2196 1488 usum.

440 1561 566 1603 nee
594 1538 720 1603 fuit
748 1546 903 1603 ante
932 1537 1162 1601 videre
1192 1539 1537 1602 oculorum
1564 1539 1812 1603 lumina
1838 1549 2066 1604 natum
2085 1589 2100 1614 ‚

439 1675 564 1717 nee
594 1652 787 1716 dietis
818 1673 1012 1716 orare
1041 1653 1225 1736 prius
1257 1673 1454 1737 quam
1485 1654 1710 1739 lingua
1741 1661 2062 1727 ereatast‚

440 1766 563 1831 sed
590 1768 814 1851 potius
842 1767 1044 1852 longe
1072 1767 1335 1851 linguae
1362 1768 1728 1852 praecessit
1757 1768 1944 1852 origo

440 1902 813 1945 sermonem
831 1929 847 1956 ‚
867 1881 1210 1965 multoque
1241 1889 1505 1945 creatae
1535 1888 1694 1943 sunt
1720 1880 1905 1965 prius
1936 1901 2131 1945 aures

295 2012 393 2058 840
439 2015 637 2080 quam
665 2016 870 2058 sonus
903 2002 1005 2057 est
1033 1993 1299 2057 auditus
1318 2043 1333 2065 ,
1359 2003 1427 2059 et
1456 1996 1674 2059 omnia
1705 1993 1992 2079 denique
2022 1997 2314 2060 membra

441 2116 597 2173 ante
624 2108 810 2172 fuere
828 2157 843 2183 ,
865 2116 942 2171 ut
971 2107 1210 2192 opinor
1228 2156 1244 2183 ‚
1268 2129 1498 2172 eorum
1528 2129 1727 2193 quam
1756 2108 1933 2172 foret
1961 2131 2148 2172 usus:

437 2222 624 2287 haud
652 2223 851 2307 igitur
880 2230 1165 2306 potuere
1192 2220 1427 2285 utendi
1457 2243 1760 2287 creseere
1792 2244 2019 2287 eausa.

437 2346 509 2402 at
538 2345 775 2401 eontra
804 2334 1109 2399 conferre
1137 2354 1336 2398 manu
1368 2338 1725 2401 certamina
1751 2357 2013 2424 pugnae

437 2459 506 2516 et
531 2452 833 2516 lacerare·
855 2455 1041 2514 artus
1070 2447 1481 2534 foedareque
1510 2451 1806 2515 membra
1837 2473 2072 2516 eruore

295 2584 391 2629 845
437 2574 594 2631 ante
623 2566 751 2630 fuit
777 2566 986 2629 multo
1022 2585 1219 2649 quam
1248 2564 1474 2629 lueida
1502 2566 1636 2630 tela
1665 2566 2002 2641 volarent,

441 2689 509 2745 et
533 2680 775 2743 volnus
805 2680 1017 2744 vitare
1045 2679 1242 2765 prius
1260 2687 1502 2744 natura
1530 2680 1750 2764 coegit

440 2813 640 2879 quam
671 2792 867 2856 daret
896 2794 1227 2857 obiectum
1254 2796 1511 2879 parmai
1538 2796 1729 2859 laeva
1756 2814 1879 2878 per
1909 2794 2146 2859 artem.

438 2907 693 2971 scilieet
711 2955 726 2981 ,
753 2915 821 2971 et
847 2906 1096 2970 fessum
1127 2928 1373 2991 eorpus
1405 2907 1723 2971 mandare
1754 2909 1961 2992 quieti

435 3021 643 3084 multo
674 3022 1008 3106 antiquius
1040 3029 1144 3084 est
1173 3042 1372 3105 qua-m
1400 3022 1555 3085 leeti
1583 3021 1807 3084 mollia
1837 3030 2079 3097 strata,

292 3151 390 3198 850
437 3143 506 3198 et
534 3134 771 3200 sedare
801 3136 974 3199 sitim
1004 3135 1187 3218 prius
1220 3144 1323 3198 est
1354 3156 1552 3220 quam
1581 3136 2111 3221 pocula'natum.

433 3249 601 3312 haee
629 3246 828 3334 igitur
859 3256 1146 3335 possunt
1173 3248 1406 3314 utendi
1437 3250 1708 3334 cognita
1738 3271 1940 3314 eausa

435 3363 694 3429 oredier
712 3414 727 3441 ,
753 3387 837 3428 ex
868 3386 991 3427 usu
1023 3384 1195 3447 quae
1223 3372 1383 3427 sunt
1410 3365 1683 3448 vitaque
1710 3373 2010 3451 reperta.

433 3479 544 3542 illa
574 3479 843 3565 quidem
871 3498 1173 3541 seorsum
1203 3488 1360 3540 sunt
1388 3479 1608 3541 omnia
1625 3527 1640 3553 ‚
1666 3500 1837 3564 quae
1868 3480 2049 3563 prius
2078 3480 2225 3563 ipsa

434 3602 595 3657 nata
625 3593 874 3657 dedere
904 3613 1063 3656 suae
1093 3599 1251 3674 post
1276 3592 1580 3656 notitiam
1608 3593 1910 3657 utilitatis
1932 3641 1945 3654 .

290 3724 387 3770 855
435 3730 568 3793 quo
601 3729 845 3794 genere
873 3707 941 3770 in
969 3706 1197 3792 primis
1228 3727 1466 3770 sensus
1497 3715 1562 3770 et
1590 3708 1885 3772 membra
1914 3705 2249 3783 videmus3

433 3844 641 3906 quare
673 3823 869 3885 etiam
899 3830 1103 3907 atque
1135 3823 1331 3887 etiam
1360 3822 1599 3908 procul
1630 3830 1735 3884 est
1762 3829 1839 3885 ut
1867 3821 2143 3884 eredere
2175 3821 2396 3904 possis

387 4002 395 4006 ,
431 3935 734 3998 utilitatis
767 3937 852 3999 ob
886 3935 1172 3999 officium
1201 3937 1502 4022 potuisse
1534 3935 1812 4019 creari]

436 4220 533 4266 829
572 4214 802 4266 Bacchis
857 4215 876 4284 ΙΙ
930 4220 1029 4265 830
1067 4232 1130 4266 ex
1168 4224 1436 4271 omissum.
1492 4216 1511 4285 ΙΙ
1569 4223 1666 4268 836
1704 4227 1851 4271 nata.
1893 4218 1913 4290 ss
1951 4223 2047 4269 843
2087 4232 2340 4269 conserte
2379 4216 2399 4286 ΙΙ
2438 4221 2535 4267 847
2572 4231 2692 4284 par-

436 4305 543 4349 mat
581 4298 602 4365 ΙΙ
641 4303 738 4347 856
776 4297 936 4366 poeul
2163 4304 2166 4309 '
