2840 5008
1150 498 1163 509 q
1214 400 1311 467 VI
2225 396 2362 465 399

126 602 299 666 quae
334 586 447 642 est
468 601 671 663 porro
694 627 709 655 ,
755 576 1108 640 interiecta
1137 573 1407 638 transiri
1439 571 1702 655 potuit.
1748 570 1909 655 quid
1943 570 2129 654 quod
2160 578 2369 636 testes

99 701 260 742 non
295 677 567 741 desunt
585 724 599 750 ,
632 676 745 760 qui
774 674 970 738 nobis
1002 694 1233 737 eorum
1264 680 1437 756 quae
1458 668 1571 732 hic
1594 668 1926 733 amisimus
1950 676 2212 752 partem
2234 678 2370 734 ret-

124 777 410 841 tulerint
431 826 444 838 .
482 774 653 859 quid
685 774 857 836 enim
882 773 1040 835 huic
1069 773 1221 835 loco
1254 770 1475 855 aptius
1507 788 1655 832 8888
1677 767 1900 852 potuit
1924 788 2123 850 quam
2148 770 2369 853 splen-

125 874 286 937 dida
332 873 456 936 illa
503 870 884 955 argumenti
925 869 1118 932 nimis
1162 867 1361 951 ampli
1402 865 1739 929 recusatio
1763 911 1779 939 ,
1825 886 1959 949 qua
1986 865 2369 930 Lucretium

124 971 373 1036 alicubi
397 992 609 1033 usum
633 988 781 1032 8888
797 966 1073 1031 Servius
1099 974 1338 1028 auctor
1363 972 1500 1027 est.
1484 964 1513 1010 ‘¹’
1537 962 1733 1026 huius
1756 962 1927 1026 haec
1949 964 2157 1027 verba
2180 972 2368 1039 sunt,

127 1070 491 1154 adscripta
522 1068 633 1130 his
655 1064 1104 1168 Vergilianis
1087 1087 1156 1127 111
1186 1086 1257 1127 vl
1280 1061 1622 1126 Aeneidos
1653 1061 1813 1135 625,
1843 1060 2024 1124 Non
2067 1085 2251 1126 MIHI
2297 1086 2367 1126 81

128 1189 511 1230 LINGUAE
565 1185 887 1227 8111111111
933 1184 1118 1225 snm*
1164 1183 1488 1237 oRAQUE
1535 1183 1742 1224 cssnr
1761 1182 1898 1233 um,
1946 1160 2178 1224 Ferrea
2220 1184 2366 1225 vox.

127 1265 414 1327 Lucretii
442 1285 656 1325 versus
684 1261 951 1324 sublatus
980 1261 1053 1323 de
1076 1259 1377 1322 Homero,
1388 1259 1530 1324 sed
1539 1260 1642 1321 ille
1663 1259 1721 1320 A
1739 1281 1776 1320 E
1794 1280 1884 1320 RE
1900 1278 1945 1320 A
1987 1281 2085 1322 vo
2101 1282 2144 1322 x
2185 1261 2365 1323 dixit.

125 1361 303 1424 idem
337 1361 631 1424 Servius
672 1360 915 1423 iterum
958 1358 1047 1421 ad
1092 1356 1327 1421 eadem
1372 1357 1665 1420 carmina
1709 1356 1775 1418 in
1807 1357 2171 1441 georgicon
2200 1380 2269 1431 11,
2286 1357 2372 1420 43

129 1460 356 1542 posita
386 1458 675 1522 Lucretii
697 1451 906 1520 ‘versus
928 1482 949 1517 .·
989 1457 1096 1519 sed
1121 1456 1225 1519 ille
1255 1478 1444 1518 aenea
1474 1477 1589 1518 vox
1619 1455 1742 1532 ait,
1784 1476 1904 1516 non
1929 1454 2152 1540 ferrea
2184 1503 2196 1516 .
2243 1455 2368 1519 sed

125 1557 218 1620 ibi
249 1557 416 1619 etin
441 1556 756 1618 lemmate
782 1561 1104 1638 peccatur
1126 1552 1636 1637 (praescribitur
1661 1552 1834 1614 enim
1856 1550 2133 1635 Non'eyo
2156 1564 2370 1617 cuncta

129 1656 407 1739 meis),et
441 1675 637 1716 aenea
658 1652 1084 1736 trisyllabum
1108 1652 1419 1714 vitiosum
1446 1657 1550 1714 est
1567 1699 1580 1713 .
1613 1648 1858 1713 deinde
1881 1649 2009 1712 alio
2036 1650 2185 1714 loco
2212 1651 2367 1715 Ser·

128 1753 273 1814 vius
306 1773 456 1815 rem
487 1749 746 1813 indicat
771 1771 972 1833 quam
1001 1758 1363 1813 exsecutus
1387 1749 1593 1813 fuerit
1613 1755 1821 1833 poeta
1838 1796 1853 1822 ‚
1884 1749 2002 1811 ubi
2025 1748 2159 1812 hoc
2184 1750 2370 1834 quod
2414 1805 2418 1809 .

90 1911 97 1917 ,
132 1870 254 1912 1108
286 1850 580 1934 legimus
610 1849 695 1911 ab
729 1868 808 1910 80
840 1849 1100 1932 exempli
1128 1871 1314 1911 eausa
1336 1847 1631 1930 positum
1657 1847 1851 1920 dicit,
1884 1845 1974 1909 ad
2003 1850 2371 1960 georgicon

132 1968 219 2020 lv,
239 1947 313 2010 51
354 1948 613 2031 pulsam
653 1945 906 2007 hiemem
945 1945 1038 2006 sol
1063 1967 1288 2007 aureus
1317 1945 1470 2027 eyit.
1518 1943 1864 2006 Secundum
1898 1943 2217 2030 physicos,
2263 1948 2370 2032 qui

135 2045 380 2124 dicunt,
428 2066 557 2131 quo
600 2054 859 2127 tempore
902 2041 1001 2103 hic
1025 2041 1215 2104 hiems
1257 2052 1376 2119 est,
1424 2050 1705 2109 aestatem
1747 2064 1869 2103 esse
1908 2041 2017 2103 sub
2058 2045 2271 2122 terris,
2316 2056 2373 2107 et

132 2166 303 2205 versa
346 2144 524 2220 vice,
572 2163 708 2203 cum
750 2140 848 2202 hic
878 2130 1109 2217 aestas,
1154 2139 1282 2201 illic
1311 2089 1601 2200 hiemem.
1648 2139 1813 2224 quod
1836 2140 2018 2201 etiam
2044 2140 2371 2204 Lucretius

71 2273 79 2282 ·
134 2242 483 2325 exequitur,
520 2249 577 2301 et
603 2238 837 2300 trahit
813 2259 878 2298 in
909 2246 1325 2320 aryumentum
1337 2236 1644 2319 putealem
1674 2258 1932 2321 aquam,
1964 2259 2121 2322 quae
2150 2248 2370 2301 aestate

119 2337 543 2421 fwiyidissima
567 2326 682 2414 est‘,
706 2335 899 2397 hieme
920 2357 1060 2398 vero
1085 2335 1491 2398 calidissima.
1526 2335 1672 2417 quis
1695 2333 1898 2419 igitur
1923 2333 2187 2417 dubitet
2211 2338 2369 2421 quin

138 2434 269 2497 huc
316 2456 397 2497 ea
435 2431 804 2497 referenda
834 2433 969 2496 sint
1000 2454 1171 2517 quae
1204 2430 1523 2496 Claudius
1555 2432 1892 2524 Sacerdos
1920 2434 2131 2497 habet
2159 2457 2220 2519 p.
2239 2434 2367 2497 26?

136 2532 182 2596 S
209 2557 350 2598 vero
382 2535 592 2597 littera
613 2580 630 2610 ,
676 2531 893 2615 inquit
914 2578 929 2604 ‚
976 2533 1220 2612 eliditur
1248 2532 1382 2595 sola
1403 2579 1422 2610 ,
1464 2532 1517 2593 si
1547 2555 1587 2594 a
1618 2534 1966 2595 consonanti
1993 2534 2250 2617 incipiat
2275 2536 2367 2598 al-

134 2640 259 2694 tera
277 2656 441 2716 pars
471 2632 768 2694 orationis
790 2676 804 2691 .
848 2639 916 2692 ut
943 2630 1268 2692 Lucretius
1310 2652 1407 2691 ME
1425 2650 1516 2691 ns
1533 2651 1555 2690 1
1572 2650 1715 2691 Bus
1761 2652 1889 2691 rm
1911 2651 2056 2693 cus
2076 2677 2090 2704 ‚
2135 2642 2189 2694 et
2222 2632 2368 2695 alibi

135 2728 365 2814 (1‚186)
414 2728 532 2793 Ex
572 2727 904 2813 infantibus
934 2728 1153 2811 parvis
1176 2774 1190 2789 .
1246 2727 1503 2790 scilicet
1546 2729 1781 2790 aestivis
1820 2729 2104 2791 ‘mensibu’
2116 2730 2331 2814 friyus
2352 2778 2364 2790 .

66 2867 71 2872 ι
125 2825 290 2907 quin
325 2835 392 2889 et
427 2823 674 2889 eodem
705 2824 1044 2912 pertinent
1069 2844 1240 2908 quae
1265 2822 1450 2908 apud
1475 2822 1850 2887 Charisium
1871 2824 2185 2911 leguntur
2207 2852 2267 2912 p.
2288 2828 2367 2891 43
2417 2861 2424 2864 ’

135 2931 200 2984 et
226 2924 297 2986 in
329 2923 678 3009 excerptis
710 2922 1258 3007 orthographicis
1291 2923 1477 3007 apud
1504 2922 1900 2987 Putschium
1932 2948 1991 3009 p.
2011 2924 2089 2987 27
2094 2926 2211 3012 79,
2249 2927 2367 2991 ‘Ca-

132 3042 308 3084 mara
338 3011 613 3098 dicitur-‚¹
633 3032 699 3083 ut
727 3019 973 3084 Verrius
996 3019 1261 3083 Flaccus
1289 3021 1596 3109 affirmat,
1625 3044 1746 3084 non
1776 3045 2021 3085 camera
2042 3046 2159 3107 per
2188 3047 2233 3085 e.
2264 3027 2373 3088 sed

135 3116 465 3182 Lucretius
516 3119 922 3204 Cameraeque
965 3120 1221 3182 caminis
1264 3121 1608 3183 exteritibus
1650 3121 1901 3183 dicendo
1943 3122 2124 3184 etiam
2168 3145 2365 3186 came·

132 3237 267 3277 ram
296 3218 425 3280 dici
441 3239 631 3302 posse
659 3218 937 3279 ostendit.
967 3218 1036 3279 in
1067 3216 1172 3278 his
1205 3217 1493 3281 Charisii
1525 3217 1744 3280 codex
1775 3218 2179 3302 aliquotiens
2209 3243 2364 3304 pec·

135 3322 280 3377 cat:
311 3315 620 3379 Lucretii
649 3316 860 3378 verba
886 3316 955 3377 in
987 3314 1326 3398 excerptis
1355 3315 1450 3378 ita
1482 3307 1736 3402 scripta
1766 3325 1925 3380 sunt
1947 3365 1962 3391 ,
2007 3321 2265 3383 cameris
2292 3343 2368 3383 ex

131 3414 409 3477 teretibus
434 3463 446 3476 .
498 3413 657 3476 mihi
689 3421 948 3476 certum
979 3413 1249 3477 videtur
1279 3413 1667 3477 Lucretium
1711 3415 2065 3499 scripsisse
2111 3440 2318 3480 CAME
2337 3454 2366 3469 -

134 3529 284 3571 ΒΑΕ
305 3534 459 3586 Qun
512 3533 806 3575 cAM1N1
829 3534 860 3575 8
884 3559 899 3587 ,
945 3510 1068 3575 sed
1110 3510 1277 3575 illud
1320 3513 1667 3576 exteritibus
1702 3534 1841 3580 non
1875 3535 2149 3597 possum
2181 3527 2367 3578 certa

136 3608 400 3675 ratione
447 3610 807 3674 emendare
833 3660 846 3673 .
890 3620 1234 3694 postremo
1262 3611 1761 3696 ‚Philargyrium
1793 3613 2329 3676 commemorabo
2350 3662 2365 3687 ‚

139 3707 252 3787 qui
283 3708 372 3771 ad
397 3707 766 3793 georgicon
788 3732 885 3782 111,
913 3711 1026 3772 136
1042 3711 1220 3773 haec
1242 3710 1485 3783 habet,
1512 3711 1837 3773 Lucretius
1865 3732 1908 3772 N
1923 3732 1961 3771 E
1996 3733 2035 3773 0
2055 3733 2092 3772 B
2110 3734 2147 3773 L
2165 3735 2189 3774 1
2206 3735 2303 3774 ME
2324 3736 2364 3774 'r

130 3824 246 3884 pro
290 3807 527 3871 obturet
567 3818 622 3870 et
660 3808 971 3871 obcludat.
1016 3809 1187 3872 haec
1230 3829 1497 3894 quoque
1528 3809 1595 3871 in
1627 3808 1860 3872 eadem
1890 3830 1963 3871 re
1994 3808 2214 3871 locum
2246 3809 2363 3874 ha·

136 3900 296 3966 bere
326 3912 735 3988 potuerunt:
769 3912 952 3968 certe
984 3929 1100 3970 cur
1120 3907 1379 3972 Lucilio
1410 3908 1635 3992 potius
1665 3906 2044 3970 tribuenda
2058 3908 2192 3971 sint
2220 3909 2364 3971 nul·
2456 3914 2461 3918 ’

139 3996 267 4062 lam
301 4024 575 4067 causam
608 4002 847 4065 videO.
893 4025 1047 4067 nam
1079 4028 1251 4091 quae
1280 4007 1545 4071 Nonius
1576 4006 1785 4070 habet
1815 4028 1876 4091 p.
1897 4006 2037 4081 229,
2064 4008 2090 4070 l
2130 4007 2363 4071 Lucre-

139 4097 290 4177 tius,
332 4102 561 4164 Tantus
602 4101 974 4164 conduxerat
1010 4106 1213 4167 omnia
1257 4115 1501 4189 torpor,
1549 4126 1626 4169 ea
1668 4105 1802 4168 huc
1845 4085 2184 4190 pert-inere
2226 4126 2363 4166 non

142 4215 409 4280 pugn03
457 4207 896 4283 quamquam,
943 4202 997 4263 si
1037 4203 1392 4266 conduxerit
1427 4204 1854 4268 scribendum
1889 4212 2029 4278 est,
2074 4212 2364 4286 possunt

118 4289 226 4354 ‘de
254 4294 494 4361 hiemis
521 4306 828 4381 tempore
861 4298 1044 4370 dicta
1075 4320 1258 4363 esse.

307 4392 860 4458 841.A1msc11=
907 4417 1095 4470 QuiA
1142 4419 1399 4460 TERRA
1448 4421 1759 4461 CALORE
1791 4447 1806 4472 ‚
1866 4423 1959 4461 Er
2013 4422 2197 4462 SEMI
2247 4421 2358 4461 81-
