2840 5008
467 404 603 471 424
1368 414 1373 419 ’
1518 400 1618 466 VI

462 576 697 641 melius
739 582 923 636 certe
964 574 1043 635 iis
1074 574 1186 656 qui
1216 574 1562 659 pueriliter
1594 581 1957 659 peccantes
1985 572 2295 638 fecerunt
2321 598 2563 639 maeror
2589 580 2668 641 is,

464 674 588 739 sed
610 674 743 737 hoc
765 693 983 757 neque
1006 672 1378 736 sententiae
1403 680 1635 757 aptum
1660 680 1766 736 est
1787 673 1964 756 (quis
1989 672 2161 735 enim
2181 672 2504 736 maiorem
2523 696 2670 758 par-

465 781 599 837 tem
627 770 1070 857 agricolarum
1089 819 1105 843 ‚
1135 790 1284 833 cum
1316 778 1673 855 aegrotare
1705 770 2124 854 coepissent,
2153 771 2221 833 in
2253 772 2492 834 urbem
2521 794 2666 835 con-

463 871 738 934 fluxisse
760 866 1039 932 credat?
1055 869 1076 950 )
1095 915 1110 940 ‚
1137 876 1205 931 et
1228 868 1341 951 qui
1364 889 1634 932 versum
1657 866 1882 931 facere
1905 867 2256 931 didicisset
2279 875 2400 931 aut
2423 892 2498 932 ex
2520 872 2668 954 (ιφ-ῖς

462 971 516 1032 is
542 991 787 1032 maeror
815 964 1195 1049 scripsisset
1226 975 1340 1029 aut
1368 966 1599 1049 potius
1628 966 1727 1030 hic
1759 989 1835 1030 ex
1864 969 2030 1051 ayris
2058 989 2306 1030 maeror
2330 1015 2343 1028 .
2395 965 2668 1050 denique
2713 1044 2716 1045 ⁷

464 1062 749 1150 septim'o
780 1065 963 1128 urbis
997 1063 1307 1127 conditae
1338 1063 1608 1127 saeculo
1633 1085 1857 1137 nemo,
1888 1064 2014 1127 nisi
2036 1063 2235 1127 fallor
2257 1112 2272 1137 ‚
2305 1064 2537 1128 dicere
2557 1087 2672 1148 po-

463 1164 595 1228 tuit
623 1186 860 1227 moeros
884 1210 897 1226 .
943 1161 1113 1225 dixit
1142 1160 1430 1245 quidem,
1444 1161 1799 1225 Lucretius
1830 1164 1990 1226 colos
2019 1170 2088 1224 et
2114 1165 2302 1247 vapos
2322 1211 2342 1241 ,
2387 1164 2547 1227 item
2577 1162 2678 1226 alii

464 1262 651 1326 Itonos
680 1263 822 1325 odos
850 1260 1015 1324 labos
1044 1261 1205 1345 lepos
1220 1307 1238 1338 ,
1263 1259 1385 1323 sed
1410 1259 1630 1322 omnia
1655 1266 1813 1343 post
1834 1260 2108 1322 brevem
2132 1260 2468 1344 syllabam
2491 1283 2679 1346 prae-

463 1369 570 1423 ter
600 1361 779 1424 arbos
806 1358 1185 1421 femininum
1212 1406 1225 1419 .
1271 1364 1510 1419 contra
1550 1380 1764 1441 aeyros
1795 1364 1862 1419 et
1889 1380 2059 1420 umos
2085 1357 2156 1419 in
2182 1357 2316 1420 hoc
2347 1356 2523 1421 libro
2552 1360 2678 1422 Lu-

466 1458 652 1537 cretii
690 1456 846 1519 1132
885 1456 1038 1520 1187
1068 1456 1287 1518 nullos
1319 1463 1633 1518 auctores
1656 1454 1942 1518 habent.
1974 1456 2230 1534 clamo-3,
2264 1456 2455 1537 quod
2481 1455 2677 1534 Quin-

463 1557 735 1619 tilianus
766 1537 849 1618 in⁸
866 1579 908 1629 1,
926 1556 983 1627 4,
1011 1553 1082 1616 13
1122 1553 1467 1615 veteribus
1515 1551 1840 1616 adscribit
1860 1600 1876 1627 ‚
1919 1550 2204 1614 Ennium
2250 1551 2510 1616 dixisse
2548 1575 2678 1615 non

464 1655 726 1738 negabo
757 1653 885 1715 illis
913 1650 1220 1714 versibus
1243 1697 1256 1724 ,
1305 1651 1562 1714 Tollitur
1589 1650 1654 1712 in
1684 1651 1918 1712 caelwm
1948 1650 2171 1712 clamos
2198 1661 2448 1713 exortus
2474 1653 2678 1713 uir-im-

465 1775 611 1837 que,
651 1752 891 1813 Clamos
921 1750 1005 1811 ad
1032 1749 1268 1811 caelum
1294 1749 1599 1812 ‘volvenda'
1616 1772 1739 1833 per
1768 1758 1917 1810 αένα
1947 1749 2112 1832 vayit
2129 1796 2146 1825 ,
2175 1748 2246 1811 in
2278 1749 2528 1832 quibus
2559 1752 2676 1814 cla-

462 1872 597 1911 mor
626 1855 730 1911 est
761 1846 944 1930 apud
977 1846 1393 1911 Macrobium
1423 1848 1492 1910 in
1524 1847 1791 1912 Saturn.
1816 1869 1904 1920 νι,
1929 1847 1956 1908 1
1994 1854 2061 1909 et
2092 1846 2276 1930 apud
2307 1846 2678 1911 Varronem

466 1945 552 2008 de
581 1946 807 2030 lingua
831 1944 1070 2009 Latina
1090 1968 1185 2009 vn
1215 1968 1280 2029 p.
1300 1945 1417 2009 381
1442 1969 1456 2007 ε
1488 1946 1612 2009 sed
1639 1946 1710 2008 in
1734 1944 1862 2007 alio
1882 1992 1898 2018 ‚
1930 1945 2045 2028 qui
2070 1952 2176 2007 est
2197 1945 2384 2028 apud
2412 1945 2678 2009 Festum

466 2065 527 2127 p.
547 2043 686 2117 375,
704 2044 745 2107 8
763 2092 777 2117 ‚
823 2044 1059 2107 eodem
1087 2045 1231 2107 iure
1269 2044 1392 2122 Qui
1416 2045 1641 2108 clamos
1670 2043 1873 2107 scribi
1899 2049 2132 2125 potest
2162 2051 2232 2106 et
2269 2045 2393 2123 Qui
2423 2046 2682 2108 clamore

465 2144 865 2227 oppuynantis
882 2191 899 2220 ,
928 2166 1149 2227 vayore
1176 2144 1436 2205 volanti.

635 2240 807 2303 1262.
842 2239 1134 2303 .OMN1A
1179 2263 1710 2304 cownrnBAN‘r
1756 2263 1962 2304 LOCA
2004 2262 2484 2316 TECTAQU1-23
2529 2265 2679 2318 Quo

464 2359 701 2400 onis
745 2359 1052 2402 Ansrus
1085 2338 1574 2402 Coun-Baros
1619 2359 1747 2401 rrA
1791 2359 2264 2401 AonnxrAmM
2307 2361 2522 2402 mons
2567 2361 2683 2402 Ac·

467 2457 984 2499 CUMULABAT.
1029 2437 1392 2500 Corrector
1423 2436 1696 2521 oblongi
1727 2437 2092 2499 condebant:
2121 2436 2243 2500 sed
2273 2445 2466 2501 recte
2495 2438 2685 2501 Lam-

462 2535 659 2598 binus
692 2558 726 2597 o
744 2558 783 2599 0
801 2559 845 2598 N
862 2559 899 2597 P
916 2555 952 2597 r,
967 2559 1004 2598 E
1021 2559 1059 2597 B
1076 2559 1121 2599 A
1136 2559 1179 2599 N
1195 2560 1234 2598 ‘r
1249 2584 1262 2597 .
1282 2543 1429 2597 tum
1454 2535 1827 2618 quadratus
1852 2559 1920 2598 co
1940 2538 2139 2620 mayis
2159 2535 2315 2599 estus
2335 2583 2350 2598 .
2375 2536 2490 2600 hic
2511 2537 2684 2601 idem

461 2631 826 2696 Lambinus
857 2657 975 2719 quo
997 2657 1172 2718 maye
1201 2657 1298 2697 eos
1328 2644 1454 2695 tum
1471 2658 1492 2693 .·
1521 2632 1644 2696 sed
1665 2655 1842 2717 ‘maye
1864 2632 2094 2696 ultima
2116 2633 2337 2696 vocali
2364 2634 2534 2698 elisa
2556 2657 2687 2698 non

466 2727 713 2793 dicitur
749 2732 819 2793 in
860 2753 1066 2795 versu
1106 2730 1502 2793 hexametro
1528 2779 1543 2804 ‚
1589 2752 1736 2794 cum
1785 2752 1820 2794 e
1864 2732 2205 2794 contrario
2252 2732 2321 2793 in
2351 2732 2583 2798 Plauti
2613 2755 2685 2797 ac

464 2827 766 2891 Terentii
795 2828 1051 2894 fabulis.
1067 2850 1203 2891 non
1232 2828 1611 2891 inveniatur
1641 2829 1769 2891 nisi
1812 2836 1968 2892 ante
2010 2828 2282 2891 vocales
2325 2832 2655 2916 scriptum
2673 2881 2687 2894 .

463 2925 624 2987 mihi
666 2946 802 2987 non
843 2925 1115 2989 videtur
1157 2927 1433 2990 dubium
1477 2947 1626 2990 esse
1671 2928 1831 3012 quin
1875 2928 2309 2992 scribendum
2349 2930 2441 2993 sit
2486 2953 2687 2994 Asru

473 3023 811 3108 Confer-1503,
843 3023 1138 3088 ablativo
1165 3046 1359 3088 casu:
1390 3045 1546 3087 nam
1562 3021 1947 3090 Priscianus
1968 3048 2033 3109 p.
2055 3026 2212 3090 1012
2235 3038 2376 3115 astzq
2391 3075 2409 3107 ,
2442 3029 2686 3113 inquit,

464 3144 682 3185 nomen
712 3132 797 3185 est
820 3123 1240 3186 indecbinabile
1270 3123 1567 3208 quomodo
1598 3146 1789 3186 cornu
1812 3172 1827 3201 ‚
1875 3131 1944 3186 et
1987 3126 2053 3186 in
2093 3135 2225 3211 asty
2255 3122 2500 3188 eodem
2536 3149 2689 3190 casu

466 3219 785 3282 scribitur
814 3220 996 3304 apud
1021 3219 1401 3284 Vitruvium
1430 3221 1499 3282 in
1530 3219 1947 3307 praefatione
1974 3220 2130 3285 libri
2159 3245 2256 3285 vu
2291 3223 2346 3306 ξ.
2371 3223 2448 3285 17
2476 3272 2491 3298 ,
2535 3225 2687 3288 item

463 3314 533 3375 in
559 3337 703 3387 vm,
723 3318 779 3389 3,
799 3318 838 3378 6
859 3367 870 3379 .
2323 3329 2331 3334 '

639 3413 813 3476 1264.
860 3415 1151 3477 Mummi
1197 3440 1363 3479 srr1
1409 3421 1889 3481 PRos'rR'ATA
1932 3440 2129 3480 v1Am
2175 3441 2321 3480 PER
2367 3440 2687 3495 PROQUE

466 3534 785 3576 voLurA
811 3510 1198 3576 CORPORA
1240 3536 1582 3577 suanos
1622 3538 1723 3577 An
1763 3537 2148 3591 AQUARUM
2191 3537 2510 3579 STRATA
2553 3540 2684 3579 TA·

469 3634 555 3674 OE
572 3636 610 3675 B
627 3635 728 3675 AN
746 3635 785 3675 ‘r
812 3662 825 3674 .
859 3613 1190 3697 ·Impressi
1236 3635 1315 3676 [A
1334 3636 1368 3676 c
1385 3636 1533 3676 EBA
1551 3638 1645 3698 151*
1669 3663 1682 3677 .
1728 3614 1796 3677 in
1825 3614 1933 3676 his
1964 3637 2226 3698 corpora
2253 3615 2356 3676 siti
2374 3625 2683 3699 prostrata

463 3721 656 3773 strata
681 3713 882 3775 iacere
912 3711 1043 3775 dici
1073 3711 1272 3776 valde
1309 3713 1610 3795 probant
1651 3712 1962 3796 exquisiti
2000 3710 2227 3773 iudicii
2269 3711 2442 3785 viri,
2488 3710 2680 3774 Eich-

466 3807 727 3871 stadius
745 3857 760 3882 ‚
793 3806 1082 3872 Orellius
1101 3857 1115 3882 ‚
1146 3808 1475 3893 Forbiger
1493 3853 1508 3882 ‚
1542 3828 1689 3870 cum
1711 3806 2173 3871 Wakefieldus
2203 3807 2314 3871 hic
2342 3830 2521 3872 unus
2548 3828 2714 3892 om·-

465 3904 645 3966 nium
676 3905 765 3968 ad
788 3928 926 3969 rem
942 3906 1366 3971 manifestam
1396 3906 1631 3969 oeulos
1663 3906 2128 3991 applicuisset.
2159 3905 2284 3969 sed.
2311 3906 2495 3969 idem
2523 3904 2691 3969 infe-

465 4003 680 4066 liciter
702 4005 1059 4087 temptavit
1076 4006 1302 4070 silanos
1323 4005 1410 4067 ad
1430 4028 1735 4089 aquarum
1755 4016 1981 4068 structa
2007 4005 2322 4068 iacebant:
2349 4004 2485 4066 hoc
2516 4004 2692 4065 enim

468 4124 729 4165 omnem
775 4102 1048 4165 modum
1094 4109 1374 4185 superat
1406 4150 1417 4163 .
1480 4101 1908 4166 scribendum
1956 4108 2058 4164 est
2107 4101 2310 4164 *Multa
2352 4102 2455 4163 siti
2495 4124 2534 4162 Ρ
2553 4122 2694 4162 Ro-

467 4222 669 4263 'rinc
689 4222 785 4261 TA
826 4201 989 4262 viam
1018 4223 1141 4284 per
1171 4222 1411 4285 proque
1453 4201 1691 4278 voluta,
1735 4199 2053 4262 videlieet
2082 4198 2192 4261 siti
2220 4205 2582 4282 protracta
2613 4218 2698 4259 ex

467 4296 747 4360 aedibus
772 4346 785 4359 .
830 4318 1037 4379 supra
1079 4296 1199 4359 605
1245 4305 1392 4360 erat
1428 4298 1763 4361 substructa
1806 4318 1932 4383 pro
1976 4298 2319 4360 subtracta:
2360 4296 2432 4360 in
2462 4318 2553 4369 ιν,
2573 4294 2693 4357 411

468 4393 590 4455 415
621 4393 999 4476 quadratus
1027 4396 1359 4460 substracta
1391 4401 1460 4459 et
1487 4407 1714 4460 stracta
1745 4416 1870 4480 pro
1901 4396 2200 4460 substrata
2230 4398 2300 4455 et
2326 4403 2523 4456 strata
2545 4442 2558 4454 .
