2840 5008
1196 389 1323 457 1111
2249 388 2279 453 l
2295 388 2335 455 2
2346 388 2384 455 3

132 564 445 633 cernundi
473 586 701 651 neque
731 585 932 650 posse
963 557 1106 629 sine
1134 561 1238 627 his
1269 585 1378 627 res
1407 562 1543 626 ulla
1571 561 1812 626 videri.

127 703 291 747 nunc
323 703 403 745 ea
433 703 616 766 quae
649 679 799 744 dico
828 701 1050 744 rerum
1079 678 1430 742 simulacra
1455 677 1762 741 feruntur

31 817 94 862 240
128 795 414 882 undique
449 805 523 860 et
551 797 620 859 in
652 803 927 859 cunctas
955 794 1287 859 iaciuntur
1316 791 1531 857 didita
1557 792 1800 879 partis:

126 932 343 975 verum
374 932 511 975 nos
542 910 755 974 oculis
787 910 942 994 quia
970 909 1129 973 solis
1161 929 1434 973 cernere
1464 908 1754 993 quimus,

126 1034 483 1114 propterea
510 1025 587 1089 fit
615 1025 747 1101 uti,
771 1024 1058 1110 speciem
1089 1045 1223 1108 quo
1253 1023 1573 1087 vertimus
1594 1069 1610 1096 ,
1633 1043 1863 1085 omnes

125 1163 221 1205 res
249 1141 338 1204 ibi
371 1161 522 1204 eam
554 1149 793 1204 contra
820 1139 1064 1203 feriant
1092 1138 1309 1202 forma
1336 1146 1541 1223 atque
1573 1136 1826 1201 colore.

129 1265 188 1320 et
216 1267 546 1341 quantum
578 1275 882 1339 quaeque
910 1254 996 1317 ab
1027 1254 1224 1318 nobis
1251 1275 1362 1316 res
1392 1253 1602 1329 absit,
1624 1253 1841 1339 imago

31 1389 95 1434 245
134 1370 325 1435 efficit
351 1379 432 1434 ut
461 1368 810 1434 videamus
842 1378 910 1433 et
935 1370 1393 1433 internoscere
1425 1368 1633 1453 cogit:

129 1508 269 1549 nam
299 1507 455 1550 cum
484 1485 774 1549 mittitur
794 1534 809 1560 ,
832 1484 1165 1571 extemplo
1196 1481 1537 1568 protrudit
1565 1484 1835 1569 agitque

134 1607 278 1666 aera
307 1600 427 1686 qui
454 1600 635 1663 inter
665 1620 738 1663 se
769 1611 1049 1683 cumque
1080 1606 1186 1662 est
1215 1598 1584 1682 oculosque
1612 1597 1898 1674 locatuS‚

130 1718 305 1801 isque
334 1716 434 1779 ita
463 1736 589 1799 per
617 1722 887 1778 nostras
917 1714 1095 1777 acies
1125 1712 1490 1798 perlabitur
1520 1713 1730 1776 omnis

132 1840 190 1895 et
217 1831 408 1917 quasi
437 1837 786 1915 perterget
811 1828 1096 1915 pupillas
1126 1834 1328 1911 atque
1355 1827 1452 1891 ita
1478 1827 1722 1892 transit
1738 1876 1752 1891 .

29 1962 89 2007 251
124 1954 479 2032 propterea
508 1945 583 2010 fit
611 1945 709 2007 uti
736 1943 1079 2007 videamus
1110 1963 1309 2027 quam
1340 1942 1578 2028 procul
1606 1943 1783 2006 absit

29 2074 95 2122 250
130 2082 227 2124 res
258 2081 570 2145 quaeque
588 2108 602 2121 .
628 2067 696 2122 et
726 2067 976 2143 quanto
1010 2057 1158 2144 plus
1188 2059 1360 2121 acris
1391 2065 1547 2120 ante
1577 2059 1865 2143 agitatur

29 2190 95 2235 252
132 2185 189 2238 et
217 2182 498 2239 nostros
528 2174 761 2239 oculos
790 2181 1133 2260 perterget
1158 2173 1423 2258 longior
1452 2193 1644 2248 aura,

133 2297 251 2352 tam
279 2289 523 2377 procul
554 2310 705 2352 esse
732 2289 938 2373 magis
968 2309 1076 2351 res
1109 2307 1414 2372 quaeque
1444 2297 1701 2352 remota
1729 2288 2027 2354 videtur.

133 2404 370 2468 scilicet
393 2452 410 2480 ‚
428 2403 601 2466 haec
631 2424 879 2467 summe
911 2403 1108 2466 celeri
1135 2402 1396 2466 ratione
1427 2407 1783 2488 geruntur,

29 2534 94 2580 255
132 2520 311 2604 quale
340 2522 435 2584 sit
460 2528 539 2584 ut
566 2518 905 2584 videamus
926 2568 941 2594 ‚
966 2528 1032 2583 et
1061 2539 1194 2581 una
1223 2540 1424 2603 quam
1452 2520 1691 2603 procul
1720 2521 1926 2585 absit.

132 2633 277 2697 illud
305 2636 377 2699 in
409 2635 517 2700 his
545 2635 747 2699 rebus
777 2635 1037 2698 minime
1066 2634 1363 2697 mirabile
1391 2632 1873 2708 habendumst‚

134 2771 271 2825 cur,
296 2772 378 2814 ea
410 2771 581 2835 quae
609 2749 850 2814 feriant
879 2750 1111 2814 oculos
1141 2749 1492 2812 simulacra
1520 2746 1735 2813 videri
1799 2830 1806 2833 ι

135 2865 381 2950 singula
411 2887 560 2928 cum
589 2873 958 2949 nequeant,
980 2886 1091 2927 res
1121 2866 1308 2949 ipsae
1337 2864 1854 2950 perspiciantur.

134 2989 360 3045 ventus
391 2980 562 3043 enim
595 3001 863 3064 quoque
892 2980 1207 3064 paulatim
1239 3000 1385 3042 cum
1417 2962 1731 3043 verberat
1760 2989 1829 3046 et
1858 3002 2004 3046 cum

34 3109 98 3154 261
135 3114 271 3158 acre
298 3094 445 3160 fluit
472 3095 683 3180 frigus
703 3143 717 3170 ‚
740 3116 874 3157 non
906 3095 1163 3182 privam
1196 3114 1527 3179 quamque
1558 3094 1848 3160 solemus

35 3221 101 3267 260
134 3209 508 3293 particulam
537 3210 720 3272 venti
749 3209 996 3273 sentire
1026 3217 1097 3273 et
1123 3208 1392 3293 frigoris
1425 3209 1565 3271 eius
1583 3257 1597 3281 ‚

36 3334 103 3380 262
138 3323 240 3387 sed
271 3326 478 3411 magis
508 3346 862 3399 unorsum‚
885 3324 1160 3408 fierique
1190 3322 1472 3408 perinde
1503 3322 1803 3390 videmus

139 3458 401 3526 corpore
432 3447 568 3503 tum
601 3439 829 3524 plagas
858 3440 928 3502 in
954 3446 1192 3503 nostro
1223 3447 1360 3502 tam
1389 3459 1589 3523 quam
1617 3440 1877 3525 aliquae
1907 3442 2017 3507 res

136 3555 427 3618 verberet
456 3561 660 3638 atque
692 3554 792 3617 sui
825 3552 940 3617 det
968 3575 1235 3619 sensum
1266 3555 1572 3640 corporis
1606 3565 1828 3621 extra.

35 3678 100 3722 265
135 3677 468 3752 praeterea
494 3667 784 3754 lapidem
816 3668 1023 3756 digito
1055 3691 1205 3733 cum
1235 3668 1576 3733 tundimus
1597 3720 1612 3747 ‚
1632 3671 1852 3756 ipsum

136 3785 446 3869 tangimus
478 3792 843 3847 extremum
874 3789 1018 3848 saxi
1048 3806 1507 3869 summumque
1539 3784 1859 3865 colorem,

138 3916 244 3961 nec
272 3900 593 3964 sentimus
625 3921 769 3962 eum
801 3907 987 3964 tactu
1007 3950 1021 3977 ‚
1045 3922 1275 3965 verum
1303 3901 1514 3986 magis
1542 3900 1755 3987 ipsam

139 4007 420 4078 duritiem
452 4015 722 4102 penitus
752 4016 897 4079 saxi
927 4015 1247 4080 sentimus
1277 4017 1344 4079 in
1375 4016 1543 4080 alto.

143 4297 228 4345 240
264 4294 436 4348 dedita
475 4297 494 4363 ΙΙ
533 4303 630 4348 245
670 4308 844 4349 curat.
901 4298 919 4364 Η
977 4304 1074 4349 246
1111 4297 1353 4367 protudit
1407 4296 1427 4365 ΙΙ
1484 4304 1590 4367 249,
1619 4309 1862 4371 pertegct
1919 4303 1937 4370 Η
1994 4308 2088 4353 253
2127 4310 2312 4355 rcvota
2358 4304 2379 4373 Η

144 4380 224 4428 261
262 4381 480 4447 primam
516 4380 536 4447 ΙΙ
577 4385 674 4431 267
712 4380 848 4449 ipsa.
