2840 5008
1190 413 1290 481 -111
1585 466 1586 471 κ
2117 448 2118 453 ¹
2212 363 2347 486 199

71 589 216 652 Tuo
248 588 618 665 imbuisse,
655 611 688 650 e
699 587 852 674 foro
881 588 1177 668 otiosum,
1210 611 1325 651 sua
1354 590 1670 673 occupati,
1702 589 1870 653 Novi
1892 590 2208 665 umbilici,
2255 592 2354 655 die

65 688 255 751 otiosi
300 711 324 748 :
394 685 694 750 Horatio
752 686 821 748 in
866 686 1231 750 carminum
1275 710 1375 758 111,
1395 686 1472 749 21
1521 707 1657 750 non
1701 688 1914 751 ausim
1960 637 2348 754 adscribere

63 808 248 848 mero
296 786 696 859 incaluisse,
743 790 812 847 et
852 782 1137 848 Ovidius
1181 784 1370 848 hiare
1417 785 1652 848 maluit
1692 806 1991 849 amorum
2037 807 2109 860 11,
2134 786 2228 861 13,
2247 786 2346 861 21,

53 882 511 968 precibusque
536 884 685 945 meis
694 882 847 969 fave
876 883 1128 971 Ilithyt'a
1163 934 1175 946 .
1220 884 1345 948 sed
1376 884 1563 968 quod
1593 885 1878 948 maxime
1907 886 2343 951 memorabile

67 987 180 1043 est
199 1027 217 1055 ,
241 1001 408 1043 non
435 981 682 1067 exigua
701 1002 864 1064 pars
885 989 1240 1066 poetarum
1264 983 1348 1046 ab
1375 982 1654 1046 elisione
1676 982 2156 1048 vocabulorum
2180 986 2345 1047 i’am-

65 1079 408 1163 bicorum
445 1079 717 1143 omnino
749 1081 1260 1145 abstinuerunt:
1299 1081 1586 1164 primum
1627 1080 1898 1164 quidem
1941 1081 2346 1166 quicumque

66 1184 374 1260 praeter
411 1174 754 1240 Catullum
786 1185 854 1241 et
881 1177 1310 1262 Propertium
1341 1177 1649 1241 Undenis
1678 1177 2109 1263 pedibusque
2140 1179 2344 1266 sylla-

69 1275 338 1359 bisque
366 1274 802 1359 scripserunt
819 1323 835 1349 ,
857 1273 1166 1340 Tibullus
1191 1297 1340 1341 cum
1357 1275 1711 1362 Lygdamo
1737 1283 1805 1339 et
1829 1275 2128 1362 Sulpicia
2145 1325 2161 1352 ,
2188 1276 2348 1342 Ovi-

72 1371 235 1437 dius
262 1421 277 1447 ,
312 1373 777 1456 Priapeorum
806 1380 1053 1457 poetae
1076 1422 1091 1447 ‚
1121 1374 1456 1439 Martialis
1478 1422 1496 1453 ,
1522 1373 1648 1437 sed
1673 1375 1867 1439 multi
1899 1396 2171 1460 quoque
2203 1375 2347 1450 alii,

74 1471 355 1535 Ennius
400 1473 478 1534 in
526 1470 937 1542 hexametris
971 1521 986 1547 ,
1030 1471 1257 1536 Varro
1291 1479 1485 1536 extra
1517 1470 1855 1535 Sotadeos
1890 1520 1905 1546 ,
1950 1471 2346 1545 Lueretius,

75 1568 420 1633 Valerius
458 1566 633 1631 Cato
657 1617 673 1644 ‚
705 1567 982 1633 Gratius
1006 1617 1021 1644 ‚
1052 1569 1371 1633 Manilius
1395 1616 1409 1643 ,
1441 1567 1695 1632 Hiados
1727 1570 2065 1654 interpres
2098 1619 2113 1645 ,
2147 1569 2344 1633 Colu-

80 1666 286 1730 mella
309 1713 327 1742 ‚
360 1667 690 1731 Persius.
719 1667 790 1730 in
818 1665 1395 1751 hendecasyllabo
1428 1672 1655 1730 tamen
1674 1714 1689 1740 ‚
1713 1673 1791 1729 ut
1818 1675 1989 1751 puto
2012 1716 2030 1747 ,
2052 1666 2343 1732 Bibacu-

78 1763 186 1827 lus
211 1765 475 1849 duplici
495 1775 636 1849 toya
655 1766 952 1828 involatus
973 1764 1159 1848 apud
1183 1764 1564 1828 Charisium
1585 1787 1650 1848 p.
1673 1764 1791 1828 102
1817 1814 1830 1828 .
1853 1765 1926 1828 in
1946 1765 2238 1849 Priapeo
2264 1765 2343 1830 64

82 1862 257 1926 male
304 1869 566 1926 contra
590 1861 913 1927 ,codicum
953 1863 1154 1927 fidem
1199 1864 1517 1928 scribitur
1554 1865 1850 1927 sustinens
1889 1865 1998 1927 diu
2025 1870 2311 1929 aestatem
2329 1891 2349 1926 .-

83 1960 299 2026 debet
324 1982 492 2024 esse
516 1962 755 2025 Parwm
777 1974 861 2025 est
879 1963 1045 2047 qnod
1065 2010 1082 2040 ,
1115 1962 1214 2026 hie
1245 1974 1312 2026 nt
1326 1963 1591 2050 fiximus
1625 1963 1812 2025 semel
1827 1962 2030 2024 sedem
2058 2010 2076 2044 ,
2116 1964 2347 2046 Ayente

87 2069 256 2123 terra
294 2083 423 2144 per
469 2060 821 2123 caniculam
860 2061 1054 2122 rimas
1076 2059 1467 2123 Siticnlosam
1493 2060 1850 2122 sustinemus
1880 2069 2164 2122 aestatem
2199 2107 2213 2121 .
2262 2080 2347 2121 ex

88 2156 559 2243 elegiacorum
581 2178 860 2221 numero
885 2156 1356 2241 excerpendus
1385 2163 1491 2220 est
1516 2157 1630 2240 qui
1654 2157 2035 2240 composuit
2054 2156 2142 2219 ad
2161 2157 2343 2221 Mes-

92 2256 328 2319 sallam
362 2276 646 2319 carmen
674 2301 690 2328 ‚
727 2255 798 2318 in
830 2276 964 2339 quo
999 2261 1105 2319 est
1131 2256 1317 2319 rubro
1350 2255 1524 2319 Eleis
1553 2252 1633 2317 32
1675 2303 1690 2329 ,
1730 2255 1891 2318 item
1923 2253 2040 2338 qui
2070 2254 2348 2338 scripsit

90 2353 157 2415 in
187 2354 499 2437 epistula
520 2353 822 2416 Helenae
852 2353 930 2417 97
964 2355 1153 2417 Disce
1179 2377 1312 2418 meo
1343 2355 1616 2438 exemplo
1638 2401 1652 2416 .
1685 2351 1809 2416 sed
1837 2353 1909 2415 in
1938 2351 2230 2435 Priapeo
2260 2351 2344 2415 84

96 2452 540 2542 scribendum
571 2460 676 2516 est
719 2452 870 2515 Vere
897 2475 1039 2516 rosa
1067 2500 1085 2532 ,
1104 2453 1310 2537 pomis
1338 2462 1626 2516 autumno
1657 2500 1675 2532 ,
1713 2472 1852 2515 non
1880 2473 2023 2514 rosa
2053 2454 2345 2515 autnmno
2426 2491 2432 2496 -

89 2554 287 2634 pomis
320 2578 342 2614 .·
389 2557 610 2635 atque
645 2551 715 2613 in
747 2548 995 2614 Ovidio
1040 2572 1339 2614 amorum
1371 2550 1557 2624 11,19‚
1577 2548 1659 2613 20
1691 2556 1760 2612 et
1786 2550 1856 2612 in
1883 2548 2197 2612 Martiale
2228 2572 2345 2622 vn,

99 2646 193 2724 20,
211 2648 294 2713 20
325 2649 660 2713 Heinsius
690 2650 1002 2733 peccavit
1034 2696 1050 2723 ‚
1088 2670 1238 2711 eum
1259 2648 1423 2712 fecit
1443 2650 1584 2711 time
1608 2648 1865 2710 insidias
1889 2654 1958 2709 et
1980 2648 2157 2711 domo
2184 2648 2343 2711 intu-

99 2747 198 2809 lit.
232 2748 430 2832 quod
454 2753 687 2811 autem
705 2747 775 2809 in
801 2767 1081 2831 operum
1107 2744 1596 2808 Ovidianorum
1619 2744 2135 2829 corruptissimo
2162 2745 2342 2827 (tris-

102 2844 192 2907 tia
234 2845 434 2930 dico)
484 2844 734 2928 legitur
778 2843 1122 2907 distichon
1153 2844 1238 2907 ab
1272 2844 1456 2906 omni
1479 2849 1677 2926 parte
1708 2842 2080 2907 absurdum
2110 2890 2126 2917 ,
2169 2843 2343 2908 libro

102 2964 168 3016 11,
183 2943 307 3008 295
349 2992 364 3018 ‚
406 2939 662 3008 Venerit
687 2945 752 3006 in
779 2945 992 3027 maqni
1020 2943 1304 3026 templum
1336 2990 1353 3020 ,
1402 2953 1510 3005 tua
1537 2964 1796 3005 moenera
1828 2991 1847 3022 ,
1892 2942 2120 3005 ,Martis
2151 2988 2169 3019 ,
2212 2939 2350 3004 Stat

118 3041 305 3105 Venus
340 3043 543 3107 Ultori
571 3044 778 3105 innota
804 3044 935 3105 viro
964 3052 1102 3104 ante
1113 3040 1293 3127 fores
1318 3042 1514 3123 (nam
1537 3061 1756 3124 neque
1786 3041 1855 3103 in
1886 3040 2208 3123 templum
2237 3040 2340 3101 in-

105 3144 237 3202 trat
259 3141 377 3224 qui
403 3161 490 3203 ea
516 3160 690 3223 quae
716 3145 873 3203 ante
896 3138 1079 3202 fores
1103 3145 1261 3202 sunt
1284 3138 1518 3202 videre
1543 3138 1690 3202 vult
1708 3185 1724 3212 ‚
1749 3158 1967 3222 neque
1989 3136 2179 3199 Mars
2202 3134 2339 3198 Ve-

108 3237 280 3300 neris
310 3238 417 3303 vir
449 3244 561 3301 est
602 3284 617 3310 ,
661 3237 788 3300 sed
816 3236 1236 3321 Vulcanus),
1269 3236 1341 3300 id
1371 3256 1781 3320 quamquam
1811 3232 2172 3298 emendare
2201 3254 2341 3295 non

108 3340 411 3414 poteram
435 3387 451 3412 ‚
481 3356 624 3398 non
650 3341 876 3398 tamen
904 3341 1272 3418 propterea
1302 3332 1666 3399 credebam
1698 3332 2016 3397 Ovidium
2042 3333 2173 3395 viro
2204 3337 2343 3395 a'nte

112 3432 401 3498 scribere
430 3433 743 3519 potuisse
767 3480 781 3507 ‚
806 3434 1059 3516 quippe
1084 3433 1287 3517 quiin
1310 3439 1505 3496 tanto
1540 3431 1902 3496 carminum
1932 3431 2211 3493 numero
2243 3429 2341 3491 ni-

111 3525 202 3589 hil
226 3552 518 3615 usquam
548 3531 757 3594 simile
789 3552 993 3594 ausus
1025 3536 1240 3594 essett
1271 3551 1451 3593 nunc
1472 3530 1688 3592 Maur.
1706 3528 2048 3610 Haup'tius
2070 3547 2340 3589 manum

116 3633 349 3706 poetae
380 3629 855 3693 emendatione
885 3628 1338 3713 pulcherrima
1359 3629 1659 3692 restituit
1678 3627 1809 3700 ita,
1836 3624 1974 3687 Stat
2008 3624 2204 3687 Venus
2238 3623 2340 3685 Ul-

118 3725 224 3786 tori
248 3727 456 3810 innota
474 3776 489 3802 ,
512 3728 607 3790 vir
636 3738 772 3791 ante
783 3727 963 3812 fores
983 3775 995 3787 .
1019 3726 1198 3790 idem
1226 3733 1457 3789 tamen
1489 3722 1775 3787 Ovidius
1804 3720 1975 3783 locis
2003 3741 2143 3783 non
2171 3740 2337 3802 pau-

121 3818 207 3883 cis
234 3834 316 3886 est
343 3831 495 3888 cum
524 3825 873 3890 vocabulis
900 3824 1203 3888 ‘iambicis
1248 3821 1534 3897 collisit3
1570 3821 1641 3883 in
1682 3838 1818 3903 quo
1864 3816 2162 3882 dubitari
2202 3838 2341 3880 non

123 3925 337 3996 potest
368 3923 530 4007 quin
561 3948 593 3986 e
623 3923 914 3986 litteram
947 3920 1403 4007 suppresserit
1440 3966 1456 3993 ‚
1497 3928 1685 3996 tuost,
1713 3926 1939 3980 ‘meaest
1955 3964 1973 3995 ,
2004 3916 2176 3979 locist
2196 3964 2214 3995 ,
2244 3939 2337 3980 so·

123 4011 465 4103 lost,r090st
482 4070 497 4096 ,
516 4022 942 4099 diwanecist.
968 4028 1177 4105 atque
1210 4017 1446 4082 eadem
1475 4016 1646 4079 haec
1665 4062 1681 4089 ,
1706 4015 1892 4078 exiis
1917 4013 2139 4098 poetis
2165 4036 2343 4098 quos

125 4114 493 4183 cautissime
520 4119 591 4182 in
616 4119 751 4182 hoc
781 4139 1027 4203 genere
1057 4124 1369 4182 versatos
1402 4136 1551 4179 esse
1584 4112 1763 4187 dixi,
1793 4113 2051 4177 habent
2080 4111 2338 4175 Lucre-

128 4205 250 4272 tius
273 4258 287 4286 ‚
317 4213 624 4280 Tibullus
654 4239 743 4292 1v,
762 4216 819 4292 4,
839 4217 876 4279 7
905 4217 1108 4280 malist
1137 4223 1205 4279 et
1232 4216 1304 4278 in
1332 4214 1625 4298 Priapeo
1655 4212 1847 4275 novist
1861 4259 1879 4290 ,
1905 4210 2184 4274 Gratius
2213 4208 2338 4271 412

128 4307 364 4390 malost,
384 4312 700 4379 Manilius
722 4337 794 4389 11,
812 4314 933 4378 427
965 4314 1084 4377 491
1107 4315 1315 4399 parist
1336 4319 1405 4375 et
1429 4311 1613 4376 Iovist
1631 4359 1650 4390 ,
1674 4309 2034 4392 Priapeum
2061 4305 2136 4369 16
2157 4308 2344 4383 cir-ost

135 4407 197 4462 et
215 4403 286 4467 41
318 4423 473 4475 suost
500 4462 517 4492 ,
550 4414 824 4478 Persius
848 4436 936 4489 ιν,
964 4412 1032 4475 17
1065 4414 1257 4476 bonist
1276 4461 1294 4492 ,
1319 4409 1652 4475 Martialis
1684 4432 1783 4483 111,
1801 4407 1879 4470 97
1910 4416 2126 4478 meost,
2150 4426 2239 4479 iv,
2261 4403 2339 4467 16
