2840 5008
485 355 622 427 322
1563 361 1629 428 V

645 535 788 599 953.
817 555 1221 598 scmsAntr
1247 581 1261 596 .
1306 534 1447 598 959.
1480 557 1894 601 scrssAn‘r
1918 588 1932 601 .
1962 539 2116 603 Itali
2146 543 2516 628 utrobique
2545 566 2711 609 sm-

482 659 519 698 s
538 657 579 697 A
598 657 640 698 Ν
658 657 700 695 ·r
721 681 734 695 .
765 639 836 696 at
858 630 1350 707 Wakefieldus,
1379 639 1652 717 poetam
1682 656 1820 699 non
1848 638 2117 720 patiens
2149 648 2288 708 tam
2319 662 2491 725 pure
2516 664 2712 727 quam

481 733 656 797 solet
685 731 905 815 loqui,
935 730 1149 794 altero
1180 731 1334 795 loco
1366 733 1638 816 scripsit
1665 736 1961 800 scierant.

645 828 785 894 9621.
831 851 868 890 L
885 851 928 891 U
945 850 1039 892 os
1053 849 1153 891 BA
1168 851 1210 891 τ
1256 851 1290 891 c
1309 849 1404 892 ou
1422 853 1459 891 r
1477 852 1516 894 o
1533 851 1575 893 R
1590 852 1633 893 Λ
1660 881 1674 896 .
1721 831 2112 911 Quadratus
2141 837 2382 901 lucebat
2403 886 2416 899 .
2460 838 2615 902 Itali
2646 851 2713 903 et

480 928 847 994 Brixiensis
879 926 1102 991 editor
1131 951 1155 990 1
1169 950 1266 990 tm
1281 950 1323 991 o
1337 950 1374 990 r:
1390 950 1430 990 Β
1450 950 1547 991 ΛΤ
1571 978 1583 992 .

643 1027 1636 1104 969.970.SAsr1onn1sQus
1661 1050 1915 1094 PARES
1939 1053 2192 1096 sunus
2216 1055 2711 1100 srnvss‘rnu

478 1149 801 1193 MEMBRA
858 1125 1330 1189 NUDABANT
1395 1133 1707 1189 <renus
1741 1175 1756 1201 ‚
1822 1148 2266 1194 NOCTURNO
2327 1154 2712 1196 Tauroni:

481 1251 515 1291 c
533 1250 719 1291 Ari-1
740 1275 753 1288 .
779 1225 908 1288 Hic
937 1219 1158 1288 om'nia
1186 1223 1353 1286 mira
1382 1231 1575 1286 sunt.
1603 1224 1890 1308 primum
1918 1225 2104 1306 Itali,
2133 1248 2221 1291 ne
2247 1250 2498 1293 versus
2531 1230 2713 1296 laba-

477 1335 614 1398 ret,
645 1325 1064 1409 scripserunt
1090 1324 1326 1386 suibus.
1358 1329 1430 1386 at
1458 1329 1665 1407 poeta
1692 1325 1761 1387 in
1790 1347 1881 1400 vr,
1899 1326 2021 1389 974
2050 1326 2172 1389 977
2203 1328 2301 1390 ita
2328 1349 2474 1392 non
2508 1329 2717 1404 dixit,

480 1424 602 1490 sed
630 1425 812 1488 mbas
837 1429 1126 1506 utraque
1155 1422 1346 1486 brevi
1370 1470 1384 1483 .
1432 1444 1554 1486 cur
1588 1424 1795 1509 igitur
1824 1422 1936 1487 hic
1962 1445 2101 1488 non
2132 1427 2411 1510 scripsit
2441 1427 2719 1513 Saetiye·

479 1527 679 1610 risque
706 1523 888 1585 subus
913 1521 1135 1583 similes
1153 1519 1183 1581 Ρ
1215 1520 1374 1604 quia
1404 1527 1551 1584 tota
1579 1520 1750 1585 haec
1771 1520 2112 1585 hominum
2133 1544 2284 1587 cum
2310 1525 2557 1589 suibus
2582 1527 2719 1590 col-

476 1623 639 1686 latio
669 1621 902 1703 inepta
932 1627 1036 1681 est
1054 1665 1068 1680 .
1114 1619 1472 1683 considera
1503 1620 1675 1683 enim
1702 1620 1884 1685 hanc
1911 1641 2305 1705 perversam
2333 1625 2716 1687 sententia-

475 1742 621 1786 rum
668 1737 1057 1802 compagem
1091 1765 1102 1778 .
1157 1710 1358 1780 ‘feras
1400 1718 1663 1781 multas’
1704 1719 1925 1803 inquit
1962 1712 2347 1782 ‘vincebant
2379 1767 2395 1795 ‚
2450 1741 2719 1805 paucas

476 1816 755 1882 latebris
787 1814 1000 1879 abditi
1027 1813 1339 1877 vitabant
1357 1862 1375 1893 ,
1400 1821 1470 1878 et
1500 1815 1854 1901 saetigeris
1881 1817 2114 1881 suibus
2142 1838 2349 1903 pares
2373 1817 2570 1881 humi
2599 1822 2719 1884 ab·

474 1916 633 1981 iecti
661 1913 1012 1979 nudabant
1040 1914 1338 1976 membra
1357 1913 1386 1975 .’
1416 1914 1730 1976 nudabant
1756 1914 1968 1978 vero?
1995 1915 2214 1999 quine
2238 1916 2542 1999 pellibus
2576 1919 2723 2002 qui-

478 2015 631 2080 dem
650 2020 1001 2078 uterentur
1019 2060 1032 2074 .
1057 2011 1178 2075 sed
1197 2011 1331 2075 hoc
1349 2011 1848 2076 incommodum
1863 2013 2227 2077 Lambinus
2250 2013 2513 2079 levavit
2529 2022 2724 2079 recte

475 2112 833 2179 scribendo
862 2112 1157 2175 silvestria
1185 2110 1456 2174 membra
1486 2111 1683 2173 Nuda
1713 2133 1755 2171 D
1772 2131 1870 2173 AB
1887 2131 1991 2174 AN
2008 2134 2048 2173 ‘r
2078 2122 2281 2175 terrae
2299 2159 2313 2174 .
2341 2122 2587 2176 manet
2615 2121 2722 2176 ta-

477 2234 629 2278 men
657 2212 768 2277 vel
797 2211 896 2274 sic
924 2208 1093 2274 illud
1124 2210 1443 2274 obtusum
1490 2217 1558 2272 et
1597 2209 1984 2295 plumbeum
2020 2230 2299 2274 acumen
2320 2256 2338 2284 ‚
2386 2211 2589 2294 quod
2618 2220 2726 2275 est

474 2315 546 2377 in
573 2310 955 2375 hominibus
987 2328 1135 2371 cum
1166 2307 1398 2370 suibus
1430 2307 1905 2390 comparandis
1927 2356 1940 2369 .
1974 2327 2135 2392 ergo
2165 2307 2232 2369 in
2263 2306 2557 2371 latebris
2587 2309 2686 2372 illi
2704 2358 2719 2381 ‚

474 2411 638 2476 feris
669 2429 838 2495 quas
869 2408 1251 2471 vitaverant
1278 2406 1407 2490 ipsi
1441 2405 1687 2469 similes
1708 2454 1724 2480 ‚
1754 2405 1919 2469 nudi
1947 2407 2575 2491 prosternebantur
2596 2456 2610 2471 .
2642 2416 2723 2471 ut

475 2512 800 2584 laterent,
829 2512 999 2592 puto
1018 2553 1033 2569 .
1061 2506 1259 2569 immo
1289 2514 1589 2568 noct-arno
1619 2513 1883 2589 tempore
1911 2506 2073 2590 capti
2091 2530 2112 2568 .·
2141 2503 2274 2571 hoc
2299 2503 2477 2567 enim
2504 2504 2721 2570 adici-

474 2622 587 2673 tur
609 2656 623 2671 .
671 2615 873 2691 atque
921 2603 1156 2668 eadem
1185 2609 1386 2666 nocte
1415 2601 1512 2664 illi
1538 2603 1743 2665 suibus
1757 2626 1952 2687 pares
1982 2603 2187 2667 domo
2214 2623 2427 2682 saxea
2457 2605 2723 2668 eiciun-

474 2717 586 2771 tur
615 2705 966 2790 Spumiyeri
992 2704 1118 2766 suis
1146 2703 1402 2766 adventu
1432 2701 1690 2764 validive
1719 2702 1904 2765 lemeis
1921 2749 1935 2764 .
1964 2722 2103 2764 non
2130 2702 2355 2786 potuit
2383 2702 2618 2767 bonus
2655 2714 2726 2767 et

475 2804 543 2866 in
574 2810 721 2866 arte
743 2799 1086 2887 perfectus
1109 2806 1318 2885 poeta
1339 2800 1512 2863 haec
1540 2806 1677 2861 tam
1709 2799 1915 2862 stulte
1940 2800 2342 2885 coniungere
2361 2848 2375 2863 .
2402 2794 2591 2866 ‘raro
2622 2802 2725 2866 la-

475 2901 686 2966 tebris
710 2901 1019 2963 vitabant
1042 2898 1221 2962 feras
1240 2945 1256 2973 ‚
1289 2904 1358 2961 et
1388 2898 1620 2961 suibus
1643 2898 1895 2962 similes
1924 2898 2089 2962 nudi
2120 2906 2188 2962 et
2210 2898 2588 2964 frondibus
2616 2900 2725 2964 in-

475 3000 688 3066 voluti
715 2998 1029 3063 iacebant
1057 3003 1258 3060 nocte
1290 2996 1472 3080 capti
1490 3044 1506 3074 ,
1532 3018 1737 3080 saepe
1767 3004 1993 3061 tamen
2023 2998 2160 3061 suis
2192 3006 2308 3061 aut
2336 2996 2565 3062 leonis
2596 2999 2723 3063 ad-

475 3108 683 3165 ventu
728 3096 950 3173 saxeis
994 3095 1193 3160 tectis
1239 3092 1570 3158 excedere
1615 3096 2034 3180 cogebantur
2051 3142 2065 3157 .
2085 3099 2099 3127 ’
2152 3095 2285 3158 iam
2326 3115 2498 3158 vero
2547 3096 2726 3160 illud

474 3199 655 3260 subus
677 3219 864 3282 pares
896 3196 1024 3259 alio
1055 3192 1311 3258 referre
1341 3199 1778 3277 temptemus,
1802 3192 2060 3257 seilicet
2082 3192 2169 3256 ad
2199 3193 2379 3256 vires
2413 3201 2485 3257 et
2516 3192 2724 3257 forti-

475 3293 775 3356 tudinem
803 3293 1167 3377 primorum
1195 3292 1608 3356 mortalium:
1640 3291 1869 3355 statim
1899 3291 2120 3354 omnia
2148 3291 2527 3355 rectissime
2552 3314 2721 3376 pro-

476 3391 724 3455 cedent
745 3391 880 3454 hoc
901 3390 1107 3453 modo
1126 3437 1140 3452 .
1166 3384 1429 3453 ‘multas
1458 3390 1640 3453 feras
1663 3390 2026 3454 vincebant
2042 3437 2057 3465 ,
2087 3410 2342 3473 paucas
2363 3390 2723 3465 vitabant,

476 3512 626 3554 cum
654 3510 740 3552 ne
769 3488 1117 3575 saetigeris
1149 3489 1380 3552 suibus
1412 3487 1682 3572 quidem
1726 3499 1783 3552 et
1823 3489 2091 3552 leonibus
2116 3489 2409 3573 impares
2440 3497 2687 3553 essent
2706 3538 2721 3552 .

479 3612 627 3654 cum
656 3600 855 3653 autem
882 3609 1022 3651 nox
1045 3588 1406 3675 ingruebat
1424 3635 1439 3663 ,
1476 3589 1544 3650 in
1575 3588 1738 3651 cavis
1767 3586 1931 3650 nudi
1962 3586 2499 3672 procumbebant
2518 3637 2537 3662 ‚
2584 3587 2721 3652 do-

475 3710 600 3752 nec
623 3687 762 3752 suis
785 3693 903 3750 aut
924 3686 1138 3751 leonis
1160 3693 1341 3779 metu
1366 3693 1867 3751 exterrerentur
1893 3685 2199 3749 cavernis
2223 3691 2292 3748 et
2317 3685 2663 3750 cubilibus
2688 3687 2723 3748 .’
2820 3724 2822 3729 ·

473 3785 644 3850 haec
660 3834 678 3865 ,
700 3786 973 3870 inquam
991 3835 1006 3860 ,
1027 3787 1198 3849 bene
1220 3785 1602 3871 procedunt
1618 3785 1783 3860 ‚sed
1807 3791 2094 3870 apparet
2116 3785 2485 3848 orationem
2508 3804 2724 3846 man-

478 3904 624 3947 cam
655 3904 840 3947 esse:
888 3882 1136 3948 desunt
1182 3885 1353 3948 enim
1396 3905 1477 3947 ea
1521 3904 1691 3968 quae
1737 3883 1867 3946 alio
1900 3882 2275 3967 scripturae
2304 3903 2560 3968 genere
2586 3904 2727 3945 no-

475 3981 616 4045 tavi
636 4028 654 4057 ,
697 3991 752 4044 et
790 3982 1058 4045 leonibus
1077 4031 1095 4063 ‚
1139 3983 1352 4046 deinde
1388 3993 1588 4045 autem
1614 3984 1681 4044 in
1710 3984 1986 4046 cavernis
2009 4029 2022 4042 .
2067 4001 2277 4064 porro
2312 4001 2618 4064 quonam
2648 3981 2733 4044 in

473 4081 628 4147 loeo
657 4079 829 4143 haec
860 4081 1155 4145 carmina
1186 4079 1497 4143 damnum
1526 4079 1813 4143 fecerint
1842 4079 2144 4143 ostendit
2179 4078 2291 4141 ille
2336 4078 2538 4141 unius
2574 4078 2730 4164 syl-

472 4178 669 4243 labae
699 4176 1004 4242 defectus
1035 4184 1193 4264 post
1218 4201 1403 4262 pares
1430 4178 1642 4241 subus.
1673 4198 1894 4262 neque
1922 4197 2086 4241 vero
2112 4176 2310 4241 deest
2339 4175 2526 4239 aliud
2555 4197 2732 4261 per-

472 4277 878 4342 turbationis
906 4276 1255 4340 indicium:
1286 4298 1440 4339 nam
1462 4281 1622 4362 post
1645 4297 1766 4340 sex
1787 4297 2025 4340 versus
2046 4276 2196 4340 loco
2220 4274 2446 4338 alieno
2470 4274 2732 4361 legun-

474 4381 583 4435 tur
612 4373 782 4435 haec
802 4422 815 4447 ‚
