2840 5008
468 367 612 435 244
1548 366 1649 433 VI

466 540 788 624 sanguine
808 588 823 615 ‚
849 546 917 603 et
944 538 1279 604 ulceribus
1312 539 1501 603 vocis
1530 538 1637 602 ‘via
1667 547 1903 625 saepta
1932 540 2185 616 coibat,

465 659 668 737 atque
699 653 892 715 animi
922 653 1249 737 interpres
1279 654 1590 718 manabat
1621 655 1848 739 lingua
1878 676 2149 732 cruore,

306 781 433 828 1150
466 764 810 849 debilitata
832 767 1023 829 malis
1043 816 1058 840 ‚
1082 774 1267 830 motu
1298 768 1523 852 gravis
1540 817 1556 844 ‚
1581 789 1822 853 aspera
1850 776 2036 833 tactu
2055 817 2069 831 .

428 925 439 936 .
470 878 625 943 inde
654 881 767 944 ubi
797 902 919 968 per
948 880 1179 943 fauces
1208 889 1448 964 pectus
1480 881 1847 966 complerat
1877 891 1945 947 et
1972 883 2187 969 ipsum

467 994 775 1057 morbida
803 994 905 1058 vis
934 994 1004 1057 in
1035 1016 1152 1057 cor
1180 1002 1504 1058 maestum
1535 994 1952 1060 confluxerat
1981 998 2195 1082 aegris
2215 1046 2231 1072 ‚

470 1108 687 1172 omnia
717 1116 855 1173 tum
883 1129 1047 1177 vero
1076 1108 1241 1172 vitai
1271 1108 1562 1171 claustra
1590 1108 1937 1174 lababant.

470 1221 744 1306 spiritus
775 1244 892 1287 ore
922 1222 1105 1286 foras
1139 1229 1425 1285 taetrum
1454 1222 1767 1305 volvebat
1796 1221 2105 1298 odorem,

309 1352 436 1397 1155
467 1336 743 1400 rancida
774 1358 906 1420 quo
938 1337 1245 1423 perolent
1274 1335 1577 1421 proiecta
1608 1334 1941 1400 cadavera
1968 1338 2132 1401 ritu.

472 1458 676 1534 atque
707 1450 902 1513 animi
933 1471 1245 1535 prorsum
1275 1458 1413 1514 tum
1443 1449 1621 1513 vires
1651 1451 1893 1527 totiuS‚
1918 1473 2112 1514 omne

471 1564 831 1649 languebat
860 1586 1106 1649 corpus
1127 1612 1140 1638 ‚
1161 1564 1278 1629 leti
1307 1564 1436 1626 iam
1465 1563 1683 1626 limine
1710 1564 1780 1626 in
1807 1565 1957 1649 ipso
1976 1614 1990 1628 .

473 1677 1131 1761 intolerabilibusque
1160 1678 1344 1740 malis
1376 1684 1521 1740 erat
1550 1678 1786 1741 anxius
1818 1700 2030 1763 angor

450 1789 754 1854 adsidue
786 1812 1007 1855 comes
1040 1800 1107 1855 et
1134 1791 1381 1876 gemitu
1412 1792 1766 1855 commixta
1796 1791 2092 1876 querella
2112 1841 2126 1855 .

314 1919 442 1966 1160
473 1905 933 1989 singultusque
962 1891 1279 1990 frequens
1308 1913 1574 1969 noctem
1604 1927 1727 1990 per
1756 1926 1958 1992 saepe
1991 1904 2301 1991 diemque

478 2019 814 2104 corripere
845 2018 1127 2082 adsidue
1158 2041 1406 2085 nervos
1441 2028 1508 2084 et
1536 2021 1832 2083 membra
1861 2027 2177 2083 coactans

477 2131 890 2197 dissoluebat
921 2155 1036 2197 eos
1056 2183 1071 2209 ‚
1095 2133 1398 2198 defessos
1431 2133 1955 2218 ante,fatigans.

474 2269 600 2310 nec
629 2248 827 2312 nimio
861 2249 1167 2333 cuiquam
1197 2270 1437 2333 posses
1468 2246 1712 2312 ardore
1743 2249 1915 2312 tueri

476 2364 780 2450 corporis
809 2364 878 2426 in
908 2384 1162 2426 summo
1193 2383 1510 2425 summam
1539 2362 1918 2426 fervescere
1948 2369 2233 2448 partem,

318 2491 445 2538 1165
476 2476 599 2540 sed
627 2478 852 2565 potius
883 2475 1181 2562 tepidum
1210 2476 1516 2542 manibus
1547 2497 1930 2563 proponere
1958 2483 2211 2541 tactum

480 2600 547 2655 et
576 2593 767 2656 simul
795 2592 1129 2656 ulceribus
1162 2593 1353 2676 quasi
1379 2592 1618 2656 inustis
1649 2613 1839 2655 omne
1869 2593 2111 2655 rubere

481 2728 724 2790 corpus
744 2755 759 2780 ,
780 2714 855 2769 ut
886 2713 989 2771 est
1017 2726 1137 2792 per
1167 2707 1462 2770 membra
1490 2728 1681 2771 sacer
1714 2705 1869 2769 dum
1902 2704 2154 2769 diditur
2184 2706 2383 2791 ignis,

479 2820 707 2884 intima
734 2841 892 2905 pars
922 2820 1260 2883 hominum
1291 2842 1453 2884 vero
1482 2820 1812 2905 flagrabat
1841 2820 1930 2883 ad
1961 2800 2144 2896 ossa,

479 2935 807 3019 flagrabat
836 2934 1181 2998 stomacho
1212 2933 1475 2999 flamma
1501 2944 1579 2999 ut
1605 2935 1990 2999 fornacibus
2018 2934 2197 2998 intus
2214 2983 2230 2996 .

320 3065 448 3112 1170
477 3049 571 3112 nil
600 3048 769 3113 adeo
799 3069 1037 3134 posses
1069 3048 1375 3134 cuiquam
1402 3050 1549 3113 leve
1579 3057 1912 3133 tenveque
1940 3049 2250 3112 membris

481 3170 743 3227 vertere
770 3164 838 3226 in
868 3163 1217 3227 utilitatem
1238 3212 1252 3237 ‚
1276 3169 1346 3226 at
1375 3171 1646 3227 ventum
1678 3170 1745 3226 et
1771 3162 2023 3247 frigora
2050 3184 2313 3248 semper
2331 3213 2346 3227 .

482 3278 550 3340 in
579 3277 817 3343 fluvios
847 3278 1086 3366 partim
1117 3276 1378 3362 gelidos
1410 3276 1718 3341 ardentia
1746 3278 1981 3340 morbo

480 3394 774 3456 membra
804 3392 1088 3466 dabant,
1111 3391 1362 3455 nudum
1391 3392 1707 3456 iacientes
1739 3412 1986 3478 corpus
2015 3392 2082 3454 in
2110 3390 2358 3456 undas.

322 3522 451 3569 1178
481 3506 668 3570 multi
696 3506 1096 3593 praecipites
1126 3505 1417 3591 lymphis
1448 3506 1829 3590 putealibus
1860 3506 1992 3569 alte

324 3638 452 3685 1174
480 3620 891 3695 inciderunt,
917 3620 1064 3705 ipso
1097 3620 1443 3686 venientes
1474 3642 1590 3684 ore
1622 3628 1926 3706 patente:

482 3735 935 3801 insedabiliter
965 3736 1108 3801 sitis
1138 3734 1327 3806 arida
1346 3784 1359 3810 ‚
1384 3756 1674 3820 corpora
1701 3749 2000 3797 mersans
2018 3783 2033 3808 ,

485 3851 819 3933 aequabat
847 3851 1119 3914 multum
1149 3849 1374 3935 parvis
1403 3848 1747 3911 umoribus
1776 3848 2081 3912 imbrem.

495 4167 625 4213 1148
661 4161 922 4215 viceribus
981 4161 999 4230 ΙΙ
1062 4163 1268 4215 coibet.
1325 4162 1348 4232 ΙΙ
1413 4170 1539 4216 1150
1577 4169 1744 4217 tacta.
1806 4163 1826 4232 ΙΙ
1894 4169 2021 4216 1153
2060 4169 2168 4215 tum
2204 4164 2304 4216 bis.
2378 4161 2399 4233 ΙΙ
2479 4170 2607 4216 1156
2641 4170 2737 4216 tum

490 4253 755 4299 omissum.
794 4245 814 4314 ΙΙ
873 4250 1001 4296 1165
1041 4245 1205 4297 totius
1242 4246 1262 4313 ΙΙ
1303 4252 1433 4300 1166
1473 4247 1735 4301 viceribus
1771 4247 1790 4314 ΙΙ
1839 4252 1964 4299 1167
2003 4247 2053 4299 vi
2092 4254 2174 4299 est
2208 4245 2228 4313 ΙΙ
2274 4252 2399 4297 1171
2433 4245 2690 4302 ’Verterat
2721 4242 2740 4311 ΙΙ

491 4328 696 4399 frigore
732 4327 753 4396 ΙΙ
794 4333 924 4381 1178
961 4328 1207 4398 nymphis
