2840 5008
469 397 558 463 54
1399 421 1405 427 ·
1562 399 1624 465 ΙΙ

258 616 267 627 ,
323 584 419 629 415
463 569 532 631 in
563 590 758 632 nares
786 569 1160 645 hominum,
1184 591 1333 633 cum
1360 577 1579 634 taetra
1608 569 1936 634 cadavera
1963 578 2250 644 torrent,

469 691 538 746 et
567 705 714 745 cum
747 705 949 747 scena
979 706 1179 747 croco
1212 683 1394 747 Cilici
1419 685 1696 771 perfusa
1722 706 1957 748 recens
1990 693 2094 748 est

471 818 718 881 araque
746 798 1142 862 Panchaeos
1175 798 1446 862 exhalat
1472 811 1751 886 propter
1781 799 2056 875 odores3

471 933 642 975 neve
669 913 888 977 bonos
916 935 1138 976 rerum
1167 915 1354 977 simili
1387 926 1696 977 constare
1727 914 1990 978 colores

473 1027 719 1090 semine
750 1029 1122 1092 constituas
1141 1078 1156 1104 ‚
1180 1026 1412 1092 oculos
1443 1030 1557 1113 qui
1583 1049 1861 1112 pascere
1889 1035 2203 1112 possunt,

330 1156 426 1202 420
472 1148 538 1203 et
568 1142 680 1224 qui
710 1152 1150 1227 conpungunt
1179 1143 1384 1206 aciem
1411 1143 1890 1227 lacrimareque
1921 1150 2170 1227 cogunt

475 1262 590 1318 aut
616 1254 819 1319 foeda
850 1258 1072 1340 specie
1103 1255 1228 1319 diri
1258 1266 1624 1343 turpesque
1658 1256 1997 1320 videntur.

477 1370 688 1432 omnis
720 1370 890 1431 enim
908 1419 923 1445 ‚
948 1391 1189 1432 sensus
1219 1391 1391 1454 quae
1420 1371 1666 1434 mulcet
1695 1391 1977 1454 cumque
1999 1417 2014 1446 ,
2033 1370 2245 1455 figura

477 1483 643 1546 haut
674 1483 816 1545 sine
846 1483 1213 1567 principiali
1243 1484 1466 1567 aliquo
1494 1486 1722 1548 levore
1754 1493 2071 1548 creatast:

482 1605 553 1659 at
582 1604 817 1659 contra
846 1618 1017 1681 quae
1049 1619 1330 1682 cumque
1360 1598 1641 1661 molesta
1669 1606 1873 1682 atque
1904 1619 2144 1682 aspera
2173 1605 2469 1672 constat,

341 1727 438 1771 425
482 1732 618 1773 non
650 1711 870 1794 aliquo
903 1712 1044 1774 s‘ine
1075 1713 1387 1775 materiae
1420 1712 1736 1796 squalore
1764 1719 2127 1795 repertast,

486 1831 643 1887 sunt
672 1825 866 1887 etiam
900 1847 1071 1909 quae
1098 1828 1227 1890 iam
1257 1847 1380 1889 nec
1408 1827 1582 1890 levia
1607 1827 1749 1889 iure
1778 1832 2101 1911 putantur

490 1960 637 2001 esse
668 1960 886 2023 neque
917 1942 1182 2005 omnino
1214 1941 1403 2004 flexis
1433 1941 1859 2004 mucronibus
1888 1961 2088 2013 unca,

488 2052 610 2117 sed
639 2054 845 2138 magis
875 2056 1151 2141 angellis
1180 2057 1449 2143 paulum
1477 2055 1940 2141 prostantibu’‚
1972 2075 2277 2139 quaeque

488 2168 754 2231 titillare
786 2171 991 2254 magis
1023 2192 1260 2234 sensus
1291 2192 1490 2255 quam
1519 2167 1786 2232 laedere
1813 2176 2125 2264 possunt3

347 2299 446 2344 430
490 2282 707 2345 fecula
733 2284 861 2345 iam
894 2305 1028 2368 quo
1061 2284 1145 2347 de
1174 2306 1418 2370 genere
1451 2294 1555 2347 est
1581 2284 1936 2368 inulaeque
1966 2304 2272 2367 sapores,

494 2395 782 2481 denique
810 2393 953 2460 iam’
968 2397 1222 2462 calidos
1251 2400 1420 2485 ignis
1450 2398 1868 2484 gelidamque
1896 2398 2197 2481 pruinam

497 2512 795 2576 dissimili
828 2512 1103 2578 dentata
1131 2514 1332 2578 modo
1365 2534 1793 2600 conpungere
1824 2534 2061 2576 sensus

497 2628 796 2712 corporis
815 2677 830 2703 ‚
853 2628 1098 2693 indicio
1126 2629 1323 2692 nobis
1354 2637 1456 2693 est
1487 2636 1708 2692 tactus
1737 2636 2020 2712 uterque
2039 2677 2052 2689 .

497 2748 719 2805 tactus
752 2743 920 2804 enim
941 2792 956 2818 ‚
979 2751 1198 2808 tactus
1216 2793 1231 2818 ‚
1253 2766 1378 2830 pro
1399 2792 1414 2817 ‚
1442 2743 1666 2807 divum
1695 2742 1962 2805 numina
1991 2748 2252 2815 sancta,

354 2872 451 2918 435
498 2857 802 2941 corporis
832 2865 936 2920 est
964 2880 1201 2922 sensus
1220 2909 1235 2935 ‚
1258 2858 1366 2923 vel
1395 2881 1543 2921 cu1n
1572 2878 1682 2920 res
1714 2864 1943 2920 extera
1974 2877 2123 2919 sese

498 2970 823 3046 insinuat,
847 2972 954 3034 vel
986 2995 1131 3035 cum
1161 2972 1365 3037 laedit
1395 2947 1567 3057 quae
1596 2973 1665 3034 in
1697 2992 1979 3055 corpore
2009 2977 2236 3033 natast

501 3092 615 3148 aut
642 3087 827 3148 iuvat
857 3086 1205 3172 egrediens
1235 3088 1540 3173 genitalis
1568 3108 1691 3170 per
1719 3085 2006 3150 Veneris
2034 3106 2173 3148 res.

501 3209 703 3284 atque
737 3222 819 3263 ex
851 3201 1105 3265 offensu
1137 3225 1285 3266 cum
1314 3204 1591 3266 turbant
1621 3222 1905 3286 corpore
1933 3200 2000 3261 in
2028 3199 2180 3283 ipso

508 3318 755 3381 semina
775 3365 789 3391 ‚
814 3316 1235 3380 confundunt
1260 3318 1436 3381 inter
1466 3339 1539 3381 se
1571 3316 1832 3380 concita
1860 3334 2156 3387 sensum3

364 3449 461 3495 440
505 3442 582 3496 ut
611 3433 666 3499 si
696 3436 869 3498 forte
899 3453 1097 3494 manu
1128 3433 1429 3515 quamvis
1456 3434 1585 3495 iam
1617 3429 1920 3514 corporis
1947 3429 2091 3515 ipse

506 3560 649 3617 tute
680 3548 796 3616 tibi
826 3552 1084 3629 partem
1113 3544 1313 3607 ferias
1343 3554 1546 3629 atque
1578 3543 1952 3628 experiare.
1980 3537 1991 3549 ⁹

510 3690 642 3753 qua
671 3672 951 3753 propter
977 3661 1175 3745 longe
1204 3660 1453 3722 formas
1485 3659 1734 3722 distare
1763 3664 2108 3720 necessest

508 3781 849 3867 principiis
869 3828 883 3854 ,
907 3777 1129 3841 varios
1162 3795 1331 3859 quae
1360 3775 1631 3862 possint
1661 3772 1861 3835 edere
1892 3792 2158 3833 sensus.

594 3896 900 3978 Denique
932 3912 1102 3975 quae
1134 3890 1329 3953 nobis
1362 3889 1604 3953 durata
1634 3910 1711 3951 ac
1742 3887 1961 3972 spissa
1988 3883 2300 3948 videntur
2319 3931 2334 3956 ‚

552 4097 917 4106 ,m-———-

522 4218 615 4263 421
657 4209 710 4260 di
759 4208 777 4275 ΙΙ
825 4213 922 4258 422
962 4207 1230 4260 videntur.
1280 4206 1298 4274 Η
1348 4210 1443 4255 423
1485 4205 1596 4255 Aut
1631 4202 1650 4270 ΙΙ
1689 4200 1888 4251 levioie
1926 4198 1945 4266 ΙΙ
1981 4204 2077 4249 427
2120 4211 2379 4263 uncaque.
2417 4195 2435 4259 ΙΙ
2475 4200 2582 4245 428
2623 4210 2782 4264 ange-

522 4296 602 4348 liis
661 4294 681 4362 ΙΙ
735 4308 970 4360 quaeque
1006 4297 1271 4344 omissum.
1324 4289 1343 4356 ΙΙ
1400 4294 1499 4338 429
1539 4284 1782 4337 'litiliare
1827 4283 1853 4350 ΙΙ
1900 4288 1998 4333 430
2035 4279 2178 4391 quod
2224 4278 2244 4346 ΙΙ
2293 4277 2572 4344 inviaeque
2622 4277 2643 4344 Η
2693 4282 2782 4327 437

522 4377 769 4446 grediens
807 4376 826 4444 Η
868 4381 965 4427 438
1006 4375 1112 4426 Α111
