2840 5008
449 357 590 425 216
1529 358 1630 429 VI

446 532 696 596 semina
725 541 1134 598 concurrunt
1163 533 1358 598 calidi
1387 532 1666 621 fulgoris
1696 534 1784 599 ad
1813 530 2064 600 ictum(

447 648 544 710 sic
573 647 773 732 igitur
806 670 1075 733 quoque
1105 670 1214 713 res
1245 650 1523 714 accendi
1551 626 1820 715 fulmine
1850 650 2086 725 debet,

449 770 830 848 opportuna
856 762 980 827 fuit
1008 765 1065 827 si
1092 763 1267 827 forte
1299 774 1367 829 et
1394 765 1641 829 idonea
1667 766 1969 833 flammis,
2087 762 2100 767 ’

447 897 572 939 nec
601 884 847 941 temere
877 879 1142 943 omnino
1172 880 1369 966 plane
1398 882 1499 944 vis
1529 881 1771 967 frigida
1799 881 1984 945 venti

304 1008 401 1056 320
448 1012 593 1055 esse
624 1000 852 1077 potest
870 1043 885 1069 ‚
910 1015 988 1058 ea
1019 1015 1191 1080 quae
1223 1002 1413 1060 tanta
1441 996 1508 1059 vi
1535 997 1737 1060 missa
1765 1004 2147 1082 supernest‚

450 1108 608 1192 quin
627 1156 642 1184 ‚
662 1109 850 1194 prius
878 1109 946 1172 in
977 1131 1178 1173 cursu
1208 1110 1261 1173 si
1292 1132 1429 1174 non
1459 1110 2036 1218 accenditur-igni,

447 1230 519 1285 at
547 1223 882 1309 tepefacta
911 1232 1132 1289 tamen
1162 1227 1384 1290 veniat
1414 1226 1768 1290 commixta
1799 1225 2019 1290 calore
2037 1275 2050 1288 .

532 1338 871 1404 Mobilitas
902 1348 1122 1404 autem
1151 1340 1226 1404 fit
1254 1339 1541 1404 fulminis
1574 1348 1638 1404 et
1666 1341 1886 1426 gravis
1917 1341 2089 1405 ictus
2107 1390 2122 1417 ‚

452 1462 519 1517 et
548 1454 746 1518 celeri
776 1454 983 1517 ferme
1012 1465 1412 1541 percurrunt
1440 1455 1713 1519 fulmina
1739 1455 1961 1540 lapsu,

304 1584 400 1630 325
444 1569 731 1632 nubibus
761 1569 908 1654 ipsa
939 1569 1125 1654 quod
1156 1570 1420 1634 omnino
1453 1570 1636 1655 prius
1664 1571 1870 1635 incita
1899 1592 1970 1634 se
1999 1572 2102 1634 vis

448 1683 698 1769 colligit
729 1693 796 1748 et
824 1706 1130 1770 magnum
1161 1707 1484 1749 conamen
1515 1686 1714 1749 sumit
1743 1685 1970 1760 eundi,

447 1797 607 1861 inde
635 1799 749 1862 ubi
777 1820 910 1863 non
944 1800 1165 1886 potuit
1193 1802 1406 1866 nubes
1438 1821 1681 1886 capere
1708 1801 1952 1886 inpetis
1984 1808 2247 1864 auctum
2266 1848 2280 1874 ‚

452 1913 841 1998 exprimitur
870 1916 968 1978 vis
1001 1923 1202 2000 atque
1231 1914 1383 1978 ideo
1416 1916 1606 1979 volat
1632 1916 1875 1999 impete
1905 1916 2069 1978 miro
2088 1965 2103 1990 ‚

449 2036 525 2091 ut
555 2027 789 2092 validis
822 2051 993 2113 quae
1024 2029 1108 2093 de
1138 2031 1489 2095 tormentis
1518 2030 1719 2094 missa
1747 2029 2054 2093 feruntur
2078 2077 2091 2091 .

307 2157 403 2205 330
447 2141 626 2206 adde
656 2143 841 2228 quod
875 2166 909 2207 e
938 2146 1165 2231 parvis
1197 2154 1264 2209 et
1292 2145 1550 2209 levibus
1583 2152 1686 2208 est
1717 2144 2085 2218 elementiS‚

448 2279 574 2321 nec
603 2259 862 2323 facilest
894 2261 1007 2324 tali
1036 2269 1313 2324 naturae
1345 2260 1675 2344 opsistere
1707 2258 2091 2344 quicquam:

449 2374 622 2438 inter
654 2376 826 2438 enim
853 2375 1024 2461 fugit
1052 2396 1130 2439 ac
1159 2383 1472 2460 penetrat
1500 2396 1623 2460 per
1651 2396 1803 2439 rara
1832 2375 2086 2438 viarum
2104 2421 2119 2449 ‚

448 2511 585 2553 non
614 2489 815 2576 igitur
843 2490 1064 2554 multis
1096 2489 1459 2556 offensibus
1487 2490 1556 2555 in
1585 2487 1986 2556 remorando

450 2604 772 2680 haesitat,
794 2605 968 2669 hanc
1000 2607 1086 2671 ob
1116 2628 1256 2670 rem
1287 2606 1487 2670 celeri
1514 2607 1701 2670 volat
1727 2606 1973 2691 impete
2002 2605 2264 2700 labenS.

308 2735 404 2782 335
449 2718 625 2783 adde
658 2720 842 2805 quod
874 2718 1139 2785 omnino
1174 2730 1410 2785 natura
1439 2719 1745 2807 pondera
1776 2719 2086 2783 deorsum

453 2835 673 2899 om'nia
700 2835 1033 2915 nituntur,
1058 2858 1203 2899 cum
1235 2837 1500 2923 plagast
1529 2834 1763 2899 addita
1793 2855 1986 2908 ver0,

450 2950 784 3013 mobilitas
816 2948 1193 3035 duplicatur
1225 2960 1292 3015 et
1318 2952 1606 3035 impetus
1634 2951 1744 3014 ille
1774 2949 2137 3035 gravescit,

452 3073 530 3129 ut
556 3065 924 3129 vementius
956 3075 1023 3130 et
1052 3067 1242 3130 citius
1273 3088 1446 3151 quae
1477 3086 1759 3151 cumque
1788 3072 2132 3129 morantur

454 3180 652 3243 obvia
682 3179 996 3245 discutiat
1026 3181 1238 3267 pla-gis
1269 3183 1597 3265 itinerque
1628 3186 1977 3265 sequatur.

311 3311 407 3358 340
453 3293 740 3380 denique
773 3295 956 3381 quod
985 3296 1187 3382 longo
1218 3297 1402 3361 venit
1428 3296 1676 3382 impete
1697 3343 1711 3370 ‚
1733 3314 1993 3370 sumere
2024 3284 2229 3356 debet

402 3423 406 3428 ’
450 3410 881 3475 mobilitatem
913 3412 1108 3475 etiam
1138 3419 1340 3496 atque
1373 3411 1568 3474 etiam
1588 3459 1603 3486 ‚
1629 3432 1801 3495 quae
1832 3408 2074 3473 crescit
2105 3406 2327 3471 eundo

453 3533 521 3589 et
548 3525 805 3590 validas
835 3535 1037 3612 auget
1064 3526 1223 3591 viris
1257 3534 1323 3589 et
1351 3527 1633 3589 roborat
1660 3525 1890 3588 ictum:

451 3662 602 3705 nam
632 3640 795 3705 facit
821 3649 899 3706 ut
929 3663 1102 3728 quae
1132 3642 1264 3705 sint
1290 3639 1466 3705 illius
1497 3641 1747 3704 semina
1777 3659 2057 3722 cumque

453 3778 490 3819 e
517 3757 789 3841 regione
819 3757 1034 3821 locum
1066 3757 1259 3843 quasi
1286 3757 1353 3820 in
1382 3777 1587 3819 unum
1612 3763 1854 3819 cuncta
1880 3753 2211 3828 ferantur,

310 3888 407 3935 345
455 3870 674 3934 omnia
703 3871 1035 3936 coniciens
1064 3872 1132 3934 in
1164 3894 1311 3935 eum
1341 3870 1684 3936 volventia
1713 3892 2008 3934 cursum.

459 4191 558 4237 318
595 4184 849 4237 indoneat
884 4187 905 4254 ΙΙ
950 4192 1048 4237 320
1088 4204 1153 4238 ex
1191 4194 1544 4256 quae‘tautau
1603 4185 1624 4254 ΙΙ
1687 4192 1781 4237 321
1823 4201 2011 4236 cursus
2049 4199 2158 4235 non
2217 4180 2238 4249 ΙΙ
2303 4186 2403 4231 322
2443 4179 2654 4233 colore.

458 4273 555 4320 323
594 4268 861 4328 Nobilitas
915 4269 936 4336 ΙΙ
991 4273 1089 4320 324
1127 4271 1204 4326 At
1239 4273 1259 4338 ΙΙ
1300 4278 1523 4340 percunt
1559 4270 1579 4337 ΙΙ
1617 4275 1712 4321 335
1751 4266 1963 4321 Deinde
1998 4264 2017 4335 ΙΙ
2057 4264 2297 4318 deorum.
2356 4263 2377 4334 ΙΙ
2427 4268 2525 4315 336
2563 4264 2707 4334 plaga

458 4354 502 4404 si
541 4353 563 4420 ΙΙ
601 4358 698 4405 344
735 4353 1007 4421 regionem
