2840 5008
1215 397 1278 465 11
1660 415 1667 423 ·
2047 361 2076 412 ²
2217 395 2349 464 105
2403 415 2406 422 ·

130 573 326 660 paulo
360 579 530 636 ante
560 572 682 635 479
712 578 994 655 uterque
1024 570 1208 634 dimac
1234 619 1247 633 .
1280 569 1406 635 sed
1436 568 1757 638 credibile
1785 590 1924 634 non
1953 577 2060 635 est
2086 575 2356 655 poetam

131 682 260 736 tam
283 692 507 756 parvo
533 668 889 734 intervallo
921 667 1195 732 eosdem
1217 689 1457 732 versus
1480 668 1721 733 iterum
1747 688 1999 753 ponere
2025 668 2319 733 voluisse
2341 713 2355 732 .

132 778 490 855 praeterea
523 768 710 852 q'uod
739 767 850 830 hic
881 765 1085 831 docet
1110 765 1410 830 eiusdem
1431 765 1689 831 formae
1709 765 2080 851 primordia
2099 768 2359 831 infinita

130 888 406 932 numero
441 888 597 931 esse
620 913 635 942 ‚
666 866 843 931 idem
873 865 1077 952 paulo
1107 872 1269 953 post
1296 865 1541 928 iterum
1573 866 1923 929 exorditur
1945 911 1961 940 ,
2004 865 2126 928 529
2156 867 2357 930 Proti-

131 989 238 1028 nm
265 967 583 1029 ostendam
597 990 622 1047 ,-
645 964 730 1029 de
762 985 897 1048 quo
922 963 1160 1048 nequis
1185 962 1496 1028 dubitare
1518 964 1770 1048 possit,
1791 986 1866 1028 re
1897 963 2361 1028 demonstrata

134 1063 374 1128 subicit
396 1062 525 1126 567
552 1063 704 1127 Esse
722 1064 909 1147 ἐρίων
931 1084 1151 1147 ywere
1176 1063 1244 1125 in
1271 1063 1480 1148 quovis
1495 1062 1850 1147 primordia
1877 1084 2085 1126 rerum
2108 1063 2358 1151 Infinita

126 1162 335 1245 palam
364 1171 455 1223 est
492 1208 507 1223 .
554 1160 786 1245 itaque
816 1167 1102 1245 apparet
1139 1207 1157 1235 ‚
1203 1160 1261 1223 si
1300 1158 1584 1224 formam
1629 1166 1698 1224 et
1735 1160 2002 1223 vincula
2030 1160 2357 1225 orationis

135 1257 573 1342 respiciamus
608 1304 623 1333 ‚
665 1265 781 1321 aut
815 1258 946 1322 hos
975 1265 1236 1341 septem
1262 1278 1503 1322 versus
1534 1278 1892 1341 superesse
1922 1265 2040 1322 aut
2067 1264 2210 1323 tres
2243 1261 2360 1343 qui

136 1354 256 1418 hos
284 1362 620 1420 secuntur
654 1403 669 1419 .
714 1363 786 1419 at
812 1355 887 1419 hi
917 1363 1173 1440 septem
1204 1347 1443 1420 versus
1472 1376 1724 1419 novum
1753 1363 1821 1420 et
1848 1356 2231 1439 primarium
2262 1357 2360 1421 rei

139 1460 600 1538 argumentum
632 1454 981 1518 continent
1016 1476 1030 1516 z
1082 1454 1195 1537 qui
1222 1452 1351 1517 hos
1383 1460 1700 1517 secuntur
1730 1501 1745 1527 ‚
1787 1474 1826 1516 a
1858 1451 2211 1519 Gassendo
2235 1503 2250 1532 ‚
2281 1463 2359 1519 ut

142 1548 502 1615 Creechius
548 1552 939 1636 observavit
965 1597 980 1626 ‚
1023 1551 1482 1636 praetermissi
1511 1598 1528 1626 ‚
1569 1550 1785 1637 ipsam
1824 1573 1965 1615 rem
2008 1574 2148 1615 non
2194 1554 2360 1618 satis

90 1649 93 1652 ’
141 1650 488 1734 perspicue
532 1649 910 1733 expositam
948 1648 1268 1713 exhibent
1301 1696 1316 1722 ,
1362 1647 1447 1710 in·
1483 1669 1617 1732 qua
1652 1672 1944 1734 yenemmn
1981 1652 2360 1736 singulorum

145 1745 540 1830 significatio
573 1746 930 1832 praeteriri
958 1767 1095 1810 non
1142 1745 1377 1812 debuit
1407 1795 1422 1810 .
1464 1747 1721 1811 scilicet
1766 1747 2175 1813 xafl'c‘exe‘ncrun
2219 1773 2362 1836 εχκ-

145 1842 369 1906 „Arcem
401 1843 629 1908 ἅπλῶς
660 1844 894 1930 ἄπειροί
925 1845 1069 1907 siem
1102 1844 1354 1917 ἄτομοι,
1378 1846 1508 1908 ταῖς
1540 1844 1613 1908 Δὲ
1645 1848 1962 1931 λωφοραῖο
1997 1847 2106 1933 οῨχ
2137 1847 2357 1912 ἅπλῶς

146 1938 365 2025 ἄπειροι
387 1991 400 2016 ,
426 1942 586 2006 AM&
617 1942 824 2006 ΜόΝοΝ
856 1941 1255 2026 ἂπερῐλκπτοι
1285 1964 1299 2004 :
1342 1941 1440 2005 sic
1468 1941 1804 2026 Epicurus
1832 1942 1903 2006 in
1930 1943 2252 2029 Diogenis
2282 1946 2360 2010 li·-

146 2036 260 2099 bro
289 2061 350 2113 x,
375 2038 456 2102 42
505 2088 518 2101 .
562 2039 772 2103 nihilo
803 2039 1020 2102 minus
1051 2059 1131 2102 ea
1161 2059 1335 2122 quae
1363 2059 1439 2101 re
1469 2040 1795 2122 probiora
1825 2048 1983 2104 sunt
2016 2090 2031 2116 ‚
2082 2050 2159 2106 ut
2189 2042 2329 2108 dixi
2349 2090 2363 2119 ‚

146 2154 444 2220 magnam
462 2137 727 2202 habent
749 2139 835 2203 ab
861 2136 1166 2201 oratione
1189 2136 1406 2201 minus
1430 2143 1588 2247 apte
1612 2157 1872 2202 conexa
1895 2137 2362 2204 offensionem

148 2230 363 2317 itaque
389 2236 830 2349 perspicuum
857 2235 948 2298 sit
972 2234 1360 2298 Lucretium
1394 2235 1683 2346 primum
1719 2234 1990 2319 quidem
2018 2236 2189 2300 istos
2219 2244 2361 2302 tres

150 2350 372 2397 versus
400 2336 628 2399 minus
658 2334 920 2398 curiose
951 2339 1321 2417 conceptos
1351 2332 1701 2418 posuisse3
1734 2354 1907 2417 quos
1943 2354 2092 2397 cum
2119 2342 2363 2419 postea

154 2431 560 2508 emendaret,
571 2433 689 2497 hic
712 2440 788 2496 ut
810 2432 968 2497 alibi
991 2430 1244 2494 factum
1267 2452 1415 2495 esse
1439 2439 1514 2495 ut
1536 2429 1626 2495 ad
1646 2431 1813 2495 illud
1834 2430 2329 2496 incommodum
2347 2481 2363 2509 ,

154 2528 324 2610 quod
354 2552 390 2594 e
418 2532 734 2597 versibus
764 2553 903 2595 non
933 2530 1277 2616 eleganter
1305 2530 1611 2615 repetitis
1643 2539 1949 2596 oreretur
1977 2578 1993 2605 ‚
2030 2552 2168 2594 non
2196 2532 2364 2596 satis

154 2627 530 2695 attenderet
550 2679 565 2693 .

305 2726 444 2792 529.
479 2728 591 2792 Vr:
608 2750 787 2792 Rsrn
806 2751 848 2792 u
864 2737 896 2792 s
929 2750 968 2791 o
985 2751 1017 2792 s
1033 2749 1238 2791 ‘rann
1255 2749 1362 2790 AM
1381 2773 1396 2789 .
1413 2725 1568 2790 Hoc
1592 2728 1750 2811 quia
1770 2726 1934 2792 ferri
1954 2749 2094 2792 non
2114 2735 2364 2813 potest,

156 2830 300 2905 apte
326 2822 652 2892 faciemus
680 2827 839 2892 PRo
855 2828 933 2891 'ri
950 2850 994 2890 N
1010 2849 1051 2891 n
1066 2849 1098 2890 s
1123 2875 1136 2888 .
1163 2845 1567 2910 quamquam
1586 2826 1650 2907 si
1671 2826 1778 2890 cui
1801 2847 2038 2890 versus
2058 2848 2233 2891 unus
2256 2828 2366 2892 vel

154 2918 370 3001 plures
400 2924 737 2988 excidisse
759 2924 1117 2989 videantur
1135 2971 1150 3000 ‚
1173 2944 1258 2987 ne
1279 2923 1414 2986 hoc
1441 2922 1711 3008 quidem
1732 2924 2177 3008 improbabile
2196 2973 2211 2987 .
2227 2925 2365 2989 hoc

156 3023 401 3085 tantum
431 3044 676 3087 cavere
705 3022 888 3086 volui
927 3070 942 3096 ‚
988 3023 1228 3107 nequis
1255 3021 1594 3086 inficetum
1623 3022 1893 3086 Marulli
1924 3030 2367 3087 commentum

157 3111 454 3184 laudaret
476 3169 492 3196 ‚
529 3141 663 3204 quo
703 3121 974 3206 scripsit
1011 3121 1189 3199 Quod
1213 3123 1501 3206 quoniam
1532 3121 1713 3185 docui
1731 3170 1749 3200 ‚
1767 3145 1940 3185 nwnc
1966 3123 2333 3207 suaviloquis
2347 3168 2365 3201 ,

159 3233 260 3295 aye
279 3259 296 3287 ‚
313 3220 544 3300 paucis
588 3218 865 3283 Versibus
906 3220 1213 3282 ostendam
1243 3267 1256 3280 .
1302 3217 1638 3282 editorum
1677 3218 1918 3283 fraude
1963 3240 2042 3282 ac
2083 3218 2371 3283 stultitia

161 3314 371 3377 evenit
397 3324 476 3379 ut
504 3316 972 3403 lexicographi
994 3317 1172 3380 scire
1201 3337 1338 3380 non
1375 3318 1722 3400 potuerint
1763 3339 1836 3381 se
1865 3317 2139 3383 Marulli
2165 3339 2368 3382 voca·

160 3404 373 3474 bulum
394 3460 410 3488 ,
439 3435 579 3478 non
608 3413 1081 3479 Lucretianum
1105 3462 1119 3488 ‚
1152 3415 1220 3477 in
1252 3413 1556 3479 ordinem
1585 3416 1890 3500 recipere
1915 3417 2336 3501 suaviloquum
2353 3464 2369 3479 .

313 3509 455 3575 531,
479 3510 853 3588 Unmqnn
886 3532 1252 3575 rno‘rnLo
1276 3559 1291 3575 .
1315 3510 1471 3577 Hoc
1504 3534 1700 3577 versu
1732 3514 2042 3578 Donatus
2072 3535 2233 3577 usus
2266 3519 2372 3577 est

164 3600 244 3663 ad
270 3603 742 3673 Phormionem
773 3609 1079 3673 Terentii
1108 3632 1150 3684 1,
1167 3609 1225 3684 4,
1243 3608 1326 3672 36
1347 3659 1361 3671 .

317 3705 454 3770 533.
497 3706 1161 3783 FECUNDAMQUE
1207 3729 1477 3771 MAGIS
1522 3727 1974 3771 NATURAM.
2004 3706 2372 3772 Lambinus

166 3815 429 3866 m1nus.

317 3900 454 3965 535.
500 3902 791 3966 Mun-m
833 3925 1072 3967 Licss‘r
1116 3925 1435 3966 GENERA
1478 3924 1665 3965 Essa
1711 3926 1792 3964 ln
1836 3924 1929 3964 Eo
1977 3947 1992 3965 .
2040 3901 2370 3967 Marullus

172 4009 355 4058 GENE
372 4020 463 4061 m:
490 4048 505 4074 ‚
529 4002 756 4064 nescio
783 4022 871 4064 an
891 4001 1147 4084 primus
1177 4049 1189 4063 .
1227 4008 1409 4064 certe
1433 3999 1761 4084 Forbiger
1778 4046 1794 4074 ,
1820 3998 1935 4084 qui
1956 3997 2089 4062 hoc
2106 3993 2371 4063 eomnes

173 4084 343 4154 editt.
371 4101 550 4159 vett)
569 4096 821 4162 habere
841 4097 1109 4172 scribit,
1137 4099 1360 4162 verbis
1377 4105 1652 4181 peccat,
1688 4096 2035 4162 Gerardus
2050 4097 2374 4161 tacendo:

171 4200 310 4248 nam
348 4190 415 4253 in
444 4193 711 4258 Veneta
755 4202 859 4259 est
894 4217 1172 4279 ymera,
1211 4215 1433 4278 neque
1476 4194 1671 4259 aliter
1703 4194 2035 4264 Avantius
2078 4201 2147 4255 et
2174 4192 2372 4272 Pius,

170 4276 848 4370 1demqueveronensi
865 4290 1264 4357 adscribunt
1276 4291 1790 4379 Havercampus
1807 4297 1878 4356 et
1891 4288 2374 4354 WakefielduS.

324 4384 458 4451 536.
496 4389 634 4455 ch
682 4414 718 4454 u
742 4414 781 4453 T
798 4414 819 4453 1
866 4412 959 4466 Qu
977 4390 1629 4455 ADR1PEnun1.Sic
1658 4401 1723 4453 ut
1750 4387 2083 4452 scribatur
2113 4406 2198 4448 an
2226 4388 2382 4450 sicut
