2840 5008
1177 372 1279 440 Vl

99 550 642 639 quandoquidem
670 548 876 613 semel
902 547 1157 611 institui
1189 545 1642 611 conscendere
1672 568 1938 638 currum

95 675 441 732 ventosum
472 679 541 730 et
570 672 832 729 certant
860 663 1242 748 plangentia
1268 663 1533 727 flamina
1559 685 1854 740 rursum3

97 805 255 868 quae
284 783 540 846 fuerint
556 830 570 857 ,
597 781 739 844 sine
758 829 774 855 ‚
795 779 1060 867 placato
1094 799 1423 843 conversa
1449 777 1703 843 furore.

169 897 415 962 Cetera
444 918 617 983 quae
646 896 791 960 fieri
816 896 886 958 in
915 895 1111 961 terris
1143 894 1464 979 caeloque
1493 901 1764 958 tuentur

93 1013 402 1078 mortales
422 1062 436 1089 ‚
459 1011 723 1100 pavidis
756 1033 901 1074 cum
931 1010 1231 1096 pendent
1257 1010 1571 1073 mentibu'
1606 1030 1839 1094 saepe,

91 1129 245 1192 haec
273 1128 536 1191 faciunt
564 1126 819 1190 animos
847 1126 1110 1189 humilis
1138 1123 1494 1188 formidine
1525 1123 1750 1189 divom

96 1243 589 1330 depressosque
619 1248 933 1326 premunt
961 1239 1050 1304 ad
1078 1246 1324 1305 terram
1351 1247 1718 1327 propterea
1749 1240 1934 1325 quod

90 1359 462 1443 ignorantia
493 1377 844 1420 causarum
874 1356 1179 1420 conferre
1212 1355 1490 1419 deorum

96 1474 262 1558 cogit
291 1472 388 1538 ad
415 1473 765 1558 imperium
789 1493 900 1534 res
931 1478 999 1535 et
1028 1470 1401 1536 concedere
1429 1491 1709 1555 regnum
1732 1519 1745 1533 .

95 1609 236 1651 nam
262 1589 441 1654 bene
476 1588 588 1672 qui
619 1585 913 1650 didicere
942 1585 1110 1650 deos
1142 1608 1445 1650 securum
1478 1606 1677 1670 agere
1707 1607 1970 1662 aevom,

95 1704 141 1765 si
166 1710 392 1767 tamen
420 1703 679 1766 interea
705 1702 1028 1766 mirantur
1060 1723 1194 1787 qua
1219 1702 1483 1765 ratione

101 1838 396 1903 quaeque
427 1817 570 1902 geri
597 1817 863 1902 possin-t
880 1866 895 1892 ‚
918 1817 1315 1904 praesertim
1342 1817 1544 1880 rebus
1573 1818 1643 1880 in
1670 1817 1797 1881 illis

97 1953 251 2015 quae
282 1954 533 2019 supera
564 1938 767 2017 caput
795 1931 1106 1996 aetheriis
1139 1939 1501 1996 cernuntur
1529 1932 1597 1994 in
1628 1932 1793 2008 oriS,

96 2069 315 2111 rursus
345 2049 417 2111 in
447 2047 760 2132 antiquas
788 2046 1170 2111 referuntur
1197 2047 1565 2132 religioniS‚

100 2168 156 2224 et
183 2162 492 2228 dominos
523 2163 694 2228 acris
727 2161 1111 2226 adsciscunt
1128 2210 1142 2236 ‚
1167 2162 1385 2226 omnia
1413 2182 1621 2247 posse

98 2298 251 2361 quos
281 2278 509 2342 miseri
539 2276 855 2352 credunt,
875 2278 1088 2362 ignari
1120 2275 1283 2361 quid
1315 2284 1518 2360 queat
1548 2297 1725 2352 esse,

102 2393 243 2476 quid
273 2398 574 2478 nequeat
592 2441 609 2468 ‚
627 2392 813 2456 finita
841 2399 1147 2479 potestas
1179 2390 1467 2476 denique
1499 2391 1739 2477 cuique

99 2528 214 2591 qua
241 2532 399 2573 nam
430 2511 517 2574 sit
544 2509 788 2573 rationi
817 2516 1020 2593 atque
1051 2508 1183 2572 alte
1211 2509 1538 2572 terminus
1567 2508 1884 2585 haerens3

101 2643 219 2706 quo
246 2627 462 2712 magis
495 2630 797 2689 errantes
828 2644 1029 2686 caeca
1055 2603 1317 2687 ratione
1343 2623 1682 2687 feruntur.

101 2757 251 2819 quae
279 2741 410 2804 nisi
437 2739 703 2824 respuis
735 2760 818 2802 ex
847 2739 1064 2802 animo
1094 2740 1428 2824 longeque
1456 2739 1739 2803 remittis

100 2849 188 2914 dis
214 2853 492 2940 indigna
520 2862 761 2940 putare
793 2854 1139 2939 alienaque
1168 2855 1355 2940 pacis
1388 2875 1645 2929 eorum,

103 2962 376 3034 delibata
408 2970 607 3033 deum
634 2991 758 3055 per
787 2977 857 3033 te
884 2970 1003 3034 tibi
1031 2970 1302 3033 numina
1330 2977 1565 3033 sancta

99 3100 280 3168 saepe
309 3087 635 3160 oberunt3
657 3105 795 3147 non
828 3105 961 3168 quo
992 3084 1230 3149 violari
1259 3106 1514 3147 summa
1545 3082 1740 3148 deum
1768 3085 1868 3147 vis

98 3200 293 3276 possit
311 3250 325 3276 ‚
349 3208 427 3263 ut
458 3222 541 3262 ex
568 3199 670 3281 ira
697 3220 953 3284 poenas
980 3207 1215 3284 petere
1241 3200 1500 3263 inbibat
1524 3200 1729 3275 acriS‚
1785 3183 1792 3188 ’

102 3310 205 3373 sed
236 3316 389 3399 quia
418 3321 563 3377 tute
592 3314 713 3377 tibi
738 3313 1007 3399 placida
1037 3336 1184 3378 cum
1212 3335 1380 3401 pace
1413 3315 1674 3398 quietos

102 3431 447 3493 constitues
477 3449 756 3513 magnos
784 3430 1029 3493 irarum
1056 3430 1331 3494 volvere
1358 3429 1601 3492 fluctus
1620 3478 1636 3504 ‚

57 3568 60 3584 ·
102 3558 206 3603 nec
234 3543 514 3609 delubra
544 3543 742 3607 deum
769 3542 1036 3629 placido
1069 3566 1214 3614 cum
1244 3551 1522 3629 pectore
1554 3542 1799 3618 adibis,

99 3673 205 3718 nec
233 3658 313 3723 de
343 3680 634 3745 corpore
665 3681 837 3744 quae
867 3665 1102 3723 sancto
1134 3659 1486 3723 simulacra
1512 3657 1818 3722 feruntur

100 3764 157 3829 in
179 3784 424 3839 mentes
452 3775 795 3838 hominum
826 3773 1088 3839 divinae
1117 3775 1350 3839 nuntia
1377 3773 1632 3840 formae
1652 3821 1666 3848 ‚

2215 375 2354 443 207

110 4115 159 4161 47
191 4115 437 4190 insignem
475 4119 495 4191 ΙΙ
535 4127 600 4172 48
626 4120 928 4172 Ventorum
956 4119 1183 4171 exirtant
1206 4118 1485 4189 placentur
1510 4119 1684 4170 omnia
1720 4119 1739 4187 Η
1776 4123 1841 4169 49
1880 4119 1987 4170 sint
2022 4118 2041 4187 ΙΙ
2080 4117 2286 4169 favore.
2316 4117 2335 4184 ΙΙ

109 4197 156 4244 51
188 4206 443 4258 montibus
492 4203 512 4273 ΙΙ
552 4210 615 4255 52
641 4202 716 4257 Et
755 4204 774 4273 ΙΙ
812 4209 875 4255 56
899 4210 958 4255 57
979 4227 1048 4246 =
1067 4208 1130 4254 90
1151 4209 1212 4254 91
1254 4204 1274 4270 ΙΙ
1314 4208 1375 4253 63
1402 4201 1683 4270 adciscunt
1708 4202 1726 4270 Η
1755 4206 1818 4253 64
1845 4203 2052 4254 miseris
2079 4202 2098 4270 ΙΙ
2127 4206 2191 4251 68
2216 4200 2333 4249 1011-

109 4276 239 4347 gique
269 4289 486 4344 remitti.
527 4288 547 4357 ΙΙ
587 4294 646 4340 71
679 4287 908 4340 oderunt
934 4286 954 4355 ΙΙ
980 4284 1193 4338 violaris
1231 4287 1249 4355 ΙΙ
1289 4292 1353 4337 72
1380 4286 1460 4338 ire
1496 4283 1516 4356 ΙΙ
1556 4292 1618 4338 73
1658 4286 1892 4356 quietus.
1930 4286 1951 4356 ΙΙ
1990 4292 2052 4336 74
2089 4284 2273 4334 fletus..
2311 4280 2330 4345 ΙΙ

110 4362 160 4409 76
189 4364 386 4426 fuerunt
397 4413 409 4425 .
