2840 5008
1164 392 1291 460 1111

15 583 56 631 πε»
90 567 186 652 qui
214 567 488 652 possit,
512 587 734 652 neque
765 586 907 629 eam
929 566 1259 630 ‘rationem
1288 564 1578 630 reddere
1608 565 1838 643 dictis,

15 699 57 747 w
88 684 141 745 in
166 702 382 767 quem
416 702 730 766 quaeque
760 681 982 745 locum
1011 679 1279 745 diverso
1309 681 1597 745 momine
1625 681 1926 768 tendat.]

16 814 60 861 76
154 797 370 862 Nunc
400 817 527 882 age
547 846 562 873 ‚
586 817 788 882 quam
818 796 1015 860 celeri
1044 803 1230 860 motu
1260 796 1611 861 simulacra
1636 797 1966 875 ferantur,

95 920 148 975 et
176 932 364 997 quae
391 911 732 975 mobilitas
762 911 908 975 ollis
937 910 1359 975 tranantibus
1388 932 1587 975 auras
1881 1001 1890 1006 ὴ

94 1025 365 1090 reddita
394 1026 482 1091 sit
500 1075 515 1102 ‚
537 1025 744 1114 longo
775 1025 993 1110 spatio
1023 1033 1098 1089 ut
1125 1026 1350 1090 brevis
1381 1024 1552 1090 hora
1578 1035 1870 1105 teratur,

15 1135 60 1204 'Bo
93 1140 450 1206 suavidicis
478 1140 707 1226 potius
736 1161 936 1225 quam
962 1141 1187 1204 multis
1216 1142 1522 1205 versibus
1552 1140 1775 1220 edam3

98 1277 348 1342 parvus
380 1268 458 1320 ut
487 1262 591 1319 est
622 1255 816 1342 cycni
844 1255 1076 1319 melior
1105 1276 1310 1320 canor
1331 1305 1344 1331 ,
1366 1256 1475 1320 ille
1505 1277 1741 1343 gruum
1771 1279 1971 1344 quam

99 1372 346 1436 clamor
373 1370 446 1433 in
475 1369 787 1434 aetheriis
818 1368 1160 1455 dispersus
1188 1371 1476 1436 nubibus
1506 1373 1740 1436 austri.

100 1485 427 1572 principio
458 1505 785 1569 persaepe
813 1484 978 1549 levis
1007 1508 1116 1549 res
1147 1495 1351 1572 atque
1378 1487 1646 1550 minutis

16 1579 19 1668 1*
83 1584 497 1688 *corporibus
525 1598 740 1663 factas
771 1600 1003 1664 celeris
1031 1601 1189 1665 licet
1218 1622 1364 1664 esse
1391 1599 1648 1665 videre.

15 1723 66 1796 {85
100 1719 161 1781 in
191 1739 327 1803 quo
354 1716 486 1781 iam
513 1735 758 1800 genere
789 1728 893 1778 est
921 1715 1080 1794 solis
1110 1716 1227 1779 lux
1256 1723 1325 1780 et
1351 1737 1568 1802 vapor
1598 1718 1735 1780 eius

16 1885 17 1920 ζ
104 1839 463 1919 propterea
491 1831 648 1915 quia
675 1837 832 1893 sunt
861 1851 896 1892 e
926 1830 1152 1914 primis
1182 1829 1363 1894 facta
1388 1831 1658 1895 minutis
1676 1882 1691 1908 ‚

108 1969 273 2033 quae
306 1946 498 2032 quasi
527 1943 862 2009 cuduntur
889 1966 1146 2031 perque
1177 1947 1347 2009 aeris
1375 1946 1797 2011 intervallum

106 2084 236 2126 non
268 2060 580 2145 dubitant
608 2060 895 2124 transire
926 2061 1231 2144 sequenti
1261 2062 1524 2126 concita
1552 2062 1780 2147 plaga:
1819 2043 1836 2054 ’

16 2183 17 2198 ’
109 2176 570 2264 suppeditatur
600 2176 772 2239 enim
801 2173 1152 2239 confestim
1179 2176 1419 2239 lumine
1447 2175 1698 2252 lumen,

15 2295 76 2355 190
111 2302 173 2357 et
199 2292 389 2378 quasi
415 2290 681 2377 protelo
712 2290 1087 2354 stimulatur
1114 2289 1368 2376 fulgere
1396 2290 1647 2376 fulgur.

115 2429 239 2493 qua
263 2415 547 2494 propter
576 2405 926 2494 simulacra
954 2406 1100 2491 pari
1128 2405 1386 2469 ratione
1415 2427 1691 2470 necesse
1722 2417 1827 2472 est

16 2534 17 2579 i
115 2521 594 2587 inmemorabile
625 2543 746 2608 per
766 2522 1061 2607 ¹spatium
1090 2530 1549 2586 transcurrere
1578 2544 1780 2608 posse

16 2674 19 2703 ;
117 2638 421 2723 temporis
448 2637 517 2700 in
546 2645 797 2722 puncto
819 2685 834 2712 ‚
856 2637 1136 2721 primum
1170 2635 1355 2721 quod
1382 2637 1662 2724 parvola
1691 2660 1894 2702 causa

122 2761 216 2816 est
239 2744 542 2837 procul'a
568 2759 760 2837 tergo
794 2772 964 2835 quae
995 2752 1328 2838 provehat
1356 2760 1562 2838 atque
1591 2754 1952 2840 propellat,

39 2880 85 2926 96
121 2864 346 2930 deinde
377 2865 566 2952 quod
592 2886 805 2950 usque
834 2864 1007 2930 adeo
1039 2874 1309 2931 textura
1338 2866 1647 2953 praedita
1672 2890 1828 2933 rara
1885 2891 1889 2895 ⁴

16 2980 17 3071 l
124 2982 455 3046 mittuntur
473 3031 488 3057 ,
510 2976 702 3045 facile
730 2989 808 3045 ut
838 2982 1110 3065 quasvis
1142 2989 1494 3067 penetrare
1527 2991 1776 3072 queant
1801 3006 1912 3048 res

127 3105 183 3158 et
209 3097 392 3180 quasi
421 3117 811 3181 permanare
836 3118 958 3181 per
988 3096 1159 3160 aeris
1187 3096 1608 3160 intervallum
1625 3144 1639 3160 .

128 3220 457 3294 praetereo
485 3211 541 3273 si
570 3232 743 3295 quae
774 3213 1035 3297 penitus
1068 3211 1469 3297 corpuscula
1494 3233 1718 3275 rerum

21 3335 92 3382 200
129 3343 200 3386 ex
225 3325 490 3411 altoque
517 3324 701 3388 foras
729 3308 1084 3390 mittuntur
1102 3375 1116 3401 ‚
1141 3326 1300 3389 solis
1329 3325 1429 3389 uti
1458 3325 1574 3388 lux

16 3462 17 3491 l
131 3458 196 3501 ac
220 3461 427 3526 vapor
445 3489 460 3514 ‚
481 3440 650 3504 haec
679 3450 930 3528 puncto
963 3449 1326 3505 cernuntur
1354 3441 1548 3526 lapsa
1576 3441 1707 3505 diei

130 3573 234 3637 per
258 3562 473 3619 totum
504 3555 666 3619 caeli
697 3557 983 3642 spatium
1014 3555 1385 3621 diffundere
1412 3577 1565 3620 sese

132 3688 364 3753 perque
392 3672 628 3746 volare
658 3691 837 3734 mare
867 3692 946 3734 ac
978 3685 1194 3736 terras
1223 3673 1605 3756 circumque
1632 3673 1878 3758 rigare.

134 3783 277 3865 quid
306 3807 475 3870 quae
506 3793 665 3849 sunt
687 3786 887 3871 igitur
916 3787 1042 3850 iam
1071 3786 1283 3871 prima
1310 3785 1531 3850 fronte
1564 3787 1845 3870 parata?

25 3905 98 3953 205
134 3917 264 3961 cum
288 3900 617 3965 iaciuntur
646 3907 713 3963 et
743 3901 1052 3964 emissum
1080 3923 1189 3965 res
1219 3901 1402 3965 nulla
1431 3906 1763 3977 moratur,

31 4020 102 4067 195
138 4014 300 4096 quod
327 4037 529 4103 super
561 4022 665 4080 est
681 4064 697 4090 ‚
717 4015 830 4080 ubi
863 4023 998 4101 tam
1025 4016 1280 4080 volucri
1310 4016 1583 4081 levitate
1610 4016 1938 4091 ferantur,

28 4134 103 4182 206
138 4146 336 4210 quone
364 4131 557 4195 vides
587 4130 781 4195 citius
812 4130 1059 4196 debere
1092 4139 1159 4197 et
1185 4131 1452 4218 longius
1478 4132 1577 4196 ire

148 4377 228 4424 175
262 4377 458 4431 ratione
494 4379 514 4446 Η
558 4385 651 4432 179
688 4380 901 4433 numine
936 4379 1142 4435 tendit*
1173 4382 1192 4450 ΙΙ
1236 4386 1330 4434 178
1366 4380 1589 4434 feratur.
1629 4380 1650 4449 ΙΙ
1687 4387 1784 4434 203
1822 4379 2127 4448 caelumque

2218 393 2347 460 121
