2840 5008
498 380 648 509 'iss
1126 397 1135 404 ’
1569 410 1666 479 111

498 590 606 649 est
636 604 951 647 rnosnr
972 630 988 658 ,
1017 603 1215 669 quem
1244 582 1612 648 admodum
1638 586 1707 649 in
1734 586 1907 650 libro
1929 610 1972 662 1,
1990 586 2113 651 977
2135 589 2570 654 membranae
2592 609 2721 652 om-

498 703 622 746 nes
649 681 906 746 habent
922 683 1184 767 prpbeat
1196 706 1222 764 ‚⁰
1243 681 1490 767 quibus
1508 684 1811 768 praebere
1832 674 1903 747 et
1928 685 2145 749 debere
2173 692 2335 750 sunt
2364 686 2690 750 simillima
2704 734 2717 749 .

487 783 755 867 proiciet
778 782 995 846 tribus
1025 780 1306 868 syllabis
1338 780 1594 846 dixisse
1620 781 1893 848 videtur
1922 782 2186 848 Seneca
2215 783 2352 847 hoc
2378 805 2589 848 versu
2607 831 2625 859 ‚
2646 784 2723 848 Et

497 882 655 944 inter
696 881 854 944 acies
886 882 1150 965 proiciet
1186 890 1434 966 raptam
1475 881 1631 945 duas
1670 881 1741 945 in
1768 881 2309 962 Phoenissis‘426
2353 931 2367 945 .
2411 882 2718 957 Plautus,

500 979 616 1063 qui
644 979 832 1043 reieio
862 999 1129 1062 semper
1158 977 1331 1042 dixit
1357 999 1484 1063 per
1515 977 1991 1066 diphthongon
2037 1028 2053 1056 ‚
2098 980 2310 1044 nihilo
2342 982 2568 1044 minus
2596 981 2718 1065 pri·

495 1097 671 1140 mam
713 1076 985 1162 longam
1030 1082 1422 1140 constanter
1468 1078 1718 1140 retinet
1758 1078 1831 1140 in
1872 1080 1988 1162 ejci
2030 1079 2185 1163 dejci
2212 1080 2423 1163 projci
2454 1102 2469 1141 :
2512 1098 2718 1162 neque

494 1174 695 1238 huius
728 1196 879 1239 esse
909 1174 1117 1238 credo
1144 1176 1376 1239 coicitie
1394 1195 1521 1258 per
1545 1173 2020 1261 diphthongon
2040 1223 2057 1251 ‚
2077 1177 2148 1239 in
2168 1175 2565 1240 Mercatore
2592 1198 2655 1250 v,
2668 1173 2718 1248 2,

495 1273 617 1348 91,
646 1273 774 1338 sed
815 1274 1083 1337 conicitis
1110 1321 1126 1349 ,
1170 1293 1369 1358 quem
1413 1272 1780 1337 admodum
1823 1273 1997 1338 dixit
2034 1274 2106 1338 in
2146 1275 2469 1338 Asinaria
2511 1273 2718 1349 1v,2‚5

494 1372 724 1435 obicias
751 1420 767 1447 ‚
799 1370 1103 1456 quamvis
1147 1371 1312 1434 alias
1352 1371 1666 1435 maluerit
1708 1377 1909 1457 conjce
1936 1373 2190 1457 offo-itm·
2218 1372 2467 1456 (Mero.
2490 1394 2561 1447 11,
2581 1371 2638 1446 3,
2656 1371 2718 1453 5)

494 1471 651 1554 injce
677 1471 943 1554 adiceret
966 1468 1210 1553 (Poen.
1229 1491 1291 1544 v,
1308 1470 1368 1544 4,
1392 1470 1464 1554 1)
1494 1470 1725 1534 dissicit
1751 1518 1764 1533 .
1808 1471 2031 1535 variat
2070 1472 2141 1534 in
2179 1492 2317 1534 uno
2351 1470 2718 1554 eodemque

494 1567 783 1632 Medeae
817 1587 1024 1631 versu
1066 1566 1188 1640 527
1228 1566 1490 1631 Seneca
1526 1615 1543 1644 ‚
1597 1568 1719 1633 Hie
1757 1569 1930 1650 odie-e
1968 1569 2213 1634 Colchos
2238 1617 2257 1648 ‚
2299 1570 2477 1654 adice
2505 1573 2719 1632 Aeeten

494 1668 710 1730 ducem
739 1713 754 1728 .
794 1665 1035 1729 Lucilii
1076 1665 1348 1750 quidem
1391 1666 1763 1732 versiculos
1794 1716 1810 1742 ‚
1853 1667 1968 1752 qui
2006 1667 2326 1753 leguntur
2371 1665 2562 1751 apud
2590 1665 2719 1729 No-

493 1764 679 1829 nium
706 1787 771 1849 p.
789 1762 929 1838 296,
947 1763 1029 1827 24
1061 1811 1077 1839 ,
1113 1764 1183 1827 111
1212 1764 1395 1828 hunc
1423 1765 1698 1830 modum
1728 1765 1997 1850 disponi
2025 1767 2202 1830 malo
2243 1814 2259 1842 ,
2301 1788 2409 1852 090
2452 1767 2719 1829 animam
2749 1754 2755 1759 ’

494 1865 808 1949 Projciam
835 1911 853 1943 ,
894 1874 962 1926 ut
998 1885 1094 1927 me
1132 1886 1341 1928 amore
1370 1864 1737 1950 ewediam?
1766 1885 1964 1950 quam
1994 1864 2167 1927 utin
2195 1865 2325 1927 fine
2356 1863 2720 1948 septenarii

496 1962 586 2027 sit
612 1985 719 2048 090
749 1962 1020 2025 animam
1037 1963 1344 2048 proiciam
1366 1988 1388 2025 .-
1427 1964 1639 2028 verba
1675 1963 1827 2047 ipsa
1864 1961 2207 2047 quomodo
2240 1960 2719 2026 constituenda

493 2061 633 2126 sint
661 2059 938 2124 dubium
968 2081 1117 2125 esse
1145 2081 1284 2124 non
1312 2067 1590 2144 potest,
1627 2082 1776 2123 cum
1804 2058 1956 2123 libri
1985 2059 2286 2126 habeant
2313 2083 2423 2146 090
2452 2062 2618 2123 enim
2645 2083 2717 2124 an

479 2183 604 2246 per
633 2159 850 2225 eiciam
874 2170 944 2222 ut
965 2182 1062 2222 me
1090 2182 1305 2223 amare
1333 2159 1691 2244 effediam·
1666 2207 1685 2240 ,
1725 2159 2030 2244 quamvis
2058 2158 2321 2222 Nonius
2348 2158 2458 2222 his
2490 2180 2714 2242 praes-

492 2258 812 2343 cripsisse
854 2255 1117 2322 feratur
1159 2257 1522 2343 Expedire‚
1567 2259 1714 2322 utile
1767 2280 1931 2331 0030,
1977 2258 2171 2343 quasi
2212 2256 2493 2342 legisset
2535 2268 2604 2320 ut
2638 2258 2715 2318 mi

494 2381 709 2422 amare
735 2357 1046 2442 expediat.

656 2455 798 2521 867.
844 2477 1104 2532 NEQUE
1164 2478 1428 2520 mmm
1470 2455 1891 2520 Drrrnnnss
1941 2476 2333 2520 ANNULLo
2394 2476 2709 2519 ANULLo

493 2578 790 2619 remur
830 2577 975 2619 IAM
1017 2577 1389 2620 TEMPORE
1431 2576 1694 2648 NA'ros
1728 2602 1744 2617 .
1787 2554 2178 2634 Quadratus
2224 2554 2435 2618 anullo
2476 2554 2712 2617 anullo.

492 2654 828 2739 oblongus
858 2655 1076 2739 prima
1101 2674 1307 2717 manu
1335 2651 1624 2739 tempora
1656 2701 1669 2714 .
1715 2652 1918 2717 huius
1948 2664 2295 2718 corrector
2326 2651 2584 2716 delevit
2610 2673 2740 2714 ow·

491 2754 660 2817 nullo
681 2801 698 2832 ,
720 2751 1035 2838 idemque
1055 2753 1366 2818 fecerunt
1390 2769 1471 2818 eo
1494 2775 1633 2817 non
1654 2752 2131 2840 prudentiores
2152 2749 2623 2816 Wakefieldus
2651 2754 2712 2811 et

491 2848 820 2935 Forbiger
849 2875 865 2926 ς
897 2872 1182 2935 quorum
1225 2852 1398 2916 alter
1442 2850 1716 2936 scripsit
1759 2875 1799 2914 a
1840 2852 2009 2914 nullo
2036 2899 2054 2929 ‚
2086 2849 2274 2935 quod
2317 2848 2712 2913 sententiam

490 2948 741 3012 nullam
767 2944 934 3012 facit
963 2997 978 3025 ‚
1022 2950 1192 3014 alter
1235 2974 1316 3014 an
1351 2951 1477 3014 ullo
1514 2971 1644 3013 nec
1673 2950 1913 3013 Latine
1940 2969 2067 3012 nec
2092 2948 2275 3012 iusto
2305 2947 2711 3033 syllabarum

489 3048 763 3113 modulo
796 3097 809 3111 .
843 3069 993 3111 cum
1020 3047 1311 3112 Marullo
1341 3041 1649 3134 plerique
1680 3072 1762 3113 an
1787 3050 1992 3124 nullo,
2025 3046 2212 3132 quod
2239 3044 2454 3109 nihilo
2481 3045 2710 3109 melius

492 3154 646 3211 est·
692 3145 857 3210 dicit
901 3146 1073 3210 enim
1105 3146 1518 3211 contrarium
1548 3146 1690 3210 eius
1721 3145 1908 3232 quod
1937 3144 2304 3230 requiritur
2349 3190 2365 3207 .
2410 3166 2574 3207 anne
2598 3142 2710 3206 ullo

473 3246 680 3333 suerit
719 3266 921 3330 quam
958 3253 1145 3310 recte
1187 3244 1509 3311 dicatur
1492 3267 1772 3332 1gnoro·
1818 3242 2247 3309 scribendum
2289 3248 2462 3327 puto
2502 3261 2708 3304 ANTE

489 3365 584 3406 UL
599 3365 637 3404 L
653 3365 693 3405 o
708 3342 962 3429 suerit
936 3367 1064 3407 tam
1092 3355 1358 3429 tempore
1385 3356 1610 3419 natue,
1639 3351 1718 3408 ut
1746 3364 1954 3430 supra
1981 3341 2103 3407 852
2134 3353 2271 3406 ante
2309 3341 2431 3421 Qui
2441 3340 2709 3427 ficimus.

490 3461 699 3554 porro
742 3445 950 3524 poeta
988 3440 1101 3503 hic
1146 3442 1290 3505 sine
1336 3441 1697 3506 dubitandi
1738 3442 2072 3526 particula
2108 3440 2281 3504 dixit
2320 3439 2484 3504 nihil
2517 3439 2714 3527 differt

488 3542 617 3604 iam
643 3549 824 3603 natus
835 3538 1042 3625 suerit
1064 3586 1082 3618 ,
1128 3545 1196 3602 et
1235 3539 1537 3604 similiter
1581 3540 1653 3604 in
1694 3563 1782 3616 xv,
1807 3540 1964 3604 1259
2007 3540 2216 3624 maqm‘
2241 3537 2435 3624 refert
2466 3538 2709 3602 orasse-

489 3662 606 3726 que
636 3638 991 3716 conveniant
1017 3638 1264 3724 liquidis
1292 3649 1351 3701 et
1375 3638 1613 3725 liquida
1642 3639 1894 3702 crassis.

655 3737 796 3801 871.
825 3749 923 3800 tJ'r
954 3758 1109 3802 Aur
1140 3758 1386 3800 1111110
1419 3757 1793 3800 0011101111
1827 3757 2127 3799 Posro.
2151 3733 2490 3798 Antonius
2519 3731 2711 3797 Marii

490 3836 662 3899 filius
694 3883 709 3910 ‚
743 3835 904 3898 item
931 3834 1263 3900 Marullus
1295 3842 1362 3899 et
1389 3834 1722 3899 Avantius
1741 3883 1756 3910 ‚
1766 3844 2115 3921 putrescat:
2134 3833 2302 3897 Pius
2328 3833 2523 3917 (nam
2552 3832 2711 3897 For-

488 3933 681 4018 biger
722 3954 795 3997 se
841 3933 1202 3997 editionem
1231 3934 1336 3998 Pii
1368 3955 1508 3997 non
1536 3933 1792 3998 habere
1820 3933 2039 3997 sciens
2068 3932 2312 3996 falsum
2344 3930 2546 4016 dicit)
2577 3951 2710 3993 ru-

490 4053 633 4094 'rns
652 4053 687 4093 c
704 4053 797 4094 Ar
827 4079 842 4095 .
869 4030 1115 4095 horum
1143 4041 1457 4097 neutrum
1488 4032 1573 4096 ab
1602 4032 1738 4095 1100
1766 4032 1919 4096 1000
1951 4032 2239 4095 alienum
2268 4039 2375 4095 est
2398 4079 2411 4094 .
2441 4032 2515 4095 in
2542 4029 2710 4094 libro

486 4129 782 4195 Lucretii
821 4152 883 4204 v,
903 4130 1025 4195 307
1042 4143 1395 4217 putrescere
1434 4154 1594 4195 saxa
1638 4138 1707 4194 et
1743 4130 1867 4195 832
1899 4131 2189 4217 Namque
2231 4131 2410 4194 aliud
2423 4128 2714 4216 putrescit

489 4240 545 4294 et
582 4252 729 4293 aevo
774 4230 964 4306 debile
1003 4231 1290 4315 ἰαη9αοε,
1334 4229 1422 4293 (10
1461 4230 1543 4293 iis
1584 4230 1789 4293 rebus
1829 4230 1899 4292 in
1930 4249 2099 4313 quas
2128 4226 2344 4290 malus
2376 4227 2552 4291 odor
2580 4246 2710 4289 non

491 4326 719 4401 cadit,
763 4326 886 4391 sed
914 4326 1157 4390 mador
1187 4332 1256 4389 et
1280 4347 1406 4410 per
1438 4348 1589 4391 eum
1619 4326 2022 4410 corruptiO.
2061 4326 2280 4389 minus
2315 4313 2551 4400 recte,
2592 4322 2708 4387 nisi

487 4423 737 4499 fallor,
772 4437 1085 4510 patescere
1123 4426 1357 4489 semina
1395 4426 1464 4490 in
1493 4424 1827 4489 Varronis
1854 4445 2077 4488 rerum
2106 4423 2515 4487 rusticarum
2543 4423 2714 4487 libro
