2840 5008
483 333 617 399 144
1503 306 1511 313 ’
1541 333 1668 402 1111

475 514 542 568 et
569 504 830 567 facilest
858 503 1043 568 factu
1061 552 1075 579 ,
1104 505 1417 588 quoniam
1448 507 1801 570 coniuncta
1827 516 2123 573 tenetur.

331 635 430 682 890
475 617 631 682 inde
662 639 739 681 ea
767 639 1104 703 proporro
1137 641 1381 703 corpus
1411 618 1598 695 ferit,
1622 629 1829 705 atque
1857 623 1952 687 ita
1981 632 2130 688 tota

472 733 788 820 paulatim
817 733 1026 796 moles
1057 731 1481 817 protruditur
1511 741 1714 818 atque
1745 746 2050 801 movetur
2071 786 2085 799 .

471 856 823 933 praeterea
850 854 992 910 tum
1021 848 1303 910 rarescit
1333 868 1603 932 quoque
1634 871 1881 934 corpus
1902 899 1916 926 ‚
1942 858 2010 914 et
2039 857 2184 926 aer,

470 962 754 1037 scilicet,
775 969 853 1025 ut
883 960 1084 1025 debet
1112 962 1222 1046 qui
1254 982 1517 1048 semper
1544 963 1804 1027 mobilis
1837 971 2051 1038 extat,

469 1098 591 1163 per
618 1075 955 1161 patefacta
982 1076 1166 1139 venit
1195 1084 1638 1161 penetratque
1666 1076 1991 1141 foramina
2016 1079 2241 1164 largus
2261 1128 2275 1155 ‚

325 1207 422 1254 895
469 1198 537 1255 et
567 1190 973 1275 dispargitur
1002 1188 1091 1252 ad
1119 1190 1329 1274 partis
1358 1190 1454 1253 ita
1484 1212 1786 1276 quasque
1819 1191 2103 1256 minutas

472 1305 772 1391 corporis
792 1354 805 1366 .
835 1303 944 1366 hic
973 1303 1172 1388 igitur
1200 1305 1400 1368 rebus
1429 1303 1505 1368 fit
1532 1305 1866 1389 utrimque
1898 1304 2185 1380 duabuS‚

470 1419 774 1504 corporis
804 1425 879 1481 ut
907 1417 1093 1481 navis
1124 1417 1289 1480 velis
1320 1426 1658 1503 ventoque
1687 1418 1971 1483 feratur.

466 1555 593 1596 nec
623 1541 845 1595 tamen
872 1530 1037 1594 illud
1062 1532 1133 1594 in
1160 1531 1263 1593 his
1293 1533 1495 1596 rebus
1523 1525 1817 1597 mirabile
1848 1540 2146 1607 constat,

473 1646 731 1711 tantula
760 1643 947 1729 quod
975 1653 1234 1708 tantum
1264 1667 1512 1731 corpus
1546 1648 1942 1731 corpuscula
1969 1657 2256 1733 possunt

326 1778 425 1826 900
471 1768 919 1843 contorquere
952 1766 1019 1821 et
1048 1780 1218 1823 onus
1249 1769 1463 1823 totum
1494 1770 1889 1825 convertere
1920 1769 2253 1826 nostrum:

469 1874 716 1960 quippe
749 1873 990 1936 etenim
1021 1883 1259 1937 ventus
1290 1863 1515 1957 suptili
1546 1896 1831 1959 corpore
1861 1877 2077 1939 tenvis
2172 1905 2180 1920 ·

466 1985 679 2052 trudit
707 2008 911 2072 agens
940 2008 1242 2072 magnam
1270 2009 1511 2073 magno
1540 1989 1872 2052 molimine
1900 2010 2169 2066 navem,

455 2110 537 2167 *et
564 2123 796 2165 manus
825 2123 960 2163 una
987 2101 1159 2186 regit
1177 2111 1444 2186 quanto
1475 2103 1574 2165 vis
1603 2103 1848 2188 impete
1881 2113 2143 2167 euntem

467 2226 668 2301 atque
699 2215 1172 2301 gubernaclum
1204 2223 1609 2300 contorquet
1638 2238 1772 2301 quo
1803 2218 1966 2282 libet
1992 2240 2224 2292 unum,

322 2348 420 2394 905
465 2332 805 2414 multaque
824 2378 839 2403 ‚
862 2350 984 2413 per
1013 2327 1302 2393 trocleas
1335 2336 1402 2391 et
1430 2336 1782 2414 tympana,
1806 2331 2111 2415 pondera
2137 2352 2379 2417 magna

466 2453 844 2512 commovet
874 2449 1074 2529 atque
1102 2442 1235 2504 levi
1263 2419 1557 2507 sustollit
1585 2445 1888 2509 machina
1916 2447 2061 2510 nisu
2084 2495 2097 2510 .

543 2561 741 2626 Nunc
772 2560 1013 2645 quibus
1040 2557 1150 2620 ille
1178 2556 1395 2620 modis
1427 2579 1698 2622 somnus
1730 2582 1849 2645 per
1879 2562 2173 2624 membra
2211 2562 2502 2645 quietem

463 2677 707 2760 inriget
736 2684 938 2759 atque
969 2672 1164 2735 animi
1196 2693 1388 2735 curas
1423 2693 1458 2735 e
1490 2681 1762 2756 pectore
1793 2675 2034 2750 solvat,

463 2787 819 2853 suavidicis
849 2787 1299 2873 potiusquam
1329 2787 1551 2849 multis
1579 2788 1894 2850 versibus.
1917 2787 2136 2865 edam3

318 2919 416 2966 910
458 2923 708 2990 parvus
736 2910 813 2965 ut
843 2909 945 2963 est
976 2901 1167 2986 cycni
1197 2901 1429 2963 melior
1458 2922 1663 2963 canor
1681 2949 1698 2975 ‚
1718 2901 1825 2964 ille
1854 2922 2090 2987 gruum
2121 2925 2337 2991 quam·

463 3016 713 3080 clamor
740 3016 810 3077 in
839 3014 1152 3078 aetheriis
1187 3013 1531 3098 dispersus
1561 3015 2112 3081 nubibus'austri.

459 3139 536 3194 tu
562 3129 718 3193 mihi
750 3128 838 3192 da
867 3129 1082 3193 tenuis
1114 3150 1309 3191 aures
1340 3114 1759 3211 animumque
1790 3150 2124 3214 sagacem,

461 3266 546 3308 ne
574 3243 719 3307 fieri
744 3244 1003 3329 negites
1036 3263 1208 3327 quae
1241 3242 1457 3306 dicam
1484 3263 1688 3326 posse
1707 3293 1722 3316 ‚
1743 3251 2062 3329 retroque

458 3381 621 3422 vera
649 3358 1017 3444 repulsanti
1047 3356 1356 3421 discedas
1387 3365 1666 3442 pectore
1700 3356 1905 3432 dicta,

312 3491 410 3536 915
456 3481 733 3539 tutemet
761 3474 830 3536 in
860 3473 1057 3558 culpa
1086 3492 1234 3533 cum
1262 3471 1352 3533 sis
1382 3492 1603 3555 neque
1634 3491 1907 3534 cernere
1936 3473 2186 3555 possiS.

454 3589 783 3674 principio
817 3607 1087 3650 somnus
1116 3585 1191 3649 fit
1219 3586 1332 3649 ubi
1363 3594 1467 3648 est
1498 3584 1820 3649 distracta
1850 3607 1971 3671 per
2000 3595 2186 3650 artus

454 3705 556 3767 vis
585 3703 841 3783 animae
870 3701 1244 3787 partimque
1274 3699 1457 3763 foras
1489 3700 1700 3764 eiecta
1726 3701 2006 3764 recessit

458 3826 523 3879 et
550 3816 792 3900 partim
824 3822 1140 3878 contrusa
1166 3815 1374 3901 magis
1406 3815 1739 3878 concessit
1766 3814 1833 3877 in
1864 3806 2096 3910 altum:

456 3929 918 3992 dissoluuntur
950 3931 1119 3994 enim
1148 3940 1289 3995 tum
1322 3929 1585 3992 demum
1614 3929 1910 3992 membra
1938 3928 2286 4013 fluuntque
2305 3974 2319 3991 .

454 4217 553 4263 889
588 4210 784 4262 factum
834 4210 853 4280 ΙΙ
894 4215 991 4261 890
1029 4210 1168 4278 perit
1203 4210 1222 4278 ΙΙ
1262 4216 1357 4260 897
1397 4217 1517 4262 utac
1555 4209 1575 4280 ΙΙ
1612 4217 1709 4262 899
1750 4210 1983 4262 Tautuia
2022 4212 2041 4278 ΙΙ
2080 4215 2176 4261 905
2215 4207 2460 4279 pondere
2497 4227 2717 4279 magno.

455 4301 551 4347 907
591 4293 732 4346 modi
772 4294 792 4363 Η
829 4295 1033 4362 quiete.
1072 4293 1091 4359 ΙΙ
1131 4299 1227 4347 909
1266 4291 1568 4345 Suautdicis
1605 4293 1624 4363 ΙΙ
1664 4300 1759 4345 915
1800 4292 2041 4346 Tutimet
2118 4288 2122 4293 ’
