2840 5008
526 389 660 455 160
698 434 706 441 .
1114 340 1117 343 ’
1582 391 1676 458 111

519 564 928 628 Claudianus
960 571 1027 627 et
1056 564 1472 628 recentiores
1497 564 1676 638 Itali,
1702 586 1849 629 cuin
1873 567 2275 631 Academiam
2299 568 2523 632 vocali
2550 570 2726 656 brevi

518 662 910 748 proferunt,
942 670 1078 726 tam
1121 684 1371 726 morem
1415 663 1730 727 Latinum
1775 673 2094 729 secuntur
2141 688 2344 750 quam
2391 675 2726 731 accentum

519 760 847 825 Graecum
883 807 898 824 .
946 781 1156 844 porro
1198 761 1267 824 in
1296 760 1590 826 Lucretii
1635 762 1928 837 carmine
1958 763 2121 827 nihil
2152 771 2262 828 est
2294 765 2488 848 quod
2515 766 2582 828 in
2609 765 2727 828 hoc

515 882 761 947 genere
803 858 1215 942 reprehendi
1256 860 1476 942 possit
1506 908 1521 938 ,
1553 871 1825 943 praeter
1873 882 2018 924 eum
2063 883 2270 925 unum
2313 880 2590 926 versum
2634 864 2727 927 cui

513 961 684 1027 haec
715 957 1071 1031 adscribo;
1103 978 1300 1041 quem
1327 978 1523 1021 nemo
1541 959 1830 1044 -negabit
1855 958 2168 1022 facillimo
2198 963 2486 1045 negotio
2519 961 2607 1024 ad
2633 983 2726 1024 re-

514 1059 737 1146 gulam
779 1057 1090 1121 revocari
1117 1076 1321 1140 posse
1353 1055 1716 1119 scribendo
1748 1058 1921 1121 Nam
1963 1080 2101 1120 eum
2137 1059 2326 1121 multo
2365 1069 2513 1120 sunt
2549 1081 2726 1121 Eu:-

514 1178 772 1221 MENTA
818 1176 1021 1217 nuno
1040 1176 1139 1216 ΒΑ
1182 1175 1487 1216 Amnum
1509 1203 1522 1215 .
1545 1153 1616 1216 in
1641 1153 1915 1239 Vergilii
1945 1155 2288 1219 Aeneidos
2318 1179 2413 1230 w,
2430 1157 2558 1221 505
2586 1157 2721 1221 Me·

515 1255 748 1320 diceus
780 1253 1138 1338 Rhoeteo-in
1165 1253 1338 1315 litore
1365 1253 1613 1315 inanem
1633 1300 1649 1330 ,
1680 1252 1824 1316 sine
1855 1253 2361 1337 praepositione
2391 1254 2726 1318 Romanus

517 1362 586 1417 et
614 1352 986 1416 Vaticanae
1018 1348 1312 1413 schedae
1337 1396 1352 1423 ,
1381 1356 1460 1412 ut
1492 1349 1674 1434 apud
1706 1349 1934 1413 Silium
1964 1350 2033 1412 in
2062 1350 2342 1426 vm‚621
2378 1400 2392 1414 .
2432 1353 2508 1415 in
2538 1377 2603 1427 x,
2627 1353 2726 1416 179

516 1471 748 1516 omnes
770 1497 785 1523 ‚
817 1457 1137 1533 quantum
1169 1449 1309 1510 scio
1329 1494 1345 1522 ‚
1376 1448 1510 1511 Hos
1525 1470 1757 1532 parere
1784 1447 1985 1511 iubent
2011 1449 2288 1533 Alpheae
2315 1449 2464 1513 sive
2496 1452 2728 1536 Alphea

515 1552 591 1614 ab
621 1549 853 1632 oriyine
884 1547 1065 1610 Pisae
1093 1593 1108 1618 ‚
1146 1545 1343 1609 nimis
1383 1545 1771 1610 incondite:
1817 1546 1983 1608 satis
2029 1552 2134 1609 est
2160 1546 2438 1630 Alpheae
2470 1551 2727 1634 ονίρὶπε,

513 1655 590 1712 ut
612 1648 774 1709 Aen.
793 1667 837 1719 1,
855 1643 977 1706 286
994 1642 1265 1728 pulchra
1295 1644 1595 1706 Troianus
1624 1644 1859 1727 oriyine
1890 1643 2146 1707 Caesar.
2171 1644 2241 1706 in
2269 1643 2537 1708 Lucani
2566 1647 2724 1711 libro

516 1770 559 1821 1,
582 1743 697 1808 197
727 1742 1100 1828 Phryyiique
1115 1751 1369 1826 penates
1406 1741 1617 1805 Gentis
1646 1741 1853 1804 Iuleae
1871 1788 1886 1814 ,
1910 1752 1968 1803 et
1991 1743 2156 1826 rapti
2181 1754 2413 1806 secreta
2451 1744 2728 1823 Quirini.-

514 1842 722 1907 nihilo
755 1840 1053 1904 deterius
1084 1838 1211 1902 erit
1237 1840 1404 1924 rapti
1433 1850 1488 1902 et
1524 1886 1539 1901 .
1584 1840 1653 1901 in
1684 1837 1884 1901 Statii
1912 1838 2328 1902 Achilleidos
2360 1862 2405 1914 1,
2424 1841 2510 1904 84
2551 1843 2730 1921 Quem

512 1954 577 2007 tu
617 1942 744 2004 illic
783 1948 995 2002 nattum
1025 1937 1204 2022 Siyeo
1243 1939 1309 2000 in
1336 1938 1629 2022 pulvere:
1663 1943 1897 2020 potest
1937 1937 2140 2000 scribi
2179 1939 2246 1999 in
2276 1937 2466 2022 Siyeo
2508 1987 2524 2001 .
2571 1940 2728 2004 haec

509 2036 915 2125 paucissima
932 2034 1170 2121 *adhuc
1200 2035 1456 2111 inveni,
1482 2056 1656 2120 quae
1684 2033 1957 2119 regulae
1987 2056 2196 2119 supra
2228 2037 2588 2119 expositae
2618 2038 2727 2102 ad·
2803 2056 2804 2065 ¹

459 2214 467 2219 ‚
512 2142 944 2203 versarentur
976 2185 989 2198 .
1021 2144 1123 2198 est
1153 2142 1378 2198 tamen
1406 2155 1610 2196 unum
1639 2132 2039 2197 vocabulum
2051 2134 2149 2222 fio
2163 2181 2181 2213 ‚
2207 2135 2395 2217 quod
2427 2143 2728 2221 tempore

514 2237 808 2324 quodam
839 2256 879 2297 a
910 2239 1283 2296 ceterorum
1326 2232 1474 2318 lege
1519 2231 1810 2295 solutum
1852 2230 2062 2296 fuisse
2105 2254 2240 2296 non
2285 2241 2425 2297 tam
2469 2237 2726 2299 ratione

512 2358 712 2422 quam
770 2332 1228 2417 exemplorum
1283 2352 1558 2393 numero
1602 2331 1823 2393 victus
1879 2331 2246 2394 concedam
2277 2381 2290 2394 .
2334 2333 2407 2394 in
2451 2334 2724 2418 Amphi-

510 2444 752 2499 truone
781 2431 1003 2494 Plauti
1033 2453 1129 2504 111,
1155 2430 1204 2506 l,
1224 2431 1263 2493 6
1281 2479 1296 2506 ,
1319 2429 1685 2515 Amphitruo
1696 2429 1792 2517 fio
1822 2440 1877 2493 el
1916 2431 2184 2493 vestitmn
2222 2431 2456 2494 inmoto
2495 2454 2722 2511 meum,

511 2536 651 2599 scio
696 2531 884 2597 libris
930 2530 1085 2594 olim
1127 2530 1473 2614 impressis
1508 2530 1748 2593 abesse
1780 2528 2088 2612 copulam
2112 2576 2127 2602 ,
2159 2550 2333 2612 quae
2365 2550 2546 2613 quos
2579 2552 2723 2594 auc-

508 2642 696 2696 tores
725 2631 978 2693 habeat
1007 2628 1415 2693 Ritschelius
1448 2626 1673 2690 dicere
1703 2627 1957 2710 poterit
1980 2675 1994 2691 .
2022 2626 2093 2690 in
2114 2627 2539 2691 Truculento
2573 2652 2657 2703 ιν,
2671 2628 2722 2702 2,

509 2730 581 2791 51
601 2729 696 2816 fio
716 2728 1011 2811 inpudens
1027 2752 1050 2807 ,-
1075 2747 1480 2811 quamquam
1512 2725 1639 2788 toti
1669 2724 2003 2788 versiculo
2033 2746 2161 2789 nec
2191 2746 2435 2789 sensus
2460 2734 2720 2789 constat

506 2846 633 2888 nec
663 2825 917 2899 numeri
948 2874 961 2886 .
993 2823 1116 2887 sed
1144 2824 1442 2887 Lucilius
1480 2843 1749 2907 quoque
1778 2820 1956 2886 idem
1985 2823 2387 2887 vocabulum
2420 2832 2584 2887 ante
2612 2845 2715 2888 vo-

508 2922 716 2987 calem
744 2923 974 3005 posuit
1002 2921 1135 2985 hoc
1163 2943 1362 2986 versu
1399 2968 1415 2997 ‚
1458 2922 1573 3006 qui
1616 2921 1861 3007 legitur
1903 2921 2087 3004 apud
2115 2921 2410 2985 Nonium
2451 2945 2519 3007 p.
2539 2924 2714 2997 38‚9‚

513 3023 771 3103 Quicum
798 3010 1129 3103 versipellis
1139 3021 1236 3108 fio
1266 3031 1323 3083 et
1347 3021 1593 3106 quicum
1623 3030 1895 3083 conmuto
1923 3020 2130 3082 omnia
2148 3068 2162 3094 ‚
2184 3020 2482 3105 itemque
2507 3021 2712 3085 Hora-

504 3124 638 3185 tius
671 3118 1103 3203 epistularum
1130 3141 1171 3191 1,
1195 3119 1247 3192 1,
1270 3118 1346 3181 16
1369 3119 1559 3181 Nunc
1582 3120 1762 3203 ayilis
1772 3118 1870 3207 fio
1893 3129 1950 3181 et
1965 3140 2197 3180 mersor
2219 3119 2497 3182 civilibus
2517 3121 2709 3183 zoradis.

504 3227 859 3305 praeterea
900 3217 1332 3281 memorabile
1380 3223 1486 3280 est
1517 3215 1839 3282 Senecam
1884 3218 1949 3280 in
1999 3237 2078 3279 ea
2123 3216 2409 3281 trimetri
2455 3218 2709 3283 'iambici

502 3324 697 3401 parte
718 3364 732 3389 ‚
759 3336 843 3377 ex
873 3337 1007 3399 qua
1034 3323 1231 3398 parte
1254 3305 1552 3401 tragicus
1575 3314 1652 3377 fit
1673 3363 1687 3389 ‚
1723 3316 2030 3378 consulto
2061 3314 2193 3378 hac
2225 3315 2503 3378 elisione
2534 3336 2710 3379 usum

505 3436 652 3479 esse
671 3461 686 3488 ,
707 3424 862 3476 sorte
893 3413 1170 3476 Phoebea
1197 3395 1458 3492 εῶοἱίαε,
1483 3414 1633 3476 turis
1662 3414 1754 3476 eoi
1783 3424 1990 3476 extrue
2006 3461 2022 3491 ,
2043 3414 2241 3498 ¹spolia
2271 3407 2533 3477 Phrixei
2563 3416 2708 3477 arie-

502 3515 578 3577 tis
599 3561 614 3588 ,
647 3510 970 3595 Strophius
998 3509 1160 3573 Elea
1186 3512 1429 3574 inclitus
1459 3559 1476 3591 ,
1518 3512 1648 3573 tabe
1679 3511 1913 3574 Nessea
1940 3511 2161 3573 illitum
2194 3560 2210 3590 ,
2253 3509 2422 3573 Oed.
2449 3510 2573 3575 287
2602 3510 2708 3574 305

500 3613 683 3679 Med.
702 3611 818 3674 471
865 3610 1238 3695 Agam.918
1279 3610 1623 3674 Herc.716
1663 3659 1675 3672 .
1723 3630 1944 3693 neque
1987 3609 2250 3694 negabo
2283 3607 2540 3672 eodem
2582 3608 2709 3672 fere

501 3720 805 3796 tempore
834 3708 1220 3773 Phaedrum
1262 3707 1615 3792 scripsisse
1653 3707 1720 3769 in
1750 3728 1951 3770 versu
1988 3705 2270 3769 iambico
2301 3716 2485 3770 natus
2511 3708 2578 3769 in
2613 3705 2711 3769 oia

497 3810 699 3872 insula
715 3857 732 3887 ,
757 3830 845 3883 lv,
862 3807 961 3882 21,
979 3806 1020 3870 8
1040 3856 1053 3870 .
1078 3805 1492 3892 grammatici
1513 3824 1676 3867 vero
1702 3802 2002 3889 regulam
2030 3803 2423 3888 ignorantes
2457 3810 2629 3887 quot
2650 3803 2713 3865 in

499 3905 632 3969 hoc
662 3925 908 3989 genere
937 3905 1102 3968 vitia
1130 3912 1434 3968 veterum
1475 3909 1826 3988 poetarum
1855 3900 2042 3965 libris
2071 3901 2424 3965 intulerint
2456 3922 2711 3966 enume-

500 4023 653 4066 rare
681 4001 845 4064 nihil
877 4023 1048 4085 opus
1093 4008 1198 4065 est
1229 4050 1242 4064 .
1289 4000 1636 4065 Bentleius
1677 3999 1747 4062 in
1776 3999 2036 4063 Andria
2066 4000 2370 4063 Terentii
2410 3999 2714 4085 peccavit

498 4098 857 4165 scribendo
899 4121 970 4173 11,
990 4097 1046 4173 6,
1065 4099 1105 4162 8
1147 4101 1408 4185 Propter
1448 4100 1706 4184 hospitai
1743 4098 1990 4161 huiusce
2036 4099 2532 4161 consuetudinem
2555 4124 2586 4180 ,-
2609 4097 2715 4182 qui

493 4221 731 4264 versus
763 4204 1033 4262 servato
1056 4197 1316 4283 vulgari
1336 4197 1821 4262 vocabulorum
1845 4196 2082 4260 ordine
2103 4197 2201 4260 ita
2223 4194 2558 4259 dicendus
2585 4202 2714 4267 est,

438 4337 441 4340 >
493 4299 751 4383 Propte'r
778 4297 1023 4360 huiusce
1051 4295 1309 4381 hospilai
1338 4295 1827 4360 consuetudinem
1856 4342 1871 4368 ,
1907 4303 1984 4357 ut
2014 4294 2083 4356 in
2109 4292 2445 4356 Eunucho
2479 4315 2543 4367 v,
2564 4292 2622 4365 5,
2645 4291 2713 4354 10

502 4396 815 4481 Quidquid
839 4396 1017 4458 huius
1027 4394 1327 4479 factumst
1355 4402 1423 4456 et
1463 4392 1530 4454 in
1563 4392 1803 4454 Heaut.
1837 4387 1933 4466 in,
1952 4390 2010 4465 2,
2028 4392 2110 4455 40
2142 4391 2367 4477 Siquid
2402 4391 2593 4453 huius
2634 4391 2709 4452 si·
