2840 5008
1203 386 1266 456 11
2202 382 2336 450 107

249 564 403 629 537.
438 549 557 627 Ais*
580 584 1003 627 Gummnus
1042 581 1536 630 Bnssruan'ro
1558 581 1590 623 s
1622 605 1636 621 .
1665 556 1994 622 Marullus
2024 557 2342 641 aozyuima-

83 688 191 729 nos
211 662 452 727 :idem
482 660 565 724 in
594 682 659 735 v,
681 659 838 724 1303
870 661 1042 725 boves
1069 661 1238 723 lucas
1267 659 1485 722 turrito
1516 679 1767 741 corpore
1796 666 1971 719 tetros
1999 655 2345 738 Anquima-

84 785 242 842 nos‚,·
287 759 419 823 ubi
450 769 694 823 taetras
722 756 1152 840 scribendum
1183 756 1446 822 docebo
1496 803 1509 819 .
1558 752 1680 818 sed
1723 754 2128 838 anguimanus
2157 758 2342 816 utro-

88 881 215 943 que
244 877 519 944 genere
555 856 965 921 servandum
995 860 1101 919 est
1124 902 1139 931 ‚
1170 855 1299 919 nisi
1338 854 1538 918 nobis
1568 853 1735 917 libet
1762 850 2108 915 veteribus
2130 898 2145 924 ‚
2178 850 2345 934 quid

89 956 312 1020 dicere
348 953 737 1018 debuerint
757 1000 773 1029 ,
802 954 1196 1038 praecipere
1221 1000 1234 1016 .
1267 952 1655 1016 Priscianus
1679 972 1742 1035 p.
1762 949 1884 1014 718
1912 949 2062 1013 haec
2089 972 2307 1012 manus
2324 996 2341 1024 ‚

90 1055 265 1116 huius
294 1075 537 1116 manus
554 1077 582 1133 ,·
607 1075 681 1115 ex
709 1074 826 1137 quo
857 1053 1249 1136 compositum
1278 1051 1405 1114 eius
1431 1050 1892 1114 declinationem
1919 1047 2188 1132 sequitur
2203 1094 2221 1125 ,
2244 1046 2345 1111 liic

93 1152 477 1214 centimanus
500 1199 520 1230 ,
555 1151 738 1214 huius
782 1152 1152 1214 centimanus
1193 1198 1206 1211 .
1253 1147 1547 1212 nobilem
1591 1147 1989 1231 scriptorem
2022 1145 2341 1209 Lucretio

96 1255 386 1333 excepto
433 1248 708 1312 nullum
750 1247 1038 1332 cognovi
1082 1294 1098 1321 ‚
1146 1246 1261 1331 qui
1318 1245 1450 1310 alia
1505 1244 1752 1308 dixerit
1777 1265 1996 1328 quam
2037 1250 2227 1306 recto
2275 1251 2344 1307 et

97 1353 337 1429 quarto
372 1367 556 1410 casu
590 1348 960 1410 centimanus
980 1392 997 1422 ,
1029 1345 1437 1408 centimanum
1456 1392 1476 1423 ,
1504 1343 1864 1412 imimanwm
1879 1368 1900 1404 :
1936 1341 2154 1405 minus
2185 1362 2340 1426 pro-

97 1443 415 1508 batorum
447 1450 624 1508 sunt
652 1444 1032 1528 lonyionanus
1051 1492 1065 1518 ‚
1090 1445 1487 1529 aequimanus
1508 1490 1525 1521 ,
1556 1442 1989 1527 aequimanum
2016 1488 2034 1519 ,
2065 1440 2132 1503 in
2162 1441 2341 1526 glos·-

100 1540 289 1604 sariis
336 1541 743 1604 ambimanus
773 1588 791 1619 ,
830 1540 978 1603 Iulii
1008 1537 1464 1625 Obsequentis
1500 1539 1612 1603 111
1643 1539 1860 1623 puella
1897 1540 2308 1624 quadrimana
2326 1588 2342 1613 ‚

101 1638 255 1701 item
281 1639 367 1702 73
392 1640 595 1723 pueri
622 1639 1045 1724 quadrupedes
1075 1650 1134 1702 et
1157 1640 1611 1724 quadi-umanes
1630 1685 1644 1699 .
1673 1637 1745 1699 in
1772 1636 2057 1701 Arnobii
2087 1636 2256 1702 libro
2290 1661 2339 1700 11

103 1736 256 1818 p.97
273 1783 291 1811 ‚
312 1737 438 1802 ubi
472 1744 593 1800 est
620 1759 740 1799 non
766 1736 1027 1823 infantes
1053 1738 1162 1800 sub
1191 1738 1472 1802 uberibus
1499 1746 1767 1800 matrum
1797 1737 2167 1801 centenarios
2195 1737 2341 1821 leqi-

107 1835 174 1895 tis
199 1835 460 1897 edidisse
490 1834 769 1919 vayitum
786 1833 817 1897 9
838 1834 1196 1920 legendum
1227 1835 1536 1899 existimo
1570 1836 1931 1898 centimanos
1951 1883 1963 1895 .

263 1930 407 1995 541.
436 1955 479 2009 Q
498 1954 545 1995 11
560 1953 612 1994 A
625 1954 672 1993 M
704 1954 727 1994 1
740 1953 783 1995 u
798 1955 836 1994 Β
852 1955 889 1994 11
908 1956 948 1995 τ
977 1956 1016 1996 Ε
1034 1955 1066 1996 8
1081 1957 1119 1995 'r
1137 1955 1176 1996 o
1199 1981 1211 1995 .
1233 1932 1597 1997 Corrector
1619 1930 1937 2016 quadrati
1956 1937 2025 1994 et
2039 1929 2342 1995 Brixien-

114 2028 196 2090 818
227 2028 438 2093 editio
475 2051 674 2115 quam
705 2051 741 2089 L
758 2051 800 2092 u
815 2052 853 2091 Β
867 2048 909 2092 11
924 2054 964 2093 ‘r
984 2077 997 2094 .

265 2122 411 2190 543.
463 2126 622 2190 Cux
679 2148 995 2190 S1M1L1s
1039 2148 1247 2192 ‘roro
1293 2148 1730 2191 TERRARUM
1786 2147 1910 2188 811·
1969 2148 2157 2189 cnm
2188 2174 2201 2188 .
2248 2126 2347 2190 Sit

112 2222 490 2306 quadratus
535 2244 681 2286 non
720 2222 970 2300 habet;
1018 2225 1205 2288 cuius
1247 2231 1599 2308 corrector
1640 2221 1805 2286 fecit
1829 2245 1951 2285 non
1976 2224 2054 2286 sit
2081 2224 2148 2285 in
2176 2222 2340 2302 orbi,

117 2341 321 2405 neque
353 2322 563 2385 aliter
590 2322 926 2385 Antonius
948 2321 1179 2386 Marii:
1220 2322 1530 2411 impressi
1557 2345 1679 2385 non
1706 2322 1783 2385 sit
1807 2322 1873 2383 in
1903 2321 2044 2385 orbe
2076 2368 2089 2384 .
2119 2318 2342 2384 malim

120 2440 260 2481 mm
277 2443 316 2482 L
333 2442 378 2483 Α
408 2421 490 2483 sit
519 2419 660 2482 orbi
677 2457 691 2481 .-

272 2518 414 2582 547.
447 2517 776 2597 Qulrrs
820 2540 1125 2582 1111111111
1164 2540 1486 2583 8111111111·
1520 2538 1766 2583 ocum
1791 2563 1804 2578 .
1829 2515 1957 2579 His
1979 2514 2342 2582 Wakefiel-

123 2611 238 2678 dus
266 2615 659 2680 Bentleium
686 2614 833 2678 vitii
859 2627 1085 2680 notam
1117 2605 1515 2702 apposuisse
1542 2614 1787 2689 refert3
1810 2613 1995 2676 cuius
2024 2613 2344 2679 iudicium

123 2730 261 2774 cum
284 2713 396 2777 ille
426 2720 629 2778 recte
656 2715 1020 2796 probasset
1039 2761 1056 2793 ,
1088 2713 1414 2799 Forbiger
1432 2761 1448 2788 ‚
1466 2707 1702 2798 ‘quum
1731 2711 1882 2776 libri
1914 2732 2146 2778 omnes
2176 2713 2344 2779 illud

63 2833 84 2863 ο
125 2810 302 2872 omdei
329 2810 691 2874 tueantur’
722 2857 738 2885 ,
783 2810 1002 2894 inquit
1041 2811 1332 2895 (habent
1373 2816 1594 2874 autem
1632 2832 1864 2875 omnes
1895 2813 2054 2875 oculi
2088 2860 2105 2890 ‚
2151 2815 2346 2891 ,oculei

126 2904 335 2971 nullus
352 2909 416 2991 )-‚
449 2903 659 2973 ‘nihil
699 2905 1010 2991 equidem
1051 2929 1302 2973 novare
1344 2909 1556 2972 ausim
1580 2908 1626 2970 .’
1670 2908 1739 2971 in
1778 2907 1912 2971 hoc
1953 2908 2066 2972 ille
2105 2918 2345 2975 cautos

130 3004 448 3084 quosdam
489 3028 572 3070 ac
621 3004 990 3091 prudentes
1019 3053 1034 3082 ‚
1088 3006 1204 3090 qui
1243 3028 1315 3071 se
1361 3007 1632 3071 criticos
1673 3005 1936 3082 dicunt,
1964 3006 2213 3093 ingenii
2241 3009 2344 3072 sui

130 3102 523 3182 probatores
546 3102 843 3167 inveniet
861 3126 873 3164 :
893 3124 1018 3166 nos
1031 3104 1297 3167 interim
1312 3105 1684 3189 cogitemus
1700 3102 1862 3188 quid
1874 3109 2118 3189 poetae
2134 3107 2344 3169 menti

133 3208 649 3266 consentaneum
686 3199 890 3264 fuerit
932 3201 1227 3264 scribere
1268 3202 1384 3266 ubi
1427 3224 1607 3265 nunc
1650 3209 1808 3266 sunt
1846 3200 1959 3265 illa
1999 3202 2342 3267 absurdis-

133 3291 321 3375 sima,
348 3311 598 3363 sumant
625 3299 783 3363 oculi
826 3346 838 3358 .
885 3298 1115 3383 itaque
1157 3298 1273 3362 hic
1316 3307 1473 3364 ante
1514 3300 1734 3364 omnia
1776 3300 1830 3363 si
1872 3299 2345 3373 coniunctione

135 3408 294 3473 opus
324 3403 430 3459 est
452 3445 468 3472 ‚
501 3418 677 3482 quae
704 3396 773 3459 in
801 3396 1031 3479 primis
1060 3396 1305 3462 litteris
1333 3397 1556 3463 inesse
1590 3398 1796 3463 debet
1829 3445 1842 3460 .
1881 3403 2022 3461 tum
2052 3399 2152 3462 rei
2180 3400 2346 3463 nihil

137 3485 305 3552 aliud
344 3503 580 3577 aptum
627 3514 774 3558 esse
820 3504 1105 3578 apparet
1145 3496 1275 3559 nisi
1314 3496 1450 3560 hoc
1481 3544 1497 3571 ‚
1548 3497 1783 3582 Quippe
1826 3498 2075 3575 etenim,
2105 3499 2158 3560 si
2199 3506 2346 3562 arte

137 3580 345 3667 aliqua
374 3589 706 3655 efficiatur
717 3591 906 3679 finita
921 3616 1045 3677 per
1087 3616 1262 3657 omne
1300 3595 1573 3680 Corpora
1600 3595 1824 3657 iactari
1851 3594 2031 3655 ‘eortius
2053 3592 2347 3677 yenitalia

138 3682 220 3742 rei
235 3729 250 3759 ,
284 3686 451 3751 Unde
480 3690 585 3752 ubi
613 3712 738 3775 qua
765 3692 825 3752 vi
854 3701 908 3754 et
935 3713 1054 3776 quo
1072 3702 1258 3775 pacto
1290 3715 1611 3777 conqressa
1641 3693 1878 3755 coibunt
1902 3690 1931 3753 ‚9
1972 3690 2144 3754 dixit
2170 3692 2241 3754 in
2270 3710 2345 3758 r'e

140 3771 322 3843 huius
357 3785 544 3850 modi
564 3787 920 3851 Lucretius
954 3789 1300 3852 machinari
1324 3797 1392 3853 et
1416 3791 1725 3875 corripere
1760 3839 1772 3851 .
1819 3789 1887 3850 in
1910 3812 2008 3862 111,
2026 3789 2148 3852 944
2172 3792 2346 3855 Nam

143 3872 234 3933 tibi
250 3893 574 3959 praeterea
601 3887 766 3970 quod
789 3886 1101 3950 machiner
1127 3888 1548 3974 inveniamque
1580 3937 1591 3950 .
1631 3889 1700 3950 in
1730 3909 1791 3961 v,
1809 3885 1928 3950 247
1963 3886 2136 3951 Illud
2159 3890 2227 3951 in
2254 3890 2349 3954 his

142 3970 301 4035 rebus
325 4000 400 4041 ne
430 3983 792 4066 corripuisse
822 3985 1020 4047 rearis
1051 3984 1157 4047 Me
1192 3985 1342 4048 mihi
1374 4035 1386 4048 .
1436 3987 1594 4050 huic
1636 3986 1785 4049 loco
1829 3984 1992 4070 quid
2033 3991 2346 4052 conveni·

145 4074 271 4142 Pet,
290 4074 448 4140 mihi
477 4079 741 4154 statim,
765 4088 840 4143 ut
871 4102 1020 4144 eum
1051 4082 1510 4158 consideravi,
1536 4084 1849 4169 apparuit
1880 4108 1893 4158 ς
1931 4084 2116 4169 quod
2143 4084 2346 4171 longa

114 4264 119 4270 .
149 4169 210 4224 et
237 4187 518 4251 operosa
546 4176 984 4242 meditatione
1016 4180 1393 4263 quaesitum
1436 4182 1733 4265 reperire
1776 4203 1978 4265 posse
2021 4181 2378 4245 neminem'

147 4268 299 4337 Puto
345 4314 356 4327 .
416 4280 520 4335 est
563 4282 783 4337 autem
836 4276 1067 4359 paucis
1125 4276 1438 4342 litterulis
1496 4279 1860 4343 immutatis
1919 4276 2345 4342 scribendum

159 4352 374 4445 Qbippe
415 4372 623 4434 etenim
667 4396 735 4435 81
781 4396 1309 4437 ΜΑΝΤιουιΕη
1342 4424 1354 4437 .
1402 4398 1487 4439 ex
1532 4377 1944 4441 onomastico
1990 4374 2346 4440 Labbaeus

648 4636 670 4664 Ι
