2840 5008
488 389 622 457 106
1176 407 1177 412 ’
1558 391 1621 459 11

477 563 644 627 nihil
684 563 966 628 interest
1002 612 1018 639 ,
1062 563 1376 649 quoniam
1416 571 1672 630 atonon
1719 573 1824 630 est
1863 566 1997 631 hoc
2040 578 2108 631 ut
2145 568 2691 654 monosyllabon,

479 659 665 747 quod
683 682 876 746 comp
884 662 1256 727 arationem
1272 661 1530 727 indicat
1548 711 1562 726 .
1576 663 1806 748 itaque
1822 664 1893 728 in
1909 664 2100 729 libris
2113 666 2597 749 antiquissimis
2611 668 2692 729 si-

478 771 578 823 out
601 760 670 823 in
698 759 927 824 littera
966 760 1267 824 secunda
1307 762 1488 827 inter
1528 760 1664 825 duo
1692 783 1930 827 versus
1975 762 2261 827 divisum
2299 763 2690 828 obser-vavi:

476 878 602 922 nec
629 859 844 922 minus
874 865 1062 922 recte
1082 858 1412 922 Horatius
1446 880 1824 946 sermonum
1856 883 1926 936 11,
1944 860 2001 936 2,
2018 860 2100 924 68
2127 867 2290 944 post
2313 862 2403 924 sic
2424 852 2687 924 versum

472 954 711 1020 incidit
728 1003 744 1032 ,
768 957 1000 1022 Saevus
1025 957 1169 1035 em't,
1191 980 1301 1020 nec
1326 959 1415 1019 sic
1441 969 1509 1021 ut
1531 959 1789 1043 simplex
1815 960 2092 1022 Naevius
2117 969 2363 1023 uncta-m
2380 1007 2394 1020 .
2419 958 2549 1022 sed
2577 980 2690 1022 cur

476 1061 744 1120 veteres
775 1057 901 1120 sub
930 1075 1066 1118 uno
1099 1058 1381 1119 accentu
1406 1055 1586 1118 sicuti
1612 1056 1842 1140 potius
1874 1056 2129 1120 dixisse
2171 1055 2447 1120 credam
2492 1077 2689 1140 quam

472 1154 560 1215 sic
588 1155 676 1216 titi
705 1201 722 1232 ,
768 1152 1017 1216 nullam
1057 1172 1328 1215 causam
1354 1152 1656 1216 invenire
1684 1174 1963 1236 possum
1998 1177 2013 1217 :
2055 1175 2210 1218 nam
2238 1153 2690 1240 grammaticis

472 1249 630 1332 inde
660 1272 701 1314 a
728 1271 908 1314 nono
938 1257 1097 1334 post
1130 1249 1473 1314 Christum
1511 1250 1781 1313 saeculo
1816 1250 2157 1335 quomodo
2187 1250 2527 1316 vocabula
2557 1250 2688 1314 dis·

473 1350 779 1435 tinguere
807 1348 1078 1412 libuerit
1098 1368 1236 1410 non
1265 1338 1429 1412 curo
1456 1395 1469 1410 .
1499 1347 1630 1411 iam
1651 1369 1815 1411 vero
1841 1351 1930 1411 sic
1949 1351 2039 1413 uti
2057 1349 2127 1412 in
2148 1370 2352 1413 versu
2367 1348 2689 1412 hexame-

472 1456 579 1511 tro
613 1453 771 1510 ante
802 1466 1165 1510 consonam
1193 1446 1356 1529 poni
1386 1467 1523 1509 non
1552 1466 1756 1530 posse
1788 1456 2094 1530 apertum
2125 1453 2229 1510 est
2250 1493 2267 1521 ,
2298 1453 2460 1509 ante
2490 1465 2711 1509 voca--

471 1546 602 1610 lem
632 1564 831 1629 quam
871 1565 1011 1607 non
1046 1542 1243 1608 facile
1286 1543 1551 1608 admitti
1593 1543 1815 1628 possit
1855 1543 1945 1607 ad
1988 1566 2255 1608 versum
2295 1543 2501 1609 huius
2537 1544 2688 1608 libri

472 1644 593 1708 322
626 1642 767 1706 dixi
800 1689 815 1704 .
854 1641 1086 1726 itaque
1125 1642 1260 1705 hoc
1300 1643 1452 1705 loco
1486 1648 1673 1706 recte
1701 1643 2046 1708 Bentleius
2078 1643 2324 1708 Slour
2354 1644 2683 1729 quadripe-

472 1744 617 1806 dum
653 1788 665 1801 .
712 1739 835 1803 sed
864 1741 1279 1825 grammatici
1305 1741 1523 1804 nostri
1552 1746 1794 1825 poetas
1825 1741 2155 1826 quosdam
2183 1727 2683 1825 antiquissimos

469 1841 540 1903 in
569 1838 696 1902 hac
727 1860 800 1902 re
830 1839 1074 1902 ceteris
1105 1838 1505 1902 audaciores
1534 1838 1745 1903 fuisse
1773 1839 2012 1903 volunt
2042 1889 2054 1902 .
2094 1845 2165 1902 et
2191 1859 2427 1903 verum
2459 1847 2569 1902 est
2594 1838 2685 1901 ita

469 1937 671 2021 vulgo
704 1936 997 2020 scriptos
1029 1936 1359 2021 quosdam
1379 1937 1753 2001 versiculos
1781 1936 1944 2001 ferri
1965 1962 1981 2014 ς
2004 1936 2234 2013 Ennii,
2258 1938 2367 2001 Sic
2394 1939 2486 2000 uti
2511 1936 2681 2022 siqua*
2789 1995 2792 2000 .

451 2037 633 2121 ferat
648 2057 754 2098 vas
771 2036 897 2098 vini
917 2036 1330 2113 dimidiatum,
1355 2034 1541 2119 apud
1565 2033 1848 2100 Gellium
1880 2059 1976 2111 111,
1999 2036 2108 2112 143
2139 2035 2376 2100 Lucilii
2402 2081 2419 2109 ‚
2455 2032 2567 2099 Sic
2597 2037 2682 2098 uti

468 2156 604 2197 cum
616 2134 1021 2223 primusficoS
1037 2181 1052 2209 ,
1077 2133 1260 2219 apud
1280 2132 1574 2197 Nonium
1596 2155 1660 2217 p.
1685 2134 1821 2208 154,
1838 2132 1917 2196 27
1942 2182 1957 2208 ,
1982 2140 2051 2197 et
2082 2134 2189 2198 Sic
2218 2136 2306 2197 uti
2339 2144 2394 2197 te
2419 2181 2437 2212 ,
2470 2134 2579 2219 qui
2610 2157 2679 2195 ea

466 2255 623 2318 quae
647 2233 906 2317 speciem
930 2234 1087 2296 vitae
1115 2254 1239 2296 esse
1254 2243 1547 2316 putamus
1565 2280 1583 2311 ,
1614 2253 1678 2315 p.
1705 2232 1839 2306 173,
1858 2230 1938 2294 22
1954 2281 1970 2311 ,
2001 2232 2161 2295 item
2193 2231 2300 2295 Sic
2324 2232 2414 2294 uti
2438 2231 2676 2295 ‘mecha-

465 2331 590 2392 uici
618 2376 635 2408 ,
672 2328 857 2413 apud
888 2329 1161 2393 Festum
1190 2351 1255 2412 p.
1280 2327 1420 2403 206,
1440 2327 1559 2404 273
1597 2330 1894 2393 Lucretii
1923 2329 2104 2393 hunc
2127 2378 2141 2404 ,
2175 2328 2283 2392 Sic
2310 2331 2399 2392 uti
2424 2323 2673 2415 quadri-¹

454 2429 685 2513 pedwm
701 2475 718 2508 ,
747 2435 816 2490 et
834 2427 903 2490 in
928 2450 1024 2502 111,
1041 2426 1163 2492 816
1196 2427 1302 2490 Sic
1329 2428 1419 2489 uti
1444 2450 1821 2490 summarum
1848 2440 2138 2490 summast
2148 2453 2172 2510 ;
2190 2427 2350 2490 item
2374 2427 2444 2489 in
2464 2426 2673 2490 Milite

464 2526 686 2591 Plauti
715 2527 886 2602 111,l,
911 2527 1025 2592 130
1054 2527 1473 2590 trochaicum
1502 2573 1517 2602 ‚
1554 2526 1663 2592 Sic
1700 2530 1792 2591 uti
1828 2529 2019 2591 merci
2032 2529 2300 2612 pre'tium
2339 2527 2579 2605 statuit,
2608 2535 2672 2589 et

462 2626 812 2689 Asinariae
853 2626 1135 2710 primum
1183 2624 1366 2709 apud
1407 2623 1697 2689 Nonium
1739 2648 1801 2710 p.
1819 2624 1959 2701 393,
1982 2624 2063 2690 20
2107 2624 2215 2688 Sic
2255 2624 2344 2686 zeti
2382 2634 2553 2687 ticum
2587 2626 2669 2687 vis

461 2725 711 2785 unicum
747 2733 960 2786 natum
997 2735 1139 2786 tuae
1177 2772 1190 2785 .
1239 2723 1362 2787 sed
1405 2723 1706 2788 mirabile
1752 2729 1857 2787 est
1898 2723 2027 2787 hos
2067 2727 2308 2806 poetas
2349 2722 2421 2784 in
2459 2723 2663 2805 primo

462 2827 723 2884 tantum
766 2819 943 2904 pede
972 2821 1105 2885 hoc
1135 2842 1396 2885 amasse
1433 2869 1450 2897 ,
1494 2843 1633 2885 non
1670 2822 1741 2884 in
1785 2821 2058 2905 quinto:
2104 2829 2171 2884 et
2213 2819 2423 2882 multo
2463 2821 2665 2906 magis

462 2916 763 2981 mirabile
784 2964 800 2991 ,
833 2917 1020 3000 quod
1055 2919 1472 3004 grammatici
1498 2918 1690 2992 vafre
1731 2919 2152 2982 dissimulant
2173 2967 2188 2993 ,
2219 2939 2369 2981 cum
2399 2918 2666 2983 eosdem

346 3014 351 3018 ’
460 3019 703 3099 poetas
741 3020 883 3076 tum
923 3014 1088 3078 alios
1129 3016 1445 3080 breviore
1486 3038 1755 3101 quoque
1795 3016 2014 3080 forma
2050 3016 2289 3080 iisdem
2330 3016 2664 3081 condicio-

458 3114 659 3181 nibus
679 3132 843 3175 usos
868 3133 1016 3176 esse
1051 3162 1064 3176 .
1103 3112 1362 3176 Ennius
1398 3112 1582 3197 apud
1606 3113 1992 3178 Ciceronem
2015 3115 2087 3178 in
2111 3113 2369 3179 Catone
2392 3115 2450 3188 5,
2474 3115 2550 3178 14
2569 3115 2664 3189 aSi-⁹
2727 3176 2734 3177 ff

461 3211 763 3297 cutfortis
798 3234 978 3297 equos
1007 3260 1019 3273 .
1061 3211 1295 3275 Cicero
1318 3212 1466 3298 ipse
1488 3212 1559 3276 in
1581 3214 1845 3277 Arateis
1875 3213 1986 3278 131
2017 3214 2191 3277 »Sicut
2208 3237 2345 3276 cam
2367 3224 2662 3298 coeptant,

457 3308 813 3376 Lucretius
841 3310 910 3372 in
937 3331 999 3384 v,
1017 3309 1133 3373 361
1168 3311 1237 3372 in
1267 3310 1505 3374 eodem
1535 3331 1736 3375 versu
1768 3311 1883 3395 qui
1913 3319 2061 3374 erat
2096 3312 2164 3373 in
2203 3311 2405 3374 tertio
2442 3358 2457 3384 ,
2500 3311 2662 3374 Sicut

344 3468 348 3472 .
455 3428 832 3471 summamm
858 3430 1096 3471 summa
1125 3421 1212 3472 est
1228 3457 1241 3470 .
1273 3409 1596 3473 Manilius
1620 3410 1689 3473 in
1719 3410 1914 3483 11‚483
1945 3409 2120 3473 Siout
2142 3421 2398 3472 natura-s·
2419 3457 2434 3471 .
2467 3407 2660 3483 Silius

453 3505 523 3568 in
552 3526 640 3578 vx,
659 3503 780 3568 553
812 3505 984 3568 Sicut
1007 3510 1372 3592 sauny-uinea.
1401 3509 1472 3570 in
1491 3507 1718 3570 Herus
1747 3506 1835 3570 ad
1857 3506 2238 3570 Leandrum
2268 3505 2671 3590 epistula93·

455 3605 602 3667 dum
626 3604 782 3666 sicut
806 3605 1018 3668 scribis
1046 3629 1320 3670 amemur
1350 3655 1363 3668 .
1392 3606 1709 3669 Lucanus
1736 3606 1808 3668 in
1837 3604 2073 3678 111‚638
2100 3627 2209 3666 nec
2236 3605 2394 3666 sicut
2424 3604 2656 3681 vulnere

451 3701 698 3785 sanquis
737 3750 750 3762 .
782 3699 1066 3766 Plautus
1105 3703 1172 3765 in
1207 3702 1507 3787 Captivis
1538 3725 1597 3776 v,
1624 3703 1674 3776 1,
1697 3701 1771 3765 15
1803 3702 1976 3765 Sicut
2010 3713 2073 3764 tu
2100 3702 2241 3763 huic
2257 3711 2429 3784 potes
2447 3748 2465 3778 ,
2483 3709 2653 3784 pater

408 3829 425 3835 α
451 3799 537 3859 mi
568 3846 593 3859 ‚⁷
617 3797 903 3880 Epidico
935 3823 1004 3874 11,
1019 3798 1075 3876 2,
1095 3801 1174 3863 87
1200 3801 1373 3865 Sicut
1391 3823 1531 3863 cras
1551 3800 1649 3863 hic
1672 3800 1900 3862 aderit.
1923 3797 2380 3862 Bacchidibus
2403 3819 2490 3871 ιν,
2506 3796 2563 3869 4,
2580 3794 2652 3857 67

454 3894 630 3957 Sicut
659 3888 850 3958 dicis}
897 3897 1283 3960 Trinummo
1314 3920 1412 3972 111,
1431 3896 1488 3972 2,
1508 3888 1588 3961 59
1618 3897 1791 3961 Sicut
1829 3897 1961 3959 dixi
1984 3896 2231 3982 faciam
2262 3943 2276 3957 .
2317 3893 2656 3957 Aulularia

452 4015 523 4065 11,
540 3991 600 4064 4,
622 3991 696 4054 15
729 3992 967 4077 Nempe
993 3995 1151 4058 sicu-t
1174 3997 1323 4058 dicis
1365 4043 1377 4056 .
1426 3994 1847 4058 Mostellaria
1875 4016 1971 4067 111,
1990 3992 2046 4067 2,
2066 3993 2145 4055 84
2175 3993 2325 4055 haec
2351 4000 2486 4054 sunt
2506 3991 2657 4052 siout
2682 4050 2688 4059 ,

438 4088 736 4175 praedico
757 4137 769 4149 .
793 4088 862 4151 in
878 4090 1190 4156 Asinaria
1210 4093 1363 4157 libri
1384 4093 1602 4156 nostri
1627 4093 1801 4156 Siczit
1819 4104 1986 4156 tau-m
2004 4093 2093 4154 vis
2121 4140 2133 4152 .
2170 4087 2621 4154 Menaechmis
2636 4124 2656 4159 ,κ

449 4187 515 4249 in
540 4185 825 4272 prologo
850 4188 929 4252 74
949 4236 962 4262 ,
988 4188 1165 4254 Sicut
1173 4192 1466 4276 familiae
1495 4240 1508 4254 .
1546 4191 1935 4254 Trinummo
1963 4213 2031 4265 11,
2049 4190 2107 4264 4,
2133 4188 2247 4251 148
2270 4185 2650 4272 Sicutfortu-

448 4295 764 4347 natorum.
797 4309 894 4360 111,
913 4286 969 4360 3,
987 4286 1272 4350 76·Sv·cuc
1285 4290 1585 4373 praecepi
1622 4338 1632 4350 .
1671 4288 1744 4351 in
1772 4287 1988 4351 Milite
2016 4283 2274 4362 1v‚1‚27
2314 4307 2432 4371 quo
2471 4284 2648 4357 lubet,

449 4383 602 4444 simil
627 4405 832 4445 soror.
